2230 3047
164 833 213 860 10

377 172 854 214 HISTORIARUM
890 169 1085 213 LIBER
1125 171 1473 214 SECUNDUS.
1550 186 1627 222 123

241 251 414 295 coloniae
438 259 448 275 ¹
474 253 670 294 ambusta:
699 252 806 307 quod
835 252 1022 293 damnum
1039 281 1053 302 ,
1076 265 1119 291 ut
1144 251 1330 307 pleraque
1357 252 1456 294 belli
1484 251 1589 293 mala
1614 280 1628 301 ‚

1652 267 1768 282 =

1595 315 1603 322 ·
1654 302 1684 326 A.
1696 303 1725 325 U.
1735 302 1766 326 C.

242 315 460 370 majoribus
482 316 649 358 aliarum
672 316 831 356 urbium
855 314 1034 357 cladibus
1057 313 1327 356 obliteratum.
1359 316 1627 371 Quartadeci-

240 381 374 430 mani,
399 381 606 435 postquam
629 379 799 435 Alpibus
816 379 980 434 degressi
997 378 1087 419 sunt
1100 408 1113 428 ,
1138 377 1441 419 seditiosissimus
1464 379 1628 433 quisque

240 443 349 498 signa
364 445 566 485 Viennam
580 442 780 483 ferebant:
807 443 1004 483 consensu
1020 440 1234 482 meliorum
1251 442 1457 497 compreffi
1472 457 1483 489 3
1510 447 1550 483 ὃ(
1571 441 1629 483 le·

242 507 310 561 gio
335 507 376 546 in
400 506 648 546 Britanniam
672 505 905 546 transvecta.

303 569 502 611 LXVII.
535 570 801 610 Paoxmus
823 567 995 611 Vitellio
1017 583 1039 609 e
1062 567 1253 624 praetoriis
1280 567 1514 609 cohortibus
1542 582 1628 609 me-

240 644 304 673 tus
325 645 427 673 erat:
456 632 622 689 separati
638 633 810 688 primurn
824 661 837 682 ,
863 632 1008 673 deinde
1022 631 1197 682 ‚addito
1220 631 1390 670 honesta:
1408 631 1592 671 missionis
1611 634 1626 652 ²

239 694 491 746 lenimento,
517 710 624 736 arma
649 695 698 735 ad
723 694 906 736 tribunos
930 695 1020 736 suos
1045 693 1298 735 deferebant:
1323 694 1453 734 donec
1475 707 1629 734 motum

242 772 266 797 a
287 758 528 814 Vespasiano
550 757 705 799 bellum
737 757 1027 799 crebresceret:
1052 771 1138 798 tum
1155 787 1167 807 ‚
1195 755 1397 813 resumpta
1418 754 1561 796 militia
1586 761 1595 784 ³
1616 785 1630 805 ‚

241 819 363 861 robur
383 820 664 863 Flavianarum
687 822 858 878 partium
886 821 1009 862 fuere.
1031 822 1163 861 Prima
1184 819 1435 861 classicorum
1458 818 1567 873 legio
1590 820 1631 859 in

242 884 480 941 Hispaniam
501 885 636 935 missa,
664 898 709 925 ut
730 899 830 941 pace
864 888 906 925 &
939 885 1026 925 otio
1059 884 1307 924 mitesceret:
1340 883 1554 923 undecima
1584 896 1631 921 ac

242 947 436 1003 septima,
461 949 539 989 suis
567 947 743 989 hibernis
765 952 783 976 4
817 947 999 988 redditae:
1024 947 1343 988 tertiadecimani
1370 947 1514 986 struere
1549 959 1632 985 am-

241 1012 470 1066 phitheatra
491 1009 597 1064 juffi:
622 1027 714 1052 nam
749 1010 911 1052 Caecina
934 1011 1143 1051 Cremonae
1159 1040 1171 1061 ‚
1208 1008 1364 1052 Valens·
1396 1009 1590 1050 Bononiae
1618 1036 1632 1057 ‚

241 1073 512 1129 speciaculuni
529 1073 799 1130 gladiatorum
814 1074 932 1114 edere
953 1073 1163 1130 parabant:
1189 1088 1407 1127 numquam
1429 1074 1484 1113 ita
1502 1071 1550 1113 ad
1568 1085 1634 1112 cu-

241 1151 302 1177 ras
323 1138 483 1178 intento
504 1137 677 1179 Vitellio
691 1168 703 1188 ‚
730 1151 776 1178 ut
797 1135 1054 1193 voluptatum
1077 1135 1395 1177 oblivisceretur.

302 1200 528 1242 LXVIII.
562 1200 629 1240 ET
647 1195 810 1255 quidem
825 1213 955 1256 partes
970 1200 1145 1240 modeste
1162 1199 1405 1240 distraxerat:
1427 1197 1532 1255 apud
1548 1197 1633 1237 vic-

241 1278 349 1306 tores
371 1277 456 1305 orta
478 1264 648 1314 seditio,
673 1262 832 1304 ludicro
855 1264 997 1314 initio,
1024 1263 1094 1302 nisi
1116 1277 1304 1303 numerus
1321 1263 1509 1303 caesorum
1526 1260 1634 1300 invi-

241 1328 349 1369 diam
371 1326 482 1369 bello
507 1327 685 1368 auxisset.
708 1325 979 1368 Discubuerat
1001 1325 1191 1368 Vitellius
1210 1326 1349 1366 Ticini
1378 1330 1390 1356 5
1409 1355 1422 1375 ,
1450 1323 1631 1365 adhibito

198 1436 202 1441 ,
242 1390 293 1431 ad
316 1389 452 1447 epulas
469 1391 682 1446 Verginio.
705 1390 851 1445 Legati
871 1389 1098 1444 tribunique
1112 1419 1126 1440 ,
1151 1402 1202 1429 ex
1223 1387 1400 1429 moribus
1423 1390 1633 1443 imperato-

157 1467 213 1494 2<2

160 1783 212 1822 25

240 1468 356 1505 rum,
382 1454 636 1495 severitatem
664 1452 923 1504 aemulantur,
947 1451 1014 1494 vel
1041 1452 1285 1508 tempestivis
1313 1452 1511 1493 conviviis
1534 1464 1634 1504 gau-

244 1517 361 1558 dent:
386 1518 551 1574 perinde
578 1516 693 1558 miles
723 1519 924 1567 intentus,
950 1529 1017 1558 aut
1047 1515 1216 1557 licenter
1238 1516 1334 1571 agit.
1358 1514 1480 1570 Apud
1500 1510 1634 1555 Viteh

242 1579 344 1622 lium
364 1582 500 1623 omnia
519 1581 774 1637 indisposita,
799 1577 1048 1630 temulenta,
1073 1578 1295 1635 pervigiliis
1322 1594 1370 1619 ac
1398 1578 1634 1618 Bacchana-

243 1641 347 1685 libus
361 1673 374 1695 ,
397 1643 516 1699 quam
535 1643 753 1700 disciplinae
777 1648 817 1684 ὃς
840 1644 970 1684 castris
994 1644 1192 1699 propiora.
1216 1642 1344 1696 Igitur
1360 1639 1514 1682 duobus
1533 1637 1634 1678 mili-

242 1707 348 1749 tibus
362 1737 375 1757 ,
399 1707 527 1750 altero
548 1707 720 1762 legionis
737 1708 880 1761 quintae
895 1736 906 1756 ,
927 1705 1052 1747 altero
1071 1720 1091 1746 e
1111 1704 1240 1746 Gallis
1259 1702 1539 1753 auxiliaribus,
1562 1715 1632 1758 per

242 1769 448 1812 lasciviam
465 1771 514 1812 ad
531 1784 735 1812 certamen
754 1770 928 1812 luctandi
941 1769 1136 1819 accensis,
1159 1769 1365 1824 postquam
1387 1766 1633 1821 legionarius

245 1834 501 1890 prociderat,
526 1833 742 1875 insultante
768 1832 918 1884 Gallo,
947 1837 986 1873 ὅ(
1010 1834 1055 1872 iis
1070 1862 1082 1882 ‚
1107 1833 1174 1886 qui
1190 1831 1239 1872 ad
1261 1830 1517 1886 speciandum
1539 1843 1633 1870 con-

245 1912 438 1939 venerant
454 1928 466 1949 ,
490 1899 533 1938 in
555 1897 677 1938 studia
699 1897 892 1945 diduCtis3
916 1910 1081 1952 erupere
1105 1893 1317 1949 legionarii
1342 1895 1383 1934 iu
1411 1893 1631 1949 perniciem

243 1960 512 2013 auxiliorum,
539 1977 585 2003 ac
607 1961 690 2002 duae
715 1962 904 2002 cohortes
926 1959 1150 2001 interfeStae.
1173 1958 1417 1998 Remedium
1437 1954 1633 1995 tumultus

242 2024 320 2066 fuit
336 2023 435 2067 alius
450 2024 665 2067 tumultus:
686 2022 817 2081 pulvis
833 2022 1000 2081 procul,
1022 2026 1063 2063 ἃ
1077 2036 1183 2063 arma
1201 2019 1516 2077 aspiciebantur:
1540 2033 1633 2060 con-

288 2157 297 2172 1
320 2153 477 2184 Taunum
502 2156 675 2192 comum]
694 2153 830 2189 Eadem,
854 2162 920 2192 quae
960 2150 1109 2181 auetorati
1128 2173 1137 2186 ‚
1172 2148 1368 2189 Vitellioque
1395 2145 1525 2182 infensi,
1554 2144 1635 2174 m1li-

246 2191 335 2231 supra
355 2193 435 2224 dicia
464 2193 506 2224 est
529 2194 661 2233 Augusta
684 2192 921 2229 Taurinorum,
961 2190 1036 2222 tiam
1065 2200 1120 2229 pro
1147 2188 1329 2228 Vespasiano
1358 2186 1542 2226 resumpsere
1561 2208 1569 2222 ‚
1600 2191 1634 2214 ut

248 2230 347 2261 Tutin.
962 2232 1040 2261 reste
1060 2228 1193 2268 explicat
1217 2228 1364 2259 Pichena.
1518 2264 1524 2269 ι

288 2274 299 2288 ²
323 2272 478 2304 Honcsm,
500 2271 817 2308 MiSS1oms]Gallice
828 2270 922 2310 cong&⁸
998 2275 1013 2293 ⁴
1032 2270 1101 2299 Sols
1123 2269 1304 2305 Hmrnms]
1322 2269 1398 2305 Quae
1416 2274 1502 2310 erant
1519 2261 1635 2293 inDal<

246 2310 431 2342 Formulam
453 2312 586 2342 honestae
612 2311 760 2342 mistionis
789 2310 862 2340 vide
890 2310 923 2339 in
963 2307 1057 2340 matii«
1075 2310 1110 2340 &
1126 2307 1298 2339 Pannonii.
1320 2307 1401 2338 Vide
1420 2306 1493 2336 Hist.
1514 2305 1561 2340 11,
1587 2311 1633 2330 11-

247 2349 344 2381 Notis
368 2352 403 2381 δε
426 2350 710 2382 Emendationibus
743 2350 782 2381 ad
811 2349 924 2380 Annal.
965 2350 999 2380 &
1019 2349 1082 2384 ΠΙ,
1106 2359 1154 2388 50.
1544 2381 1548 2385 .

248 2390 342 2424 lev
368 2400 419 2429 27·
1007 2394 1015 2416 5
1038 2388 1174 2425 Ticnu]
1207 2387 1301 2418 Nunc
1325 2384 1433 2422 Parim
1462 2391 1495 2414 ut
1521 2381 1636 2411 dietum

288 2433 298 2454 ³
323 2429 492 2462 Rrsumm
516 2428 927 2468 »11r1riaJPraetorianiex-
966 2427 1053 2468 supra
1066 2438 1132 2467 cap.
1154 2437 1201 2466 ¹7·
1359 2468 1401 2521 Q
1425 2463 1449 2472 ι.

1426 2481 1449 2517 ¹]

1673 351 1746 379 822.

1679 402 1701 425 J.
1713 401 1745 425 C.

1684 451 1737 485 69.
