2230 3047
358 179 831 222 HISTORIARUM
867 177 1065 219 LIBER
1105 178 1462 221 SECUNDUS.
1565 185 1615 228 83

229 258 396 315 »Atque
419 263 474 302 ita
506 262 662 317 paE’tum
679 290 690 310 ‚
712 274 756 301 ut
786 258 944 301 familiae
968 259 1171 312 utriusque
1207 262 1349 315 posteri
1382 261 1619 302 caerimoniis

229 325 509 381 »praesiderent
528 342 570 364 ».
590 325 724 374 Mox,
754 338 803 364 ne
837 324 992 363 honore
1023 321 1137 363 nullo
1168 325 1323 376 regium
1353 339 1479 378 genus
1506 338 1617 379 pere·
1641 309 1755 384 Ag?

227 389 383 443 grinam
407 389 564 443 stirpem
586 386 872 435 antecelleret,
896 384 978 442 ips&
994 415 1007 435 ,
1036 401 1154 439 quam
1178 385 1424 436 intulerant„
1455 384 1621 427 scientia
1666 408 1688 431 J,
1708 407 1739 430 ρ,

229 451 407 507 hospites
431 451 598 491 ceffere:
624 452 778 490 tantum
801 449 1021 503 Cinyrades
1044 448 1227 489 sacerdos
1252 449 1487 489 consulitur.
1508 450 1617 490 Hos·
1675 456 1728 489 69·

180 528 201 567 5
226 515 291 554 tiae
305 544 318 565 ,
343 528 388 555 ut
409 513 573 568 quisque
594 514 736 559 vovit3
763 512 831 553 sed
853 527 979 553 mares
1011 510 1256 566 deliguntur.
1280 511 1502 552 Certissima
1521 513 1619 553 fides

229 578 434 618 haedorum
458 575 578 617 fibris.
603 577 850 630 Sanguinem
878 591 949 616 arae
972 574 1194 616 obfundere
1213 576 1406 615 vetitum:
1434 576 1621 630 precibus

231 644 272 681 &
291 642 384 695 igne
401 655 503 696 puro
518 638 656 680 altaria
676 636 890 680 adolentur
903 669 915 688 ‚
936 653 1012 679 nec
1031 637 1123 679 ullis
1140 637 1331 678 imbribus
1346 668 1358 688 ,
1380 653 1620 692 quamquam

231 705 272 744 in
293 717 430 759 aperto
450 709 460 725 ¹
475 733 487 755 ,
509 703 757 744 madescunt.
779 700 1048 743 Simulacrum
1066 702 1147 743 deae
1170 717 1251 741 non
1271 701 1406 756 effigie
1426 701 1619 741 humana:

233 768 450 808 continuus
472 765 578 807 orbis
596 765 740 807 latiore
759 767 876 807 initio
896 778 1060 806 tenuem
1082 767 1124 805 in
1146 764 1340 805 ambitum
1356 795 1369 815 ,
1395 777 1508 805 metae
1531 779 1622 805 mo-

155 844 206 870 10
232 829 285 872 do
306 834 321 851 ²
338 859 351 880 ‚
379 830 616 884 exsurgens:
642 834 683 870 &
703 830 806 870 r'atio
828 831 871 869 in
891 828 1063 869 obscuro
1086 833 1113 869 ³.

294 893 372 936 IV.
405 894 564 934 T1TUS
578 923 591 944 ,
612 890 781 949 speciata
797 890 1004 949 opulentia
1021 891 1214 946 donisque
1231 906 1372 946 regum
1393 895 1434 941 4,
1460 905 1623 944 quaeque

232 955 310 998 alia
328 956 461 998 laetum
481 956 783 1011 antiquitatibus
808 961 820 987 5
851 957 1085 997 Graecorum
1109 970 1233 1010 genus
1254 957 1414 996 incertae
1440 956 1625 995 vetustati

233 1021 420 1075 adfingit,
444 1037 466 1057 <t
479 1020 528 1061 de
544 1021 802 1076 navigatione
818 1021 988 1075 primum
1006 1035 1026 1055 »
1038 1018 1255 1059 consuluit.
1271 1019 1480 1071 Postquam
1493 1035 1513 1054 «
1529 1033 1626 1074 pan-

231 1084 303 1125 »di
324 1085 456 1134 viam,
484 1088 525 1124 &
547 1099 655 1125 mare
688 1083 922 1139 prosperum
942 1099 963 1120 »
991 1083 1176 1138 accepit,
1204 1083 1253 1122 de
1286 1082 1324 1122 se
1346 1096 1416 1136 per
1438 1080 1625 1136 ambages

157 1158 204 1198 15
232 1148 479 1203 interrogat,
507 1147 609 1188 caesls
627 1140 902 1202 compluribus
923 1146 1072 1186 hostiis.
1094 1146 1289 1186 Sostratus
1308 1176 1319 1195 ,
1344 1144 1560 1185 sacerdotis
1584 1144 1626 1189 id

233 1225 385 1252 nomen
408 1224 517 1262 erat,
546 1210 616 1251 ubi
639 1209 726 1251 laeta
754 1213 794 1250 &
823 1210 1091 1265 congruentia
1117 1222 1235 1259 exta,
1266 1208 1500 1262 magnisque
1528 1222 1627 1248 con-

232 1273 346 1316 sultis
366 1289 541 1316 annuere
560 1274 677 1315 deam
695 1273 832 1324 videt,
858 1288 985 1329 pauca
1005 1273 1047 1312 in
1069 1272 1234 1327 praesens
1258 1276 1297 1312 ὅς
1319 1270 1436 1311 solita
1457 1271 1625 1327 respon-

234 1338 331 1380 dens
341 1369 353 1389 ‚
375 1339 503 1394 petito
524 1338 679 1379 secreto
693 1367 705 1387 ‚
724 1337 857 1377 futura
874 1339 1013 1393 aperit.
1032 1336 1170 1385 Titus,
1185 1337 1299 1376 aufiio
1316 1336 1451 1375 animo
1465 1365 1477 1384 ,
1500 1334 1548 1375 ad
1564 1350 1627 1390 pa-

230 1414 335 1443 trem
355 1403 562 1459 pervectus
574 1431 588 1453 ,
614 1400 803 1456 suspensis
827 1401 1125 1456 provinciarum
1149 1404 1189 1439 ὃς
1212 1399 1463 1439 exercituum
1486 1399 1627 1438 menti-

152 1472 209 1500 20
234 1464 308 1506 bus
321 1495 335 1516 ,
354 1467 497 1519 ingens
512 1479 645 1505 rerum
659 1463 805 1505 fiducia
822 1463 838 1485 ⁶
855 1463 1026 1505 accessit.
1042 1463 1332 1517 Profligaverat
1351 1466 1364 1488 ⁷
1387 1459 1538 1501 bellum
1560 1461 1627 1504 Ju-

235 1528 685 1585 daicumVespafianus,
704 1529 1008 1584 oppugnatione
1021 1525 1400 1580 Hierosolymorum
1417 1523 1568 1578 reliqua
1586 1522 1599 1544 ⁸
1615 1539 1627 1572 ;

278 1614 286 1629 ¹
312 1611 507 1648 QUAMQUAM
530 1620 560 1639 m
583 1609 736 1645 APERTo]
765 1607 815 1638 Sic
836 1618 913 1647 quo—

262 1660 300 1680 ue
322 1648 439 1679 Plinius
458 1650 486 1678 II
498 1671 507 1684 ,
525 1652 578 1686 96.
593 1647 705 1677 Celebre
717 1647 820 1684 fanum
834 1647 913 1676 habet

237 1659 359 1720 ssenen‘s
375 1687 484 1725 Paphos
498 1712 508 1725 ,
530 1689 557 1717 in
581 1688 659 1726 cujus
678 1684 816 1726 quandam
835 1697 914 1716 aram

238 1738 294 1757 uon
315 1726 431 1764 impluit.
449 1727 592 1758 Eruditus
617 1726 794 1757 Harduinus
814 1726 847 1756 in
870 1727 914 1757 al-

240 1767 306 1799 tera
341 1767 392 1798 suci
427 1767 521 1797 Plinii
552 1766 695 1798 editione
733 1766 914 1797 emendavit

241 1817 336 1837 aream
356 1817 411 1846 pro
427 1817 515 1837 aram.

282 1851 292 1864 ²
316 1847 415 1876 Mzrffi
433 1847 555 1884 mono]
577 1845 783 1876 Simulacrum
813 1847 916 1876 Vene-

241 1885 282 1917 ris
298 1885 418 1925 Paphiae
448 1896 513 1916 non
543 1894 608 1916 erat
639 1884 739 1923 effigie
759 1884 914 1920 humana,

241 1926 293 1956 sed
311 1925 344 1955 in
375 1924 516 1960 conicam,
551 1933 586 1956 ut
614 1925 711 1963 vulgo
742 1924 915 1963 loquuntur

241 1967 419 1997 Geometrae
430 1988 439 2001 ‚
458 1965 592 1996 formam
605 1964 786 2003 exsurgebat
797 1987 805 2000 ,
820 1963 915 1994 latio-

242 2004 378 2036 reinitio
390 2028 399 2042 ‚
408 2012 535 2035 tenuem
546 2004 578 2034 in
588 2003 742 2034 ambitum
758 2002 914 2034 desinens:

243 2045 331 2085 cujus
348 2043 483 2074 formam
504 2044 579 2074 vide
598 2044 631 2074 in
652 2053 782 2074 nummo
809 2051 916 2074 vetere

243 2084 324 2123 apud
345 2083 500 2114 eruditum
516 2082 739 2122 Spanhemium
754 2106 762 2119 ‚
779 2082 810 2111 de
828 2082 917 2122 Praes-

244 2131 317 2153 tant.
333 2121 362 2152 cr
378 2123 431 2162 Ufic
440 2123 604 2162 Numismat.
618 2124 713 2153 Tom.
730 2123 753 2151 Ι.
768 2132 834 2161 pag.
847 2131 915 2162 505.

283 2167 293 2189 ³
317 2163 420 2193 Rmo
445 2174 474 2193 iu
498 2161 843 2200 onscuR0]Originem
859 2165 919 2193 Ve-

245 2201 327 2233 neris
339 2201 459 2240 Paphiae
471 2226 479 2239 ,
495 2203 559 2240 ejus
574 2202 681 2232 forrnae
697 2201 851 2231 rationem
867 2202 917 2231 di-

246 2241 593 2281 ligentinsinquiremus
608 2241 639 2271 in
653 2240 747 2271 Notis
762 2242 916 2271 &Emen-

245 2281 427 2311 dationibus
442 2282 480 2312 ad
494 2281 565 2311 Hist.
580 2281 625 2317 ΙΙ,
642 2291 666 2318 3.
679 2281 820 2319 Remque
835 2280 917 2310 illus-

244 2320 340 2351 trabit
357 2321 476 2360 egregia
498 2321 612 2360 pictura
626 2343 633 2355 ,
659 2329 752 2357 quam
776 2320 919 2358 publica-

990 1612 1005 1631 4
1026 1607 1190 1642 DomsQuss
1214 1607 1349 1643 mcum]
1368 1606 1415 1635 De
1434 1614 1539 1644 regum
1553 1614 1629 1643 gen-

951 1647 1096 1685 tiumque
1111 1646 1266 1681 donariis,
1281 1657 1347 1685 quae
1359 1646 1397 1675 ad
1408 1645 1522 1683 templa
1533 1668 1541 1680 ,
1554 1654 1632 1682 quo-

953 1697 1021 1717 rum
1038 1685 1225 1725 percelebris
1241 1693 1304 1715 erat
1318 1684 1428 1723 religio
1441 1709 1448 1720 ‚
1462 1684 1632 1714 mitteban-

952 1734 1022 1762 tur,
1039 1725 1113 1755 vide
1129 1726 1159 1755 in
1184 1725 1278 1755 Notis
1295 1725 1328 1755 ὃ(
1346 1723 1629 1754 Emendationibus

953 1766 992 1796 ad
1007 1765 1121 1795 Annal.
1138 1766 1198 1802 ΙΙΙ,
1215 1768 1266 1802 63.
1279 1765 1374 1794 Tom.
1388 1765 1410 1792 Ι.
1435 1774 1503 1802 pag.
1517 1766 1587 1799 418.

995 1809 1003 1831 5
1029 1805 1150 1835 Limum
1185 1814 1446 1839 ΑΝτιρυιτΑτιΒυε
1467 1805 1478 1840 ]
1502 1804 1629 1841 Semper

954 1843 999 1874 his
1012 1843 1252 1882 antiquitatibus
1265 1844 1367 1873 laetum
1387 1843 1567 1873 Graecorum
1581 1851 1630 1880 ge·

954 1895 1021 1914 nus.
1032 1884 1107 1913 Inde
1122 1883 1359 1913 manentadhuc
1374 1890 1422 1913 tot
1440 1891 1630 1912 monumen-

954 1932 983 1954 ta
998 1930 1190 1961 receptarum
1205 1923 1286 1961 apud
1306 1922 1377 1952 illos
1403 1921 1609 1960 religionum.

994 1964 1007 1982 ⁶
1030 1963 1148 1993 RERUM
1166 1963 1318 1999 fmucm]
1343 1964 1446 1999 Quam
1467 1972 1505 1991 ex
1521 1961 1634 1991 Sostra-

955 2002 979 2034 ti
1002 2001 1149 2041 responso
1173 2010 1371 2041 conceperat.

995 2047 1008 2067 7
1030 2041 1328 2078 Pnonimvmm]
1347 2041 1380 2070 Id
1400 2039 1439 2070 est
1454 2049 1534 2078 pene
1558 2049 1632 2070 con-

956 2081 1083 2112 fecerat.
1098 2083 1192 2111 Nove
1217 2081 1345 2120 quidem
1370 2080 1505 2116 dicium,
1531 2088 1564 2109 ut
1584 2079 1632 2107 vi-

957 2121 1030 2151 dere
1052 2121 1091 2151 est
1107 2121 1188 2159 apud
1207 2120 1346 2151 Gellium
1368 2122 1425 2150 XV
1438 2142 1446 2155 ,
1469 2128 1496 2158 5.
1512 2118 1632 2149 Eodem

957 2169 1061 2191 tamen
1083 2161 1182 2191 verbo
1202 2161 1263 2198 jam
1286 2160 1352 2190 usus
1375 2167 1439 2189 erat
1460 2158 1608 2197 Augustus
1622 2181 1631 2192 ,

958 2208 991 2230 ut
1007 2207 1091 2239 patet
1103 2210 1140 2230 ex
1151 2207 1359 2230 monumento
1373 2201 1539 2237 Ancyrano
1551 2197 1633 2234 apud

959 2240 1116 2270 cruditum
1133 2239 1274 2269 Chishull
1289 2263 1297 2276 ,
1319 2239 1508 2277 Antiquitas&
1528 2236 1633 2275 filiati-

957 2290 1016 2314 (ιε,
1032 2289 1098 2318 pag.
1124 2289 1191 2316 174.
1211 2280 1386 2309 COEPTA.
1408 2276 1633 2307 PROFLlGA-

957 2320 1108 2356 TAQUE-
1137 2320 1280 2349 OPERA.
1306 2320 1332 2348 A
1359 2318 1501 2348 PATRE.
1533 2316 1632 2344 MEO.

245 2370 319 2390 vere
333 2360 446 2390 eruditi
464 2359 642 2391 Academici
657 2359 918 2394 Hei-calanenses,
959 2359 1139 2389 PERFECI.

245 2397 354 2428 Pinare
378 2399 498 2430 Antiche
525 2398 714 2436 fflfi'rcolano,
742 2399 837 2430 Tom.
864 2400 918 2430 111.

245 2437 326 2470 Tab.
346 2449 396 2479 52.

1000 2397 1011 2417 Β
1035 2399 1180 2432 Rumon
1211 2398 1225 2434 ]
1257 2396 1339 2428 Vide
1374 2394 1634 2433 Supplementum

961 2437 1074 2469 Annal.
1094 2438 1185 2474 XVI,
1201 2440 1252 2469 60.
1358 2478 1394 2519 L
1422 2474 1449 2531 ij
