2209 3047
623 189 707 236 378
803 182 1026 222 NOTAE
1079 179 1163 221 ET
1212 178 1811 224 EMENDATIONES

622 258 784 307 exsurgat
808 257 1013 293 milliarium
1037 269 1180 294 aureum
1195 285 1204 300 ,
1230 256 1378 292 nomine
1402 257 1600 292 Lunovmr
1625 256 1690 292 XV
1715 257 1848 307 infigne
1863 286 1872 302 ‚
1903 261 2002 307 cujus

620 308 853 357 providentia
881 307 1216 357 magnificentiaque
1245 306 1392 348 fadum,
1416 316 1456 341 ut
1485 305 1621 342 viarum
1645 305 1899 352 multitudine,
1928 321 2003 345 am-

621 357 802 406 plitudine
818 386 827 401 ,
857 358 1115 395 commoditate
1137 360 1169 393 &
1192 355 1406 392 umbraculis
1427 354 1612 392 Romanos
1634 356 1834 393 vicerimus.

671 408 745 444 SUB
776 421 894 444 AEm-:rvi
923 407 1095 445 Sin-uam
1124 411 1141 452 ]
1170 406 1224 441 Ita
1247 405 1359 455 vulgi)
1384 405 1457 441 Mff.
1482 406 1697 443 Puteolanus
1719 410 1752 442 &
1778 406 1904 457 reliqui
1928 419 2005 443 om-

625 470 698 494 nes,
718 457 758 492 In
782 457 846 495 Ms.
868 457 955 508 Reg.
980 461 1013 494 ὃς
1040 457 1201 494 editione
1228 455 1392 504 principe
1409 483 1417 499 ,
1436 457 1496 503 fida
1525 458 1597 492 aede.
1624 457 1683 493 Sic
1706 470 1852 507 quoque
1875 457 2006 494 Sueto-

626 507 706 543 nius
729 508 765 542 in
788 507 960 551 Othone,
986 507 1035 543 VI
1053 536 1062 551 ‚
1084 512 1116 541 in
1130 507 1206 553 foro
1220 508 1280 552 Jiaeb
1301 511 1364 541 aede
1393 507 1536 542 Saturni.

679 558 869 594 Tormfim
900 569 1023 594 FERME
1051 562 1067 604 ]
1099 555 1165 592 Ms.
1189 556 1278 605 Reg.
1305 555 1434 591 totidem
1458 569 1530 593 non.
1564 556 1689 593 Editio
1714 556 1905 607 princeps,
1931 559 2008 593 toti-

627 607 747 644 denne.

681 659 876 694 CLAMORE
907 669 957 692 ET
985 658 1170 701 omnus]
1188 655 1348 692 Muretus
1371 655 1502 706 aliique
1530 657 1698 700 mallent,
1718 657 1754 692 &²
1777 657 1928 705 gaudiis,
1950 655 2011 693 vel

629 708 667 743 ἓν
687 709 816 757 gaudio.
840 706 909 743 Sed
932 706 975 742 de
995 705 1113 741 strictis
1131 705 1436 755 crispantibusque
1460 706 1588 756 gladiis
1616 707 1706 744 recte
1730 707 1954 757 intelligitur.

680 806 784 843 CAP.
808 806 943 842 XXIX.
970 806 1229 844 Fonmmmm
1258 819 1460 844 AUGENTES
1486 811 1502 852 ]
1529 808 1584 843 Ita
1617 806 1730 855 vulgo
1765 805 1842 841 ΜΠ.
1873 809 1906 841 &
1930 804 2013 841 libri

630 868 754 893 omnes
776 856 886 900 editi,
911 869 1038 906 praeter
1059 857 1133 894 Jac.
1159 857 1415 901 Gronovhrm,
1444 856 1506 907 qui
1526 870 1545 894 e
1566 856 1632 893 Ms.
1655 857 1752 893 Flor.
1776 855 1890 892 edidit
1905 881 1913 897 ,
1933 857 2013 903 for-

628 909 757 942 midine.

679 955 933 992 PERTENTARI
964 968 1120 992 Amnum
1149 961 1166 1003 ]
1198 956 1254 992 Ita
1281 955 1360 992 ΜΠ.
1388 956 1606 993 Puteolanus
1631 959 1665 992 ὃς
1695 955 1938 992 Recentiores.
1971 955 2017 991 In

632 1006 794 1042 editione
818 1006 1005 1054 principe,
1026 1010 1235 1052 praetenrarz',
1260 1017 1300 1042 ut
1323 1009 1357 1042 &
1381 1005 1529 1043 volebat
1553 1005 1709 1054 Lipsius:
1734 1019 1802 1042 nec
1822 1006 1903 1041 sane
1925 1005 2020 1042 foret

631 1055 834 1092 absurdum.
858 1055 1070 1099 Rhenanus,
1095 1060 1226 1092 tentari.

686 1106 933 1142 RfflPUBLxcAE
960 1117 1061 1141 PATo
1090 1109 1108 1152 ]
1138 1106 1235 1142 Bene
1271 1106 1500 1144 Puteolanus.
1524 1105 1713 1154 Perperam
1746 1106 1784 1141 in
1813 1105 1892 1141 Mss.
1921 1103 2021 1140 Flor.

631 1154 720 1205 Reg.
744 1156 834 1205 Agr.
859 1158 891 1191 ὃς
914 1155 1077 1192 editione
1099 1155 1263 1204 principe
1278 1184 1287 1200 ,
1304 1157 1427 1203 fatum.

687 1206 895 1241 ADvEsssAs
923 1218 990 1241 RES
1020 1218 1216 1242 EXPERTUS
1242 1209 1259 1252 ]
1288 1205 1383 1243 Bene
1415 1204 1576 1254 Ryckius
1597 1218 1617 1242 e
1643 1205 1712 1242 Ms.
1743 1204 1841 1240 Flor.
1870 1203 1913 1239 In
1941 1203 2021 1240 Mff.

633 1254 743 1291 Bodl.
767 1255 833 1292 Jes.
857 1255 1020 1291 omissum
1042 1284 1051 1299 ‚
1083 1270 1142 1292 res.
1170 1255 1345 1292 Additum
1380 1256 1418 1291 in
1442 1256 1509 1291 Ms.
1532 1255 1635 1292 I-larl.
1656 1255 1755 1291 Male
1786 1255 1845 1289 Ms
1871 1253 1959 1303 Reg.
1988 1257 2022 1290 δε

634 1304 749 1341 editio
769 1305 935 1353 princeps
950 1334 958 1348 ‚
985 1308 1150 1354 adversam
1170 1320 1267 1353 remp.
1285 1308 1375 1342 Mox
1393 1305 1527 1342 habent
1539 1333 1549 1349 ,
1561 1307 1727 1352 secundas.
1745 1304 1788 1340 In
1804 1303 1930 1340 mediis
1945 1304 2023 1353 qui-

634 1354 783 1391 busdam
806 1355 1047 1399 editionibus,
1075 1357 1207 1403 adverfiz
1220 1383 1229 1391 .
1242 1383 1249 1390 .
1264 1383 1272 1391 .
1287 1359 1457 1403 ,ficariam

691 1404 782 1441 CUM
813 1417 962 1441 ΜΑΧιΜΕ
994 1418 1136 1441 DISCAM
1162 1409 1179 1451 ]
1200 1405 1350 1453 Optime
1366 1405 1637 1442 Freinshemius.
1656 1405 1700 1441 In
1718 1404 1792 1440 ΜΠ.
1811 1403 1909 1440 Flor.
1927 1403 2022 1452 Reg.

636 1454 725 1503 Agr.
753 1454 867 1490 Corb.
893 1458 925 1490 &
943 1455 1105 1492 editione
1123 1455 1309 1503 principe,
1331 1469 1399 1489 cam
1422 1459 1563 1490 maxime
1583 1456 1698 1491 dicam.
1725 1452 1803 1490 Mss.
1826 1452 2020 1490 B0d1.Jes.

636 1507 669 1540 ὃς
686 1504 925 1549 Puteolanus,
953 1518 1020 1541 tum
1043 1507 1194 1540 maxime.
1215 1505 1431 1548 Rhenanus,
1458 1505 1582 1540 ducam.

690 1603 800 1639 CAP.
827 1603 937 1639 XXX.
966 1603 1073 1639 Sons
1102 1615 1328 1641 GLORIATUR
1356 1608 1374 1650 ]
1399 1603 1472 1640 ΜΠ.
1492 1603 1595 1641 Harl.
1613 1602 1682 1640 Jes.
1693 1603 1784 1650 fhlus
1799 1603 1972 1651 gloriatur.

691 1652 889 1689 Murrum
919 1665 1079 1689 ORNATU
1102 1656 1119 1699 ]
1152 1653 1218 1689 Ms.
1245 1654 1356 1690 Corb.
1380 1654 1526 1689 mulzehri
1552 1667 1670 1689 ammo.

688 1704 946 1739 MERERETUR
973 1707 991 1749 ]
1013 1702 1219 1746 Acidalius,
1241 1703 1404 1741 Ernestus
1428 1702 1577 1739 mallent
1592 1729 1600 1744 ‚
1630 1714 1779 1738 meretur.

691 1752 824 1791 SPEcffi
855 1765 1149 1789 LlEERALlTATls
1175 1757 1193 1799 ]
1219 1753 1295 1790 ΜΠ.
1331 1753 1434 1790 Harl.
1466 1752 1572 1789 Eodl.
1603 1755 1637 1789 &
1666 1752 1845 1789 editiones
1865 1761 2025 1795 vetere3‚

630 1804 779 1851 speciem.
810 1802 854 1838 In
880 1804 945 1839 Ms.
967 1803 1033 1840 Jes.
1046 1804 1115 1850 [ρέ.
1138 1804 1331 1841 Rhenanus
1352 1804 1443 1840 recte
1461 1802 1667 1839 emendavit
1679 1806 1793 1850 specie.

694 1852 868 1889 DONARE
898 1865 1057 1890 NESOEET
1087 1858 1104 1900 ]
1130 1853 1203 1891 Ms.
1229 1855 1317 1905 Reg.
1335 1857 1367 1890 &
1391 1853 1506 1891 editio
1530 1853 1722 1902 princeps,
1756 1853 1872 1888 donare
1897 1852 2027 1899 nescius.

640 1903 753 1949 Quod
775 1902 968 1951 plurimum
990 1902 1120 1952 placet.

689 1952 1007 1989 ComesSArioNEs
1035 1957 1052 1999 ]
1083 1955 1137 1991 lta
1161 1954 1273 2004 vulgo
1298 1952 1375 1990 ΜΠ.
1399 1957 1432 1991 &
1456 1964 1592 1991 veteres
1615 1952 1805 1990 editiones.
1831 1950 1873 1987 In
1900 1963 2028 1987 recen-

639 2001 791 2038 tioribus
806 2031 815 2046 ‚
843 2004 1078 2051 comissationes.
1300 2019 1302 2021 ’

694 2051 807 2088 VAM
837 2066 987 2090 honum
1021 2066 1118 2090 sum*
1148 2058 1166 2100 ]
1200 2053 1252 2089 Ita
1284 2053 1360 2088 Mff.
1386 2053 1489 2089 Harl.
1523 2053 1628 2089 Bodl.
1664 2052 1730 2089 Jes.
1762 2050 1883 2088 Guelf.
1914 2050 2027 2086 Corb.

641 2101 859 2138 Puteolanus
880 2107 909 2140 ὅ(
933 2102 1190 2140 Recentiorum
1217 2103 1374 2152 plurimi.
1398 2103 1476 2139 Mss.
1500 2103 1598 2139 Flor.
1621 2102 1706 2152 Reg.
1726 2101 1819 2137 Bud.
1843 2101 1929 2151 Agr.
1949 2100 2028 2137 edi-

641 2150 695 2186 tio
718 2151 904 2200 princeps,
928 2153 1088 2202 Ryckius
1113 2157 1145 2190 δε
1169 2153 1400 2196 Gronovius,
1423 2168 1524 2188 vacua
1551 2158 1679 2188 nomina
1694 2154 1783 2199 siant.

690 2200 754 2237 An
782 2214 853 2237 Nos
883 2216 1172 2241 senmurum..
1202 2215 1411 2240 EFLLORUM
1439 2215 1492 2240 AD
1525 2215 1593 2239 vos
1620 2207 1637 2248 ]
1662 2202 1715 2237 Ita
1736 2200 1847 2248 vulgo
1864 2199 1940 2237 Mss.
1959 2198 2025 2234 Pur

640 2250 806 2286 teolanus
824 2255 855 2287 ὃ(
877 2251 1108 2290 Recentiores
1134 2267 1277 2297 omnes;
1297 2266 1338 2289 ac
1364 2252 1455 2290 bene
1481 2253 1637 2303 quidem.
1675 2252 1716 2288 In
1743 2250 1905 2288 editione
1928 2249 2027 2297 prin-

639 2299 720 2348 cipe
744 2300 797 2336 bis
819 2302 1007 2350 repetitum
1027 2305 1067 2338 ad
1082 2318 1146 2339 nos.
1162 2303 1227 2338 Ms.
1243 2303 1343 2339 Harl.
1356 2304 1397 2338 ad
1415 2317 1470 2339 vos
1481 2305 1635 2351 Jhelerum
1649 2331 1657 2338 .
1670 2329 1678 2337 .
1691 2331 1698 2339 .
1730 2302 1881 2336 bellorum
1903 2304 1943 2334 ad
1956 2312 2021 2334 nos.

690 2351 815 2436 QU‘JD
846 2364 1128 2390 INNOCEMOEUS
1156 2355 1175 2399 ]
1197 2354 1263 2390 Ml.
1286 2352 1375 2403 Reg.
1400 2355 1434 2390 ὅ(
1454 2353 1568 2392 editio
1588 2351 1778 2402 princeps,
1799 2350 1879 2399 quod
1891 2363 1951 2396 pro
1974 2352 2024 2384 in-

638 2412 759 2437 nocenti
783 2415 829 2439 us.
