2230 3047
185 810 237 839 10

186 1124 234 1163 15

179 1438 237 1467 20

393 149 917 194 HISTORIARUM
956 150 1171 192 LIBER
1211 153 1493 194 PRIMUS.
1593 166 1651 203 37

267 233 337 275 dit,
362 234 452 275 Piso
478 235 519 274 in
544 234 667 275 aedem
685 234 809 275 Vestae
834 237 844 254 ¹
872 231 1038 288 pervasit
1054 259 1066 282 ,
1090 233 1359 286 exceptusque
1381 231 1652 286 misericordia

268 296 421 352 publici
446 297 576 347 servi,
605 302 644 338 ὃς
668 295 934 338 contubernio
962 292 1045 346 ejus
1075 293 1257 344 abditus,
1289 311 1369 335 non
1392 296 1588 350 religione
1620 300 1650 346 ²,

268 374 344 400 nec
366 361 621 408 caerimoniis,
646 360 712 399 sed
727 356 876 399 latebra
895 359 1108 397 imminens
1125 358 1291 396 exitium
1312 359 1536 400 differebat:
1560 362 1650 400 cum

268 422 492 472 advenere,
520 422 633 461 miffu
663 422 841 462 Othonis
857 449 870 470 ,
900 421 1139 460 nominatim
1165 420 1206 458 in
1232 420 1379 460 caedem
1404 419 1486 471 ejus
1510 422 1650 463 arden-

268 497 347 535 tes,
366 483 568 540 Sulpicius
585 483 747 533 Florus,
765 498 786 523 e
806 484 1047 523 Britannicis
1065 482 1323 532 cohortibus,
1342 498 1466 538 nuper
1482 500 1502 525 a
1519 484 1651 526 Galba

268 549 430 589 civitate
459 547 629 588 donatus
655 552 665 575 ³
685 577 698 597 ‚
730 551 770 587 &
794 547 942 586 Statius
965 545 1161 595 Murcus,
1187 544 1437 601 speculator:
1464 562 1484 587 a
1509 548 1650 602 quibus

267 611 486 667 protractus
505 610 596 650 Piso
611 639 625 660 ,
651 611 694 649 in
714 607 865 650 foribus
889 608 1031 664 templi
1052 607 1285 649 trucidatur.

331 673 496 715 XLIV.
530 675 745 713 NULLAM
772 672 920 713 caedem
939 677 957 700 4
978 672 1094 712 Otho
1114 670 1263 722 majore
1280 667 1414 711 laetitifi
1434 675 1652 728 excepiffe,

269 735 425 776 nullum
443 748 563 791 caput
582 749 662 776 tam
680 734 966 775 insatiabilibus
990 734 1118 775 oculis
1141 734 1382 790 perlustrasse
1399 734 1564 775 dicitur:
1587 738 1652 776 seu

266 810 352 839 tum
382 799 554 855 primum
577 798 710 840 levata
733 799 843 838 omni
876 797 1149 838 sollicitudine
1171 812 1310 849 mens,
1338 812 1480 839 vacare
1505 800 1652 853 gaudio

268 875 468 918 coeperat:
500 861 567 902 seu
588 861 817 904 recordatio
839 859 1048 913 majestatis
1072 862 1112 901 in
1137 859 1266 901 Galba
1282 890 1295 911 ‚
1328 862 1510 901 amicitiae
1534 863 1574 900 in
1603 862 1653 903 T.

266 926 418 975 Vinio,
446 926 624 979 quamvis
650 926 845 965 immitem
873 924 1049 965 animum
1080 924 1253 978 imagine
1280 925 1377 963 tristi
1402 924 1651 965 confuderat.

266 987 448 1038 Pisonis,
475 1000 519 1028 ut
539 989 694 1029 inimici
716 991 756 1028 ὃς
782 986 939 1036 aemuli,
967 986 1072 1028 caede
1099 985 1246 1037 laetari,
1272 985 1333 1038 jus
1358 987 1492 1041 fasque
1520 989 1653 1028 crede-

264 1049 345 1091 bat.
371 1051 531 1091 Praefixa
547 1052 676 1092 contis
695 1052 825 1106 capita
841 1049 1092 1104 gestabantur
1105 1079 1117 1099 ‚
1141 1051 1245 1090 inter
1265 1050 1372 1104 signa
1392 1052 1622 1091 cohortium
1639 1081 1653 1101 ‚

266 1111 377 1166 juxta
399 1112 587 1167 Aquilam
608 1113 780 1168 legionis
794 1144 807 1164 ,
836 1114 1018 1154 certatim
1039 1112 1325 1154 ostentantibus
1356 1127 1537 1155 cruentas
1565 1130 1653 1155 ma-

268 1191 368 1227 nus,
395 1178 463 1230 qui
489 1176 747 1226 occiderant,
775 1178 841 1230 qui
867 1177 1154 1226 interfuerant,
1181 1177 1248 1230 qui
1270 1176 1391 1226 vere,
1421 1178 1487 1230 qui
1513 1177 1614 1218 falso
1637 1207 1652 1228 ‚

266 1253 312 1280 ut
333 1238 545 1295 pulchrum
570 1243 610 1280 ὃς
637 1238 899 1280 memorabile
921 1239 1102 1290 facinus,
1131 1237 1339 1291 jactabant.
1366 1238 1502 1280 Plures
1533 1240 1653 1294 quam

267 1316 433 1345 centum
459 1306 498 1343 &
518 1304 665 1357 viginti
684 1301 844 1343 libellos
869 1303 1025 1358 praemia
1047 1302 1350 1358 exposcentium
1365 1331 1378 1352 ,
1403 1301 1454 1342 ob
1479 1301 1653 1356 aliquam

265 1365 487 1407 notabilem
510 1364 579 1405 illa
602 1366 666 1407 die
693 1380 854 1422 operam
871 1394 884 1416 ‚
910 1364 1100 1408 Vitellius
1126 1366 1258 1421 postea
1288 1366 1463 1406 invenit:
1492 1367 1653 1407 omnes-

268 1444 344 1484 que
369 1429 553 1483 conquiri
582 1433 622 1470 &
653 1429 824 1470 interfici
847 1426 974 1480 jussir5
1002 1443 1085 1469 non
1108 1430 1264 1469 honore
1294 1427 1431 1469 Galbae
1446 1458 1459 1478 ‚
1484 1428 1551 1468 sed
1575 1442 1653 1470 tra-

268 1493 355 1533 dito
376 1490 629 1548 Principibus
650 1507 789 1544 more,
816 1493 1111 1532 munimentum
1134 1491 1182 1532 ad
1203 1491 1368 1548 praesens
1390 1495 1402 1522 5
1421 1520 1433 1541 ,
1460 1492 1500 1530 in
1522 1493 1651 1546 poste-

265 1570 355 1597 rum
378 1554 590 1596 ultionem.

332 1619 476 1661 XLV.
510 1619 675 1658 AL1UM
703 1619 882 1660 crederes
906 1619 1114 1669 senatum,
1145 1617 1266 1659 alium
1291 1616 1509 1674 populum:
1537 1632 1651 1659 ruere

269 1683 402 1723 cunffi
428 1683 470 1723 in
496 1683 617 1723 castra
631 1711 644 1733 ,
674 1683 823 1723 anteire
844 1684 1075 1738 proximos,
1104 1696 1254 1723 certare
1287 1695 1379 1722 cum
1412 1695 1651 1737 praecurren-

310 1814 318 1828 ¹
342 1810 376 1839 In
399 1821 492 1840 AEDEM
514 1813 624 1841 VEsrAE
644 1811 658 1846 ]
686 1810 762 1845 Quae
791 1816 855 1838 erat
881 1807 939 1837 aedi
980 1809 1027 1838 De
1051 1809 1117 1846 jure
1143 1808 1279 1840 civitatis
1302 1809 1449 1839 Romana:
1480 1807 1594 1838 dietum
1617 1808 1651 1839 in

269 1849 310 1879 D.
333 1848 408 1879 Julii
434 1849 600 1887 proxima,
632 1849 664 1879 in
695 1848 780 1878 clivo
809 1847 940 1878 Palatini
981 1849 1075 1878 Notis
1105 1850 1139 1880 ὃς
1161 1848 1443 1879 Emendationibus
1474 1848 1512 1878 ad
1538 1849 1650 1878 Annal.

269 1887 410 1925 montis,
432 1888 466 1920 &
490 1899 586 1928 prope
609 1887 716 1918 Palatii
738 1895 859 1924 portam
873 1908 881 1921 ‚
907 1894 941 1916 ut
981 1888 1044 1924 xl,
1065 1898 1115 1924 23.

270 1926 388 1958 dietum
410 1928 450 1959 est
471 1927 559 1968 supra
573 1928 686 1958 Annal.
710 1927 848 1964 XV,41.
871 1934 939 1956 not.
1018 1931 1033 1950 ⁴
1055 1927 1194 1958 ΝυιιΑΜ
1222 1938 1336 1958 effluam
1362 1927 1376 1963 ]
1418 1926 1522 1958 Allato
1555 1927 1650 1958 etiam

269 1977 302 1997 2.
981 1966 1086 1996 Galbae
1098 1966 1198 2004 capite
1210 1989 1219 2001 ‚
1232 1966 1495 2002 vociferatusfhrrur
1506 1979 1514 1994 .-
1534 1966 1593 1995 Hoc
1604 1967 1651 1995 ni-

310 2010 323 2024 ²
345 2006 420 2037 Nou
442 2016 614 2037 mancione
627 2005 642 2042 ]
656 2005 732 2035 Non
748 2004 841 2035 Vestae
858 2014 941 2035 aram
980 2005 1017 2034 hil
1031 2005 1084 2044 est,
1106 2005 1335 2040 Commilitones;
1356 2004 1464 2044 Pifimis
1479 2005 1543 2034 mihi
1570 2015 1651 2042 caput

270 2045 430 2084 amplexus
441 2068 450 2081 ‚
466 2056 531 2076 non
549 2044 612 2076 loci
634 2043 865 2083 vestaliumque
886 2054 942 2074 cae-
979 2044 1288 2083 olletzdite.'Amr.poe7e7u
1301 2045 1404 2080 λέγεις-ιν
1417 2066 1426 2080 ,
1437 2044 1515 2074 Οὐδὲν
1528 2048 1561 2076 ἔςι
1576 2049 1649 2080 τέτο,

271 2084 422 2115 rimonias
442 2085 617 2120 invocans,
645 2083 716 2118 sed,
739 2085 826 2122 qUOd
847 2083 941 2113 tutius
980 2083 1000 2114 ὦ
1018 2086 1193 2123 συζραιῖιῶτιᾳ·
1206 2086 1247 2116 τὴν
1269 2085 1388 2116 Helvam}
1403 2097 1448 2122 μοι
1466 2086 1577 2121 κεφαλὴν
1593 2085 1648 2114 δεί-

272 2124 396 2154 rebatur
411 2147 420 2161 ,
448 2123 660 2154 contubernio
694 2122 772 2152 servi
801 2122 941 2161 publici,
980 2124 1044 2157 ξαἾε.
1070 2123 1222 2154 Plutarch.
1243 2123 1274 2153 in
1295 2123 1410 2160 Galba,
1432 2134 1498 2163 pag.
1526 2128 1611 2153 1062.

272 2162 327 2201 qui
344 2163 440 2193 aedem
460 2163 544 2193 illam
562 2169 702 2198 curaret,
724 2161 866 2192 abditus,
887 2162 941 2192 hac
1022 2169 1030 2190 5
1056 2164 1278 2192 ΜυΝιΜεΝτυΜ
1306 2174 1347 2192 AD
1371 2165 1532 2200 rna-snus]
1561 2164 1649 2193 More

273 2201 331 2231 vili
346 2202 463 2233 latebra
486 2202 652 2233 imminens
670 2200 802 2231 exitium
823 2201 942 2232 differe·
981 2201 1174 2240 Principibus
1190 2202 1305 2232 tradito
1326 2202 1481 2232 ultionem
1506 2202 1537 2231 in
1554 2203 1651 2240 poste-

272 2241 336 2272 bat.
980 2251 1046 2271 rum
1059 2264 1068 2279 ,
1087 2242 1120 2272 &
1138 2241 1203 2280 post
1229 2249 1365 2272 mortem
1381 2242 1475 2272 etiam
1501 2241 1649 2279 Principis

314 2285 324 2306 3
349 2281 512 2312 errnrz
535 2291 678 2311 nonnus
698 2282 712 2318 ]
739 2281 822 2310 Duas
845 2289 942 2310 aeneas
980 2280 1182 2320 exigendam,
1197 2280 1384 2324 praecipuum
1400 2281 1457 2311 effe
1468 2281 1507 2310 ad
1524 2281 1647 2317 praesen-

273 2319 392 2350 tabulas
412 2319 543 2351 honestae
558 2319 705 2350 missionis
725 2320 758 2350 &
776 2319 912 2350 civitatis
927 2330 944 2350 a
980 2327 1043 2351 tem
1071 2328 1226 2359 regnantis
1252 2320 1444 2350 securitatem
1472 2319 1649 2349 munimen-

274 2358 375 2389 Galba
395 2359 477 2390 datas
497 2359 621 2390 laudavi
637 2359 723 2398 supra
743 2359 775 2389 in
796 2359 890 2389 Notis
910 2359 943 2390 ὃ(
980 2366 1056 2389 tum.
1077 2362 1142 2390 Jarn
1159 2362 1230 2390 ante
1245 2359 1364 2389 dixerat
1381 2370 1446 2397 cap.
1463 2370 1513 2397 40.
1530 2358 1650 2396 Scelus,

275 2397 556 2431 Emendationibus
575 2399 614 2430 ad
638 2398 751 2430 Annal.
779 2400 866 2437 xlv,
893 2409 943 2438 27.
981 2400 1057 2438 cujus
1081 2400 1150 2429 ultor
1166 2398 1200 2438 est
1221 2399 1336 2439 quissluis
1347 2398 1480 2438 sut-<affin

1676 251 1790 265 m

1677 284 1791 308 A.L'.C.

1700 328 1771 356 822.

1694 378 1715 401 J.
1742 379 1774 402 Ο,

1704 425 1756 459 69.
