<?xml version="1.0" encoding="UTF-8"?>
<!DOCTYPE html PUBLIC "-//W3C//DTD XHTML 1.0 Transitional//EN"
    "http://www.w3.org/TR/xhtml1/DTD/xhtml1-transitional.dtd">
<html xmlns="http://www.w3.org/1999/xhtml" xml:lang="en" lang="en">
 <head>
  <title>
</title>
<meta http-equiv="Content-Type" content="text/html;charset=utf-8" />
  <meta name='ocr-system' content='tesseract 3.04.00' />
  <meta name='ocr-capabilities' content='ocr_page ocr_carea ocr_par ocr_line ocrx_word'/>
</head>
<body>
  <div class='ocr_page' id='page_1' title='image "./operabro03taciuoft_0380.png"; bbox 0 0 2209 3047; ppageno 0'>
   <div class='ocr_carea' id='block_1_1' title="bbox 618 169 1744 233">
    <p class='ocr_par' dir='ltr' id='par_1_1' title="bbox 618 169 1744 233">
     <span class='ocr_line' id='line_1_1' title="bbox 618 169 1744 233; baseline -0.006 -13"><span class='ocrx_word' id='word_1_1' title='bbox 618 184 707 233; x_wconf 75' lang='lat'>366</span> <span class='ocrx_word' id='word_1_2' title='bbox 857 174 1057 216; x_wconf 87' lang='lat' dir='ltr'><strong>NOTAE</strong></span> <span class='ocrx_word' id='word_1_3' title='bbox 1096 171 1176 212; x_wconf 94' lang='lat' dir='ltr'>ET</span> <span class='ocrx_word' id='word_1_4' title='bbox 1214 169 1744 213; x_wconf 89' lang='lat' dir='ltr'><strong>EMENDATIONES</strong></span> 
     </span>
    </p>
   </div>
   <div class='ocr_carea' id='block_1_2' title="bbox 613 246 1996 748">
    <p class='ocr_par' dir='ltr' id='par_1_2' title="bbox 613 246 1994 604">
     <span class='ocr_line' id='line_1_2' title="bbox 614 246 1990 296; baseline -0.003 -4"><span class='ocrx_word' id='word_1_5' title='bbox 614 253 804 292; x_wconf 85' lang='lat' dir='ltr'>Scribonia</span> <span class='ocrx_word' id='word_1_6' title='bbox 833 262 950 288; x_wconf 85' lang='lat' dir='ltr'>autem</span> <span class='ocrx_word' id='word_1_7' title='bbox 965 278 974 292; x_wconf 89' lang='lat'>,</span> <span class='ocrx_word' id='word_1_8' title='bbox 992 260 1101 286; x_wconf 88' lang='lat' dir='ltr'>mater</span> <span class='ocrx_word' id='word_1_9' title='bbox 1115 249 1253 285; x_wconf 85' lang='lat' dir='ltr'>Pisonis</span> <span class='ocrx_word' id='word_1_10' title='bbox 1267 276 1276 291; x_wconf 88' lang='lat'>‚</span> <span class='ocrx_word' id='word_1_11' title='bbox 1304 246 1422 282; x_wconf 88' lang='lat' dir='ltr'>adhuc</span> <span class='ocrx_word' id='word_1_12' title='bbox 1447 247 1633 283; x_wconf 82' lang='lat' dir='ltr'>nobilior:</span> <span class='ocrx_word' id='word_1_13' title='bbox 1657 258 1799 295; x_wconf 84' lang='lat' dir='ltr'>poterat</span> <span class='ocrx_word' id='word_1_14' title='bbox 1821 253 1934 296; x_wconf 78' lang='lat' dir='ltr'>enlm,</span> <span class='ocrx_word' id='word_1_15' title='bbox 1949 262 1990 290; x_wconf 81' lang='lat' dir='ltr'>ut</span> 
     </span>
     <span class='ocr_line' id='line_1_3' title="bbox 616 296 1989 348; baseline -0.005 -7"><span class='ocrx_word' id='word_1_16' title='bbox 616 305 710 341; x_wconf 88' lang='lat' dir='ltr'>Libo</span> <span class='ocrx_word' id='word_1_17' title='bbox 727 302 860 340; x_wconf 78' lang='lat' dir='ltr'>Drusus</span> <span class='ocrx_word' id='word_1_18' title='bbox 873 329 882 344; x_wconf 94' lang='lat'>‚</span> <span class='ocrx_word' id='word_1_19' title='bbox 913 314 933 337; x_wconf 89' lang='lat' dir='ltr'>e</span> <span class='ocrx_word' id='word_1_20' title='bbox 956 300 1090 336; x_wconf 68' lang='lat' dir='ltr'>familia</span> <span class='ocrx_word' id='word_1_21' title='bbox 1102 298 1373 336; x_wconf 84' lang='lat' dir='ltr'>Scriboniorum</span> <span class='ocrx_word' id='word_1_22' title='bbox 1387 324 1396 339; x_wconf 86' lang='lat'>‚</span> <span class='ocrx_word' id='word_1_23' title='bbox 1415 296 1459 333; x_wconf 89' lang='lat' dir='ltr'>de</span> <span class='ocrx_word' id='word_1_24' title='bbox 1476 310 1548 345; x_wconf 89' lang='lat' dir='ltr'>quo</span> <span class='ocrx_word' id='word_1_25' title='bbox 1571 297 1675 346; x_wconf 71' lang='lat' dir='ltr'>supra</span> <span class='ocrx_word' id='word_1_26' title='bbox 1687 298 1817 334; x_wconf 88' lang='lat' dir='ltr'>Annal.</span> <span class='ocrx_word' id='word_1_27' title='bbox 1835 299 1872 335; x_wconf 94' lang='lat' dir='ltr'>II</span> <span class='ocrx_word' id='word_1_28' title='bbox 1886 328 1895 344; x_wconf 88' lang='lat'>‚</span> <span class='ocrx_word' id='word_1_29' title='bbox 1913 314 1962 347; x_wconf 87' lang='lat'>27</span> <span class='ocrx_word' id='word_1_30' title='bbox 1977 329 1989 348; x_wconf 75' lang='lat'>,</span> 
     </span>
     <span class='ocr_line' id='line_1_4' title="bbox 613 347 1989 402; baseline -0.003 -11"><span class='ocrx_word' id='word_1_31' title='bbox 613 367 772 402; x_wconf 79' lang='lat' dir='ltr'>proavum</span> <span class='ocrx_word' id='word_1_32' title='bbox 799 353 1004 398; x_wconf 82' lang='lat' dir='ltr'>Pompeium,</span> <span class='ocrx_word' id='word_1_33' title='bbox 1027 353 1161 386; x_wconf 85' lang='lat' dir='ltr'>amitam</span> <span class='ocrx_word' id='word_1_34' title='bbox 1183 350 1403 390; x_wconf 76' lang='lat' dir='ltr'>Scriboniam,</span> <span class='ocrx_word' id='word_1_35' title='bbox 1431 347 1570 394; x_wconf 80' lang='lat' dir='ltr'>Augusti</span> <span class='ocrx_word' id='word_1_36' title='bbox 1592 351 1755 396; x_wconf 84' lang='lat' dir='ltr'>conjugem</span> <span class='ocrx_word' id='word_1_37' title='bbox 1769 379 1776 390; x_wconf 95' lang='lat'>,</span> <span class='ocrx_word' id='word_1_38' title='bbox 1797 350 1989 396; x_wconf 85' lang='lat' dir='ltr'>consobrinos</span> 
     </span>
     <span class='ocr_line' id='line_1_5' title="bbox 618 396 1991 452; baseline -0.003 -12"><span class='ocrx_word' id='word_1_39' title='bbox 618 406 754 452; x_wconf 81' lang='lat' dir='ltr'>Caesares</span> <span class='ocrx_word' id='word_1_40' title='bbox 766 431 775 446; x_wconf 85' lang='lat'>‚</span> <span class='ocrx_word' id='word_1_41' title='bbox 794 403 966 449; x_wconf 84' lang='lat' dir='ltr'>&amp;plenam</span> <span class='ocrx_word' id='word_1_42' title='bbox 980 402 1171 448; x_wconf 81' lang='lat' dir='ltr'><em>imaginibus</em></span> <span class='ocrx_word' id='word_1_43' title='bbox 1186 399 1311 434; x_wconf 84' lang='lat' dir='ltr'>domum</span> <span class='ocrx_word' id='word_1_44' title='bbox 1331 396 1496 444; x_wconf 77' lang='lat' dir='ltr'>ostentare.</span> <span class='ocrx_word' id='word_1_45' title='bbox 1509 398 1602 444; x_wconf 79' lang='lat' dir='ltr'>Quae</span> <span class='ocrx_word' id='word_1_46' title='bbox 1626 408 1744 434; x_wconf 87' lang='lat' dir='ltr'>autem</span> <span class='ocrx_word' id='word_1_47' title='bbox 1756 397 1966 437; x_wconf 82' lang='lat' dir='ltr'>Plutarchus</span> <span class='ocrx_word' id='word_1_48' title='bbox 1978 430 1991 447; x_wconf 86' lang='lat'>,</span> 
     </span>
     <span class='ocr_line' id='line_1_6' title="bbox 617 447 1992 500; baseline -0.003 -10"><span class='ocrx_word' id='word_1_49' title='bbox 617 454 656 490; x_wconf 89' lang='lat' dir='ltr'>in</span> <span class='ocrx_word' id='word_1_50' title='bbox 684 452 826 494; x_wconf 73' lang='lat' dir='ltr'>Galba,</span> <span class='ocrx_word' id='word_1_51' title='bbox 853 464 933 500; x_wconf 85' lang='lat' dir='ltr'>pag.</span> <span class='ocrx_word' id='word_1_52' title='bbox 956 452 1024 498; x_wconf 82' lang='lat'>163</span> <span class='ocrx_word' id='word_1_53' title='bbox 1040 477 1049 492; x_wconf 93' lang='lat'>,</span> <span class='ocrx_word' id='word_1_54' title='bbox 1073 450 1182 485; x_wconf 86' lang='lat' dir='ltr'>habet</span> <span class='ocrx_word' id='word_1_55' title='bbox 1207 447 1251 484; x_wconf 91' lang='lat' dir='ltr'>de</span> <span class='ocrx_word' id='word_1_56' title='bbox 1280 447 1417 483; x_wconf 75' lang='lat' dir='ltr'>Pisonis</span> <span class='ocrx_word' id='word_1_57' title='bbox 1438 447 1668 495; x_wconf 83' lang='lat' dir='ltr'>parentibus,</span> <span class='ocrx_word' id='word_1_58' title='bbox 1700 459 1870 497; x_wconf 88' lang='lat' dir='ltr'>corrupta</span> <span class='ocrx_word' id='word_1_59' title='bbox 1887 450 1992 494; x_wconf 87' lang='lat' dir='ltr'>sunt,</span> 
     </span>
     <span class='ocr_line' id='line_1_7' title="bbox 618 498 1994 550; baseline -0.004 -10"><span class='ocrx_word' id='word_1_60' title='bbox 618 515 658 541; x_wconf 87' lang='lat' dir='ltr'>ut</span> <span class='ocrx_word' id='word_1_61' title='bbox 672 503 742 539; x_wconf 85' lang='lat' dir='ltr'>alia</span> <span class='ocrx_word' id='word_1_62' title='bbox 758 501 871 538; x_wconf 88' lang='lat' dir='ltr'>multa</span> <span class='ocrx_word' id='word_1_63' title='bbox 884 501 921 537; x_wconf 92' lang='lat' dir='ltr'>in</span> <span class='ocrx_word' id='word_1_64' title='bbox 939 502 1008 536; x_wconf 90' lang='lat' dir='ltr'>hac</span> <span class='ocrx_word' id='word_1_65' title='bbox 1020 499 1145 536; x_wconf 70' lang='lat' dir='ltr'>Galbae</span> <span class='ocrx_word' id='word_1_66' title='bbox 1165 499 1250 534; x_wconf 73' lang='lat' dir='ltr'>vita.</span> <span class='ocrx_word' id='word_1_67' title='bbox 1267 502 1396 533; x_wconf 65' lang='grc' dir='ltr'>Πείσωνα</span> <span class='ocrx_word' id='word_1_68' title='bbox 1424 498 1537 545; x_wconf 55' lang='grc' dir='ltr'>Κράσσε</span> <span class='ocrx_word' id='word_1_69' title='bbox 1553 499 1600 547; x_wconf 58' lang='lat'>249),</span> <span class='ocrx_word' id='word_1_70' title='bbox 1618 502 1775 547; x_wconf 73' lang='grc' dir='ltr'><em>κρητίωνος</em></span> <span class='ocrx_word' id='word_1_71' title='bbox 1798 527 1808 540; x_wconf 91' lang='grc'>,</span> <span class='ocrx_word' id='word_1_72' title='bbox 1828 500 1994 550; x_wconf 81' lang='lat' dir='ltr'>(corrige</span> 
     </span>
     <span class='ocr_line' id='line_1_8' title="bbox 618 548 1747 604; baseline -0.008 -13"><span class='ocrx_word' id='word_1_73' title='bbox 618 556 838 604; x_wconf 68' lang='grc' dir='ltr'>Σκριζωνίας,)</span> <span class='ocrx_word' id='word_1_74' title='bbox 858 556 994 596; x_wconf 62' lang='grc' dir='ltr'>ἔκγονον,</span> <span class='ocrx_word' id='word_1_75' title='bbox 1019 551 1051 589; x_wconf 61' lang='grc' dir='ltr'>ἒς</span> <span class='ocrx_word' id='word_1_76' title='bbox 1078 555 1226 587; x_wconf 66' lang='grc' dir='ltr'>Κλαύδιος</span> <span class='ocrx_word' id='word_1_77' title='bbox 1252 551 1396 597; x_wconf 80' lang='grc' dir='ltr'>(Νέρων,</span> <span class='ocrx_word' id='word_1_78' title='bbox 1416 548 1581 596; x_wconf 75' lang='lat' dir='ltr'>corrige)</span> <span class='ocrx_word' id='word_1_79' title='bbox 1605 552 1747 597; x_wconf 68' lang='grc' dir='ltr'><em>οἱνῃρῆκει.</em></span> 
     </span>
    </p>

    <p class='ocr_par' dir='ltr' id='par_1_3' title="bbox 615 597 1996 748">
     <span class='ocr_line' id='line_1_9' title="bbox 671 597 1994 650; baseline -0.002 -11"><span class='ocrx_word' id='word_1_80' title='bbox 671 606 764 650; x_wconf 77' lang='lat' dir='ltr'>Quo</span> <span class='ocrx_word' id='word_1_81' title='bbox 794 613 1021 639; x_wconf 81' lang='lat' dir='ltr'><strong>SUSPECTIOR</strong></span> <span class='ocrx_word' id='word_1_82' title='bbox 1049 604 1066 646; x_wconf 97' lang='lat'>]</span> <span class='ocrx_word' id='word_1_83' title='bbox 1096 600 1152 634; x_wconf 90' lang='lat' dir='ltr'>Ita</span> <span class='ocrx_word' id='word_1_84' title='bbox 1182 598 1418 641; x_wconf 86' lang='lat' dir='ltr'>Puteolanus,</span> <span class='ocrx_word' id='word_1_85' title='bbox 1444 610 1485 633; x_wconf 85' lang='lat' dir='ltr'>ac</span> <span class='ocrx_word' id='word_1_86' title='bbox 1520 597 1651 634; x_wconf 85' lang='lat' dir='ltr'>deinde</span> <span class='ocrx_word' id='word_1_87' title='bbox 1667 626 1676 641; x_wconf 95' lang='lat'>‚</span> <span class='ocrx_word' id='word_1_88' title='bbox 1707 599 1814 634; x_wconf 90' lang='lat' dir='ltr'>ceteri</span> <span class='ocrx_word' id='word_1_89' title='bbox 1830 626 1840 642; x_wconf 88' lang='lat'>,</span> <span class='ocrx_word' id='word_1_90' title='bbox 1866 610 1994 648; x_wconf 79' lang='lat' dir='ltr'>praetet</span> 
     </span>
     <span class='ocr_line' id='line_1_10' title="bbox 616 647 1994 702; baseline -0.004 -12"><span class='ocrx_word' id='word_1_91' title='bbox 616 652 820 702; x_wconf 66' lang='lat' dir='ltr'>Ryckfflm,</span> <span class='ocrx_word' id='word_1_92' title='bbox 847 652 909 701; x_wconf 85' lang='lat' dir='ltr'>qui</span> <span class='ocrx_word' id='word_1_93' title='bbox 931 664 949 686; x_wconf 91' lang='lat' dir='ltr'>e</span> <span class='ocrx_word' id='word_1_94' title='bbox 975 650 1040 685; x_wconf 85' lang='lat' dir='ltr'>Ms.</span> <span class='ocrx_word' id='word_1_95' title='bbox 1078 650 1166 698; x_wconf 84' lang='lat' dir='ltr'>Agr.</span> <span class='ocrx_word' id='word_1_96' title='bbox 1188 651 1222 684; x_wconf 71' lang='grc' dir='ltr'>ὃς</span> <span class='ocrx_word' id='word_1_97' title='bbox 1247 647 1410 683; x_wconf 83' lang='lat' dir='ltr'>editione</span> <span class='ocrx_word' id='word_1_98' title='bbox 1439 647 1623 695; x_wconf 83' lang='lat' dir='ltr'>principe,</span> <span class='ocrx_word' id='word_1_99' title='bbox 1653 648 1882 692; x_wconf 81' lang='lat' dir='ltr'>emendavit,</span> <span class='ocrx_word' id='word_1_100' title='bbox 1914 664 1994 698; x_wconf 82' lang='lat' dir='ltr'>quae.</span> 
     </span>
     <span class='ocr_line' id='line_1_11' title="bbox 615 696 1996 748; baseline -0.004 -8"><span class='ocrx_word' id='word_1_101' title='bbox 615 704 675 740; x_wconf 89' lang='lat' dir='ltr'>Sic</span> <span class='ocrx_word' id='word_1_102' title='bbox 696 702 802 740; x_wconf 87' lang='lat' dir='ltr'>etiam</span> <span class='ocrx_word' id='word_1_103' title='bbox 818 701 951 737; x_wconf 88' lang='lat' dir='ltr'>habent</span> <span class='ocrx_word' id='word_1_104' title='bbox 968 699 1045 735; x_wconf 83' lang='lat' dir='ltr'>Mff.</span> <span class='ocrx_word' id='word_1_105' title='bbox 1072 697 1159 748; x_wconf 87' lang='lat' dir='ltr'>Reg.</span> <span class='ocrx_word' id='word_1_106' title='bbox 1182 701 1217 734; x_wconf 88' lang='lat'>&amp;</span> <span class='ocrx_word' id='word_1_107' title='bbox 1239 697 1342 735; x_wconf 85' lang='lat' dir='ltr'>Harl.</span> <span class='ocrx_word' id='word_1_108' title='bbox 1363 696 1433 734; x_wconf 87' lang='lat' dir='ltr'>Sed</span> <span class='ocrx_word' id='word_1_109' title='bbox 1449 698 1487 733; x_wconf 92' lang='lat' dir='ltr'>in</span> <span class='ocrx_word' id='word_1_110' title='bbox 1517 697 1583 733; x_wconf 86' lang='lat' dir='ltr'>Ms.</span> <span class='ocrx_word' id='word_1_111' title='bbox 1608 697 1711 734; x_wconf 88' lang='lat' dir='ltr'>Harl.</span> <span class='ocrx_word' id='word_1_112' title='bbox 1730 697 1854 747; x_wconf 89' lang='lat' dir='ltr'>postea</span> <span class='ocrx_word' id='word_1_113' title='bbox 1873 711 1996 738; x_wconf 85' lang='lat' dir='ltr'>emen-</span> 
     </span>
    </p>
   </div>
   <div class='ocr_carea' id='block_1_3' title="bbox 614 754 849 803">
    <p class='ocr_par' dir='ltr' id='par_1_4' title="bbox 614 754 849 803">
     <span class='ocr_line' id='line_1_12' title="bbox 614 754 849 803; baseline -0.013 -12"><span class='ocrx_word' id='word_1_114' title='bbox 614 754 737 791; x_wconf 80' lang='lat' dir='ltr'>datum</span> <span class='ocrx_word' id='word_1_115' title='bbox 749 781 759 797; x_wconf 91' lang='lat'>‚</span> <span class='ocrx_word' id='word_1_116' title='bbox 779 755 849 803; x_wconf 72' lang='lat' dir='ltr'>quo.</span> 
     </span>
    </p>
   </div>
   <div class='ocr_carea' id='block_1_4' title="bbox 674 847 1998 896">
    <p class='ocr_par' dir='ltr' id='par_1_5' title="bbox 674 847 1998 896">
     <span class='ocr_line' id='line_1_13' title="bbox 674 847 1998 896; baseline -0.002 -8"><span class='ocrx_word' id='word_1_117' title='bbox 674 852 780 888; x_wconf 87' lang='lat' dir='ltr'>CAP.</span> <span class='ocrx_word' id='word_1_118' title='bbox 809 849 885 886; x_wconf 91' lang='lat' dir='ltr'>XV.</span> <span class='ocrx_word' id='word_1_119' title='bbox 912 849 1123 886; x_wconf 73' lang='lat' dir='ltr'><strong>EGREGIUM</strong></span> <span class='ocrx_word' id='word_1_120' title='bbox 1151 851 1289 894; x_wconf 78' lang='lat' dir='ltr'>ERAT]</span> <span class='ocrx_word' id='word_1_121' title='bbox 1312 847 1381 884; x_wconf 87' lang='lat' dir='ltr'>Ms.</span> <span class='ocrx_word' id='word_1_122' title='bbox 1405 847 1524 885; x_wconf 90' lang='lat' dir='ltr'>Guelf.</span> <span class='ocrx_word' id='word_1_123' title='bbox 1552 848 1631 896; x_wconf 75' lang='lat' dir='ltr'>effer.</span> <span class='ocrx_word' id='word_1_124' title='bbox 1652 849 1696 885; x_wconf 90' lang='lat' dir='ltr'>In</span> <span class='ocrx_word' id='word_1_125' title='bbox 1717 849 1783 885; x_wconf 93' lang='lat' dir='ltr'>Ms.</span> <span class='ocrx_word' id='word_1_126' title='bbox 1807 849 1911 887; x_wconf 86' lang='lat' dir='ltr'>Harl.</span> <span class='ocrx_word' id='word_1_127' title='bbox 1937 851 1998 889; x_wconf 86' lang='lat' dir='ltr'>ad-</span> 
     </span>
    </p>
   </div>
   <div class='ocr_carea' id='block_1_5' title="bbox 619 898 2003 996">
    <p class='ocr_par' dir='ltr' id='par_1_6' title="bbox 619 898 2003 996">
     <span class='ocr_line' id='line_1_14' title="bbox 619 898 1346 947; baseline -0.011 -7"><span class='ocrx_word' id='word_1_128' title='bbox 619 904 759 944; x_wconf 85' lang='lat' dir='ltr'>ditum,</span> <span class='ocrx_word' id='word_1_129' title='bbox 782 912 868 942; x_wconf 82' lang='lat' dir='ltr'>erat,</span> <span class='ocrx_word' id='word_1_130' title='bbox 900 900 1015 947; x_wconf 65' lang='lat' dir='ltr'>prima</span> <span class='ocrx_word' id='word_1_131' title='bbox 1039 911 1145 934; x_wconf 88' lang='lat' dir='ltr'>manu</span> <span class='ocrx_word' id='word_1_132' title='bbox 1170 898 1346 936; x_wconf 88' lang='lat' dir='ltr'>omissum.</span> 
     </span>
     <span class='ocr_line' id='line_1_15' title="bbox 672 947 2003 996; baseline -0.001 -8"><span class='ocrx_word' id='word_1_133' title='bbox 672 953 745 989; x_wconf 74' lang='lat' dir='ltr'>CN.</span> <span class='ocrx_word' id='word_1_134' title='bbox 775 952 937 986; x_wconf 70' lang='lat' dir='ltr'>Pomm</span> <span class='ocrx_word' id='word_1_135' title='bbox 963 953 980 995; x_wconf 92' lang='lat'>]</span> <span class='ocrx_word' id='word_1_136' title='bbox 1005 949 1063 984; x_wconf 88' lang='lat' dir='ltr'>Sic</span> <span class='ocrx_word' id='word_1_137' title='bbox 1092 947 1355 984; x_wconf 87' lang='lat' dir='ltr'>emendandum</span> <span class='ocrx_word' id='word_1_138' title='bbox 1387 948 1526 996; x_wconf 73' lang='lat' dir='ltr'>optime</span> <span class='ocrx_word' id='word_1_139' title='bbox 1552 949 1696 984; x_wconf 86' lang='lat' dir='ltr'>monuit</span> <span class='ocrx_word' id='word_1_140' title='bbox 1730 947 2003 988; x_wconf 83' lang='lat' dir='ltr'>Freinshemius.</span> 
     </span>
    </p>
   </div>
   <div class='ocr_carea' id='block_1_6' title="bbox 623 997 2003 1051">
    <p class='ocr_par' dir='ltr' id='par_1_7' title="bbox 623 997 2003 1051">
     <span class='ocr_line' id='line_1_16' title="bbox 623 997 2003 1051; baseline -0.002 -12"><span class='ocrx_word' id='word_1_141' title='bbox 623 1004 811 1051; x_wconf 81' lang='lat' dir='ltr'>Perperam</span> <span class='ocrx_word' id='word_1_142' title='bbox 843 998 919 1035; x_wconf 87' lang='lat' dir='ltr'>Mss.</span> <span class='ocrx_word' id='word_1_143' title='bbox 944 1002 978 1035; x_wconf 90' lang='lat'>&amp;</span> <span class='ocrx_word' id='word_1_144' title='bbox 1002 1009 1139 1034; x_wconf 86' lang='lat' dir='ltr'>veteres</span> <span class='ocrx_word' id='word_1_145' title='bbox 1166 997 1345 1035; x_wconf 87' lang='lat' dir='ltr'>editiones</span> <span class='ocrx_word' id='word_1_146' title='bbox 1361 1025 1371 1041; x_wconf 87' lang='lat'><strong><em>,</em></strong></span> <span class='ocrx_word' id='word_1_147' title='bbox 1391 1011 1472 1033; x_wconf 85' lang='lat' dir='ltr'>nunc</span> <span class='ocrx_word' id='word_1_148' title='bbox 1500 999 1653 1044; x_wconf 80' lang='lat' dir='ltr'>Pompeii.</span> <span class='ocrx_word' id='word_1_149' title='bbox 1683 997 1782 1034; x_wconf 75' lang='lat' dir='ltr'>Male</span> <span class='ocrx_word' id='word_1_150' title='bbox 1801 999 2003 1037; x_wconf 72' lang='lat' dir='ltr'>Beroaldus</span> 
     </span>
    </p>
   </div>
   <div class='ocr_carea' id='block_1_7' title="bbox 624 1049 2006 1143">
    <p class='ocr_par' dir='ltr' id='par_1_8' title="bbox 624 1049 2006 1143">
     <span class='ocr_line' id='line_1_17' title="bbox 624 1049 1123 1094; baseline -0.012 -6"><span class='ocrx_word' id='word_1_151' title='bbox 624 1049 831 1089; x_wconf 79' lang='lat' dir='ltr'>emendavit</span> <span class='ocrx_word' id='word_1_152' title='bbox 844 1077 855 1092; x_wconf 89' lang='lat'>‚</span> <span class='ocrx_word' id='word_1_153' title='bbox 881 1061 954 1084; x_wconf 82' lang='lat' dir='ltr'>tunc</span> <span class='ocrx_word' id='word_1_154' title='bbox 971 1050 1123 1094; x_wconf 79' lang='lat' dir='ltr'>Pompeii.</span> 
     </span>
     <span class='ocr_line' id='line_1_18' title="bbox 676 1095 2006 1143; baseline -0.001 -6"><span class='ocrx_word' id='word_1_155' title='bbox 676 1103 864 1137; x_wconf 75' lang='lat' dir='ltr'><strong>SULPmIAE</strong></span> <span class='ocrx_word' id='word_1_156' title='bbox 893 1111 940 1135; x_wconf 84' lang='lat' dir='ltr'>Ac</span> <span class='ocrx_word' id='word_1_157' title='bbox 972 1097 1193 1143; x_wconf 81' lang='lat' dir='ltr'>LUTATIAE]</span> <span class='ocrx_word' id='word_1_158' title='bbox 1226 1097 1283 1135; x_wconf 88' lang='lat' dir='ltr'>Cl.</span> <span class='ocrx_word' id='word_1_159' title='bbox 1302 1095 1465 1133; x_wconf 77' lang='lat' dir='ltr'>Ernestus</span> <span class='ocrx_word' id='word_1_160' title='bbox 1480 1096 1558 1132; x_wconf 85' lang='lat' dir='ltr'>vult</span> <span class='ocrx_word' id='word_1_161' title='bbox 1572 1108 1592 1131; x_wconf 87' lang='lat' dir='ltr'>a</span> <span class='ocrx_word' id='word_1_162' title='bbox 1605 1096 1755 1133; x_wconf 87' lang='lat' dir='ltr'>librariis</span> <span class='ocrx_word' id='word_1_163' title='bbox 1776 1098 1875 1135; x_wconf 86' lang='lat' dir='ltr'>fnisse</span> <span class='ocrx_word' id='word_1_164' title='bbox 1895 1099 2006 1136; x_wconf 86' lang='lat' dir='ltr'>omis-</span> 
     </span>
    </p>
   </div>
   <div class='ocr_carea' id='block_1_8' title="bbox 623 1146 2011 1792">
    <p class='ocr_par' dir='ltr' id='par_1_9' title="bbox 626 1146 1450 1199">
     <span class='ocr_line' id='line_1_19' title="bbox 626 1146 1450 1199; baseline -0.008 -12"><span class='ocrx_word' id='word_1_165' title='bbox 626 1152 700 1187; x_wconf 82' lang='lat' dir='ltr'>sum</span> <span class='ocrx_word' id='word_1_166' title='bbox 714 1179 723 1193; x_wconf 87' lang='lat'><strong>‚</strong></span> <span class='ocrx_word' id='word_1_167' title='bbox 744 1152 859 1199; x_wconf 81' lang='lat' dir='ltr'>gentis.</span> <span class='ocrx_word' id='word_1_168' title='bbox 883 1149 931 1184; x_wconf 90' lang='lat' dir='ltr'>At</span> <span class='ocrx_word' id='word_1_169' title='bbox 954 1147 1108 1195; x_wconf 79' lang='lat' dir='ltr'>intelligi</span> <span class='ocrx_word' id='word_1_170' title='bbox 1126 1146 1244 1196; x_wconf 87' lang='lat' dir='ltr'>potest</span> <span class='ocrx_word' id='word_1_171' title='bbox 1261 1147 1450 1181; x_wconf 79' lang='lat' dir='ltr'>nobilitatis.</span> 
     </span>
    </p>

    <p class='ocr_par' dir='ltr' id='par_1_10' title="bbox 623 1195 2006 1297">
     <span class='ocr_line' id='line_1_20' title="bbox 678 1195 2006 1244; baseline -0.001 -9"><span class='ocrx_word' id='word_1_172' title='bbox 678 1200 770 1235; x_wconf 82' lang='lat' dir='ltr'>NoN</span> <span class='ocrx_word' id='word_1_173' title='bbox 786 1227 796 1242; x_wconf 89' lang='lat'>,</span> <span class='ocrx_word' id='word_1_174' title='bbox 825 1210 917 1240; x_wconf 76' lang='lat' dir='ltr'><strong>QUIA</strong></span> <span class='ocrx_word' id='word_1_175' title='bbox 938 1202 954 1244; x_wconf 96' lang='lat'>]</span> <span class='ocrx_word' id='word_1_176' title='bbox 986 1197 1114 1233; x_wconf 81' lang='lat' dir='ltr'>Mallet</span> <span class='ocrx_word' id='word_1_177' title='bbox 1133 1197 1191 1233; x_wconf 89' lang='lat' dir='ltr'>Cl.</span> <span class='ocrx_word' id='word_1_178' title='bbox 1208 1195 1371 1232; x_wconf 88' lang='lat' dir='ltr'>Ernestus</span> <span class='ocrx_word' id='word_1_179' title='bbox 1386 1222 1394 1237; x_wconf 94' lang='lat'>,</span> <span class='ocrx_word' id='word_1_180' title='bbox 1421 1209 1481 1231; x_wconf 85' lang='lat' dir='ltr'>norz</span> <span class='ocrx_word' id='word_1_181' title='bbox 1499 1224 1508 1239; x_wconf 91' lang='lat'>,</span> <span class='ocrx_word' id='word_1_182' title='bbox 1536 1199 1611 1244; x_wconf 86' lang='lat' dir='ltr'>quin</span> <span class='ocrx_word' id='word_1_183' title='bbox 1634 1223 1642 1231; x_wconf 90' lang='lat'>.</span> <span class='ocrx_word' id='word_1_184' title='bbox 1660 1224 1667 1232; x_wconf 99' lang='lat'>.</span> <span class='ocrx_word' id='word_1_185' title='bbox 1684 1224 1693 1232; x_wconf 95' lang='lat'>.</span> <span class='ocrx_word' id='word_1_186' title='bbox 1722 1198 1822 1244; x_wconf 77' lang='lat' dir='ltr'>fhcios</span> <span class='ocrx_word' id='word_1_187' title='bbox 1844 1199 1919 1233; x_wconf 82' lang='lat' dir='ltr'>belli</span> <span class='ocrx_word' id='word_1_188' title='bbox 1948 1200 2006 1234; x_wconf 86' lang='lat' dir='ltr'>ha-</span> 
     </span>
     <span class='ocr_line' id='line_1_21' title="bbox 623 1245 2005 1297; baseline 0 -11"><span class='ocrx_word' id='word_1_189' title='bbox 623 1253 738 1291; x_wconf 74' lang='lat' dir='ltr'>heam5</span> <span class='ocrx_word' id='word_1_190' title='bbox 761 1248 820 1284; x_wconf 87' lang='lat' dir='ltr'>vel</span> <span class='ocrx_word' id='word_1_191' title='bbox 838 1261 918 1289; x_wconf 88' lang='lat' dir='ltr'>non,</span> <span class='ocrx_word' id='word_1_192' title='bbox 933 1262 990 1296; x_wconf 85' lang='lat' dir='ltr'>quo</span> <span class='ocrx_word' id='word_1_193' title='bbox 1008 1275 1016 1283; x_wconf 86' lang='lat'>.</span> <span class='ocrx_word' id='word_1_194' title='bbox 1032 1274 1040 1283; x_wconf 91' lang='lat'>.</span> <span class='ocrx_word' id='word_1_195' title='bbox 1059 1275 1066 1283; x_wconf 93' lang='lat'>.</span> <span class='ocrx_word' id='word_1_196' title='bbox 1093 1261 1153 1282; x_wconf 86' lang='lat' dir='ltr'>non</span> <span class='ocrx_word' id='word_1_197' title='bbox 1175 1247 1316 1282; x_wconf 80' lang='lat' dir='ltr'>habeam.</span> <span class='ocrx_word' id='word_1_198' title='bbox 1340 1247 1391 1282; x_wconf 89' lang='lat' dir='ltr'>At</span> <span class='ocrx_word' id='word_1_199' title='bbox 1414 1246 1495 1282; x_wconf 87' lang='lat' dir='ltr'>ferri</span> <span class='ocrx_word' id='word_1_200' title='bbox 1513 1245 1631 1295; x_wconf 88' lang='lat' dir='ltr'>potest</span> <span class='ocrx_word' id='word_1_201' title='bbox 1653 1246 1799 1296; x_wconf 83' lang='lat' dir='ltr'>vulgata</span> <span class='ocrx_word' id='word_1_202' title='bbox 1821 1247 2005 1297; x_wconf 81' lang='lat' dir='ltr'>scriptura.</span> 
     </span>
    </p>

    <p class='ocr_par' dir='ltr' id='par_1_11' title="bbox 675 1296 1461 1342">
     <span class='ocr_line' id='line_1_22' title="bbox 675 1296 1461 1342; baseline -0.004 -7"><span class='ocrx_word' id='word_1_203' title='bbox 675 1300 900 1335; x_wconf 78' lang='lat' dir='ltr'>AMmTIoNE</span> <span class='ocrx_word' id='word_1_204' title='bbox 929 1309 1062 1333; x_wconf 59' lang='lat' dir='ltr'>Accam</span> <span class='ocrx_word' id='word_1_205' title='bbox 1082 1301 1098 1342; x_wconf 96' lang='lat'>]</span> <span class='ocrx_word' id='word_1_206' title='bbox 1120 1297 1187 1332; x_wconf 87' lang='lat' dir='ltr'>Ms.</span> <span class='ocrx_word' id='word_1_207' title='bbox 1212 1296 1327 1332; x_wconf 92' lang='lat' dir='ltr'>Corb.</span> <span class='ocrx_word' id='word_1_208' title='bbox 1351 1299 1461 1342; x_wconf 83' lang='lat' dir='ltr'>recepi.</span> 
     </span>
    </p>

    <p class='ocr_par' dir='ltr' id='par_1_12' title="bbox 626 1326 2009 1444">
     <span class='ocr_line' id='line_1_23' title="bbox 678 1326 2009 1396; baseline 0.001 -12"><span class='ocrx_word' id='word_1_209' title='bbox 678 1349 736 1385; x_wconf 87' lang='lat' dir='ltr'>ET</span> <span class='ocrx_word' id='word_1_210' title='bbox 765 1359 908 1383; x_wconf 75' lang='lat' dir='ltr'><strong>JUDICH</strong></span> <span class='ocrx_word' id='word_1_211' title='bbox 932 1350 1031 1392; x_wconf 82' lang='lat' dir='ltr'>MEI]</span> <span class='ocrx_word' id='word_1_212' title='bbox 1062 1347 1139 1381; x_wconf 83' lang='lat' dir='ltr'>Mss.</span> <span class='ocrx_word' id='word_1_213' title='bbox 1165 1326 1268 1382; x_wconf 71' lang='lat' dir='ltr'>Harl.</span> <span class='ocrx_word' id='word_1_214' title='bbox 1286 1345 1393 1382; x_wconf 86' lang='lat' dir='ltr'>Bodl.</span> <span class='ocrx_word' id='word_1_215' title='bbox 1412 1346 1480 1382; x_wconf 90' lang='lat' dir='ltr'>Jes.</span> <span class='ocrx_word' id='word_1_216' title='bbox 1513 1349 1546 1381; x_wconf 74' lang='grc' dir='ltr'>δε</span> <span class='ocrx_word' id='word_1_217' title='bbox 1576 1345 1795 1390; x_wconf 87' lang='lat' dir='ltr'>Rhenanus,</span> <span class='ocrx_word' id='word_1_218' title='bbox 1828 1359 1863 1383; x_wconf 84' lang='lat' dir='ltr'>ut</span> <span class='ocrx_word' id='word_1_219' title='bbox 1886 1349 2009 1396; x_wconf 79' lang='lat' dir='ltr'>judicii</span> 
     </span>
     <span class='ocr_line' id='line_1_24' title="bbox 626 1395 1793 1444; baseline -0.003 -9"><span class='ocrx_word' id='word_1_220' title='bbox 626 1401 699 1436; x_wconf 84' lang='lat' dir='ltr'>mei.</span> <span class='ocrx_word' id='word_1_221' title='bbox 717 1397 786 1435; x_wconf 89' lang='lat' dir='ltr'>Sed</span> <span class='ocrx_word' id='word_1_222' title='bbox 810 1398 847 1432; x_wconf 91' lang='lat' dir='ltr'>in</span> <span class='ocrx_word' id='word_1_223' title='bbox 870 1396 947 1432; x_wconf 83' lang='lat' dir='ltr'>Mff.</span> <span class='ocrx_word' id='word_1_224' title='bbox 970 1395 1074 1432; x_wconf 88' lang='lat' dir='ltr'>Harl.</span> <span class='ocrx_word' id='word_1_225' title='bbox 1100 1395 1207 1433; x_wconf 86' lang='lat' dir='ltr'>Bodl.</span> <span class='ocrx_word' id='word_1_226' title='bbox 1228 1396 1318 1432; x_wconf 65' lang='lat' dir='ltr'>reffle</span> <span class='ocrx_word' id='word_1_227' title='bbox 1343 1395 1467 1444; x_wconf 83' lang='lat' dir='ltr'>postea</span> <span class='ocrx_word' id='word_1_228' title='bbox 1494 1396 1721 1432; x_wconf 86' lang='lat' dir='ltr'>emendatum</span> <span class='ocrx_word' id='word_1_229' title='bbox 1746 1397 1793 1432; x_wconf 61' lang='grc' dir='ltr'>ἔπ’.</span> 
     </span>
    </p>

    <p class='ocr_par' dir='ltr' id='par_1_13' title="bbox 676 1445 2006 1492">
     <span class='ocr_line' id='line_1_25' title="bbox 676 1445 2006 1492; baseline -0.001 -8"><span class='ocrx_word' id='word_1_230' title='bbox 676 1451 754 1484; x_wconf 80' lang='lat' dir='ltr'>SED</span> <span class='ocrx_word' id='word_1_231' title='bbox 782 1460 831 1483; x_wconf 81' lang='grc' dir='ltr'>ΕΤ</span> <span class='ocrx_word' id='word_1_232' title='bbox 858 1450 983 1492; x_wconf 84' lang='lat' dir='ltr'>TUAE]</span> <span class='ocrx_word' id='word_1_233' title='bbox 1008 1446 1086 1483; x_wconf 83' lang='lat' dir='ltr'>Mff.</span> <span class='ocrx_word' id='word_1_234' title='bbox 1106 1445 1210 1481; x_wconf 84' lang='lat' dir='ltr'>Harl.</span> <span class='ocrx_word' id='word_1_235' title='bbox 1234 1445 1341 1481; x_wconf 84' lang='lat' dir='ltr'>Bodl.</span> <span class='ocrx_word' id='word_1_236' title='bbox 1366 1445 1433 1481; x_wconf 90' lang='lat' dir='ltr'>Jes.</span> <span class='ocrx_word' id='word_1_237' title='bbox 1456 1458 1496 1481; x_wconf 87' lang='lat' dir='ltr'>ac</span> <span class='ocrx_word' id='word_1_238' title='bbox 1517 1445 1734 1481; x_wconf 85' lang='lat' dir='ltr'>Puteolanus</span> <span class='ocrx_word' id='word_1_239' title='bbox 1753 1446 1901 1483; x_wconf 83' lang='lat' dir='ltr'>omisere</span> <span class='ocrx_word' id='word_1_240' title='bbox 1920 1475 1928 1490; x_wconf 93' lang='lat'>‚</span> <span class='ocrx_word' id='word_1_241' title='bbox 1957 1449 2006 1484; x_wconf 61' lang='grc' dir='ltr'>ἔπ’.</span> 
     </span>
    </p>

    <p class='ocr_par' dir='ltr' id='par_1_14' title="bbox 628 1494 2010 1587">
     <span class='ocr_line' id='line_1_26' title="bbox 675 1494 2010 1545; baseline -0.001 -12"><span class='ocrx_word' id='word_1_242' title='bbox 675 1499 828 1534; x_wconf 76' lang='lat' dir='ltr'>ANimos</span> <span class='ocrx_word' id='word_1_243' title='bbox 854 1508 1086 1533; x_wconf 73' lang='lat' dir='ltr'>EXPLORANT</span> <span class='ocrx_word' id='word_1_244' title='bbox 1111 1499 1127 1541; x_wconf 95' lang='lat'>]</span> <span class='ocrx_word' id='word_1_245' title='bbox 1153 1496 1208 1531; x_wconf 83' lang='lat' dir='ltr'>Ita</span> <span class='ocrx_word' id='word_1_246' title='bbox 1237 1495 1312 1531; x_wconf 83' lang='lat' dir='ltr'>Mff.</span> <span class='ocrx_word' id='word_1_247' title='bbox 1343 1494 1440 1530; x_wconf 85' lang='lat' dir='ltr'>Flor.</span> <span class='ocrx_word' id='word_1_248' title='bbox 1469 1494 1580 1530; x_wconf 82' lang='lat' dir='ltr'>Corb.</span> <span class='ocrx_word' id='word_1_249' title='bbox 1612 1494 1726 1531; x_wconf 90' lang='lat' dir='ltr'>editio</span> <span class='ocrx_word' id='word_1_250' title='bbox 1760 1496 1948 1545; x_wconf 86' lang='lat' dir='ltr'>princeps,</span> <span class='ocrx_word' id='word_1_251' title='bbox 1976 1501 2010 1534; x_wconf 74' lang='grc' dir='ltr'>ὃς</span> 
     </span>
     <span class='ocr_line' id='line_1_27' title="bbox 628 1543 1855 1587; baseline -0.005 -1"><span class='ocrx_word' id='word_1_252' title='bbox 628 1548 856 1586; x_wconf 79' lang='lat' dir='ltr'>recentiores.</span> <span class='ocrx_word' id='word_1_253' title='bbox 880 1546 923 1582; x_wconf 91' lang='lat' dir='ltr'>In</span> <span class='ocrx_word' id='word_1_254' title='bbox 948 1545 1023 1581; x_wconf 69' lang='grc' dir='ltr'>ΜΠ.</span> <span class='ocrx_word' id='word_1_255' title='bbox 1044 1545 1147 1581; x_wconf 75' lang='lat' dir='ltr'>Harl:</span> <span class='ocrx_word' id='word_1_256' title='bbox 1168 1545 1274 1581; x_wconf 87' lang='lat' dir='ltr'>Bodl.</span> <span class='ocrx_word' id='word_1_257' title='bbox 1300 1544 1368 1580; x_wconf 92' lang='lat' dir='ltr'>Jes.</span> <span class='ocrx_word' id='word_1_258' title='bbox 1394 1547 1427 1580; x_wconf 69' lang='grc' dir='ltr'>ὃς</span> <span class='ocrx_word' id='word_1_259' title='bbox 1446 1543 1683 1587; x_wconf 85' lang='lat' dir='ltr'>Puteolanus,</span> <span class='ocrx_word' id='word_1_260' title='bbox 1702 1547 1855 1580; x_wconf 85' lang='lat' dir='ltr'>animum.</span> 
     </span>
    </p>

    <p class='ocr_par' dir='ltr' id='par_1_15' title="bbox 628 1594 2011 1693">
     <span class='ocr_line' id='line_1_28' title="bbox 677 1594 2011 1643; baseline -0.005 -10"><span class='ocrx_word' id='word_1_261' title='bbox 677 1599 754 1633; x_wconf 62' lang='lat' dir='ltr'>PER</span> <span class='ocrx_word' id='word_1_262' title='bbox 786 1608 1001 1638; x_wconf 80' lang='lat' dir='ltr'>OBSEQUIUM</span> <span class='ocrx_word' id='word_1_263' title='bbox 1029 1598 1292 1640; x_wconf 77' lang='lat' dir='ltr'>IMMINUENT]</span> <span class='ocrx_word' id='word_1_264' title='bbox 1319 1594 1383 1631; x_wconf 89' lang='lat' dir='ltr'>Ms.</span> <span class='ocrx_word' id='word_1_265' title='bbox 1401 1594 1469 1631; x_wconf 89' lang='lat' dir='ltr'>Jes.</span> <span class='ocrx_word' id='word_1_266' title='bbox 1492 1597 1544 1642; x_wconf 84' lang='lat' dir='ltr'>qui</span> <span class='ocrx_word' id='word_1_267' title='bbox 1570 1595 1757 1643; x_wconf 79' lang='lat' dir='ltr'>obsequium.</span> <span class='ocrx_word' id='word_1_268' title='bbox 1784 1595 1884 1632; x_wconf 75' lang='lat' dir='ltr'>Male</span> <span class='ocrx_word' id='word_1_269' title='bbox 1907 1595 2011 1633; x_wconf 82' lang='lat' dir='ltr'>Rhe-</span> 
     </span>
     <span class='ocr_line' id='line_1_29' title="bbox 628 1646 1392 1693; baseline -0.004 -10"><span class='ocrx_word' id='word_1_270' title='bbox 628 1660 763 1689; x_wconf 83' lang='lat' dir='ltr'>nanus,</span> <span class='ocrx_word' id='word_1_271' title='bbox 785 1648 844 1682; x_wconf 84' lang='lat' dir='ltr'>alii</span> <span class='ocrx_word' id='word_1_272' title='bbox 871 1647 945 1681; x_wconf 67' lang='lat' dir='ltr'>lice‘r</span> <span class='ocrx_word' id='word_1_273' title='bbox 963 1659 1021 1692; x_wconf 83' lang='lat' dir='ltr'>per</span> <span class='ocrx_word' id='word_1_274' title='bbox 1037 1646 1213 1693; x_wconf 76' lang='lat' dir='ltr'>obsequium</span> <span class='ocrx_word' id='word_1_275' title='bbox 1234 1656 1392 1680; x_wconf 83' lang='lat' dir='ltr'>annuant.</span> 
     </span>
    </p>

    <p class='ocr_par' dir='ltr' id='par_1_16' title="bbox 629 1694 2011 1792">
     <span class='ocr_line' id='line_1_30' title="bbox 677 1694 2011 1745; baseline 0 -13"><span class='ocrx_word' id='word_1_276' title='bbox 677 1698 887 1732; x_wconf 73' lang='lat' dir='ltr'><strong>INRUMPET</strong></span> <span class='ocrx_word' id='word_1_277' title='bbox 917 1707 1121 1731; x_wconf 72' lang='lat' dir='ltr'><strong>ADULATIO</strong></span> <span class='ocrx_word' id='word_1_278' title='bbox 1140 1699 1156 1740; x_wconf 97' lang='lat'>]</span> <span class='ocrx_word' id='word_1_279' title='bbox 1181 1695 1277 1731; x_wconf 87' lang='lat' dir='ltr'>Bene</span> <span class='ocrx_word' id='word_1_280' title='bbox 1296 1694 1361 1729; x_wconf 90' lang='lat' dir='ltr'>Ms.</span> <span class='ocrx_word' id='word_1_281' title='bbox 1380 1694 1494 1731; x_wconf 90' lang='lat' dir='ltr'>Corb.</span> <span class='ocrx_word' id='word_1_282' title='bbox 1518 1694 1632 1731; x_wconf 91' lang='lat' dir='ltr'>editio</span> <span class='ocrx_word' id='word_1_283' title='bbox 1654 1695 1820 1745; x_wconf 86' lang='lat' dir='ltr'>princeps</span> <span class='ocrx_word' id='word_1_284' title='bbox 1837 1699 1870 1732; x_wconf 73' lang='grc' dir='ltr'>δε</span> <span class='ocrx_word' id='word_1_285' title='bbox 1887 1709 2011 1734; x_wconf 87' lang='lat' dir='ltr'>recen-</span> 
     </span>
     <span class='ocr_line' id='line_1_31' title="bbox 629 1744 1767 1792; baseline 0.001 -11"><span class='ocrx_word' id='word_1_286' title='bbox 629 1746 749 1783; x_wconf 76' lang='lat' dir='ltr'>tiores.</span> <span class='ocrx_word' id='word_1_287' title='bbox 771 1745 815 1780; x_wconf 90' lang='lat' dir='ltr'>In</span> <span class='ocrx_word' id='word_1_288' title='bbox 835 1744 911 1781; x_wconf 75' lang='lat' dir='ltr'>Mis.</span> <span class='ocrx_word' id='word_1_289' title='bbox 935 1745 1037 1781; x_wconf 85' lang='lat' dir='ltr'>Harl.</span> <span class='ocrx_word' id='word_1_290' title='bbox 1060 1745 1168 1781; x_wconf 88' lang='lat' dir='ltr'>Bodl.</span> <span class='ocrx_word' id='word_1_291' title='bbox 1188 1745 1253 1783; x_wconf 88' lang='lat' dir='ltr'>Jes.</span> <span class='ocrx_word' id='word_1_292' title='bbox 1277 1747 1310 1781; x_wconf 65' lang='grc' dir='ltr'>ὃς</span> <span class='ocrx_word' id='word_1_293' title='bbox 1327 1744 1564 1788; x_wconf 84' lang='lat' dir='ltr'>Puteolanus,</span> <span class='ocrx_word' id='word_1_294' title='bbox 1579 1748 1767 1792; x_wconf 77' lang='lat' dir='ltr'>irrumpent.</span> 
     </span>
    </p>
   </div>
   <div class='ocr_carea' id='block_1_9' title="bbox 630 1844 2017 2443">
    <p class='ocr_par' dir='ltr' id='par_1_17' title="bbox 678 1844 1620 1893">
     <span class='ocr_line' id='line_1_32' title="bbox 678 1844 1620 1893; baseline -0.001 -11"><span class='ocrx_word' id='word_1_295' title='bbox 678 1846 785 1883; x_wconf 86' lang='lat' dir='ltr'>CAP.</span> <span class='ocrx_word' id='word_1_296' title='bbox 811 1845 911 1881; x_wconf 85' lang='lat' dir='ltr'>XVI.</span> <span class='ocrx_word' id='word_1_297' title='bbox 938 1844 1152 1881; x_wconf 74' lang='lat' dir='ltr'>DEPULERE</span> <span class='ocrx_word' id='word_1_298' title='bbox 1181 1849 1199 1890; x_wconf 93' lang='lat'>]</span> <span class='ocrx_word' id='word_1_299' title='bbox 1224 1844 1289 1880; x_wconf 86' lang='lat' dir='ltr'>Ms.</span> <span class='ocrx_word' id='word_1_300' title='bbox 1316 1845 1428 1881; x_wconf 88' lang='lat' dir='ltr'>Corb.</span> <span class='ocrx_word' id='word_1_301' title='bbox 1453 1847 1620 1893; x_wconf 79' lang='lat' dir='ltr'>depulerit.</span> 
     </span>
    </p>

    <p class='ocr_par' dir='ltr' id='par_1_18' title="bbox 630 1895 2012 1994">
     <span class='ocr_line' id='line_1_33' title="bbox 682 1895 2012 1946; baseline 0.002 -15"><span class='ocrx_word' id='word_1_302' title='bbox 682 1896 741 1931; x_wconf 70' lang='lat' dir='ltr'>NE</span> <span class='ocrx_word' id='word_1_303' title='bbox 773 1907 909 1931; x_wconf 80' lang='lat' dir='ltr'>TAMEN</span> <span class='ocrx_word' id='word_1_304' title='bbox 934 1906 1121 1931; x_wconf 72' lang='lat' dir='ltr'>TERRITUS</span> <span class='ocrx_word' id='word_1_305' title='bbox 1148 1897 1165 1940; x_wconf 95' lang='lat'>]</span> <span class='ocrx_word' id='word_1_306' title='bbox 1185 1895 1282 1931; x_wconf 83' lang='lat' dir='ltr'>Bene</span> <span class='ocrx_word' id='word_1_307' title='bbox 1301 1895 1378 1931; x_wconf 85' lang='lat' dir='ltr'>Mff.</span> <span class='ocrx_word' id='word_1_308' title='bbox 1401 1895 1490 1945; x_wconf 78' lang='lat' dir='ltr'>Reg.</span> <span class='ocrx_word' id='word_1_309' title='bbox 1510 1896 1623 1932; x_wconf 90' lang='lat' dir='ltr'>Corb.</span> <span class='ocrx_word' id='word_1_310' title='bbox 1642 1896 1761 1933; x_wconf 90' lang='lat' dir='ltr'>Guelf.</span> <span class='ocrx_word' id='word_1_311' title='bbox 1783 1896 1896 1933; x_wconf 89' lang='lat' dir='ltr'>editio</span> <span class='ocrx_word' id='word_1_312' title='bbox 1912 1897 2012 1946; x_wconf 73' lang='lat' dir='ltr'>prin«</span> 
     </span>
     <span class='ocr_line' id='line_1_34' title="bbox 630 1943 1881 1994; baseline -0.001 -11"><span class='ocrx_word' id='word_1_313' title='bbox 630 1959 713 1994; x_wconf 81' lang='lat' dir='ltr'>ceps</span> <span class='ocrx_word' id='word_1_314' title='bbox 730 1948 763 1981; x_wconf 69' lang='grc' dir='ltr'>ὃς</span> <span class='ocrx_word' id='word_1_315' title='bbox 779 1944 1005 1981; x_wconf 83' lang='lat' dir='ltr'>recentiores.</span> <span class='ocrx_word' id='word_1_316' title='bbox 1020 1943 1063 1979; x_wconf 91' lang='lat' dir='ltr'>In</span> <span class='ocrx_word' id='word_1_317' title='bbox 1076 1944 1154 1980; x_wconf 78' lang='lat' dir='ltr'>Mff.</span> <span class='ocrx_word' id='word_1_318' title='bbox 1172 1944 1273 1980; x_wconf 90' lang='lat' dir='ltr'>Harl.</span> <span class='ocrx_word' id='word_1_319' title='bbox 1293 1944 1401 1982; x_wconf 84' lang='lat' dir='ltr'>Bodl.</span> <span class='ocrx_word' id='word_1_320' title='bbox 1417 1945 1483 1982; x_wconf 89' lang='lat' dir='ltr'>Jes.</span> <span class='ocrx_word' id='word_1_321' title='bbox 1503 1949 1536 1982; x_wconf 70' lang='grc' dir='ltr'>ὃς</span> <span class='ocrx_word' id='word_1_322' title='bbox 1552 1946 1768 1982; x_wconf 87' lang='lat' dir='ltr'>Puteolanus</span> <span class='ocrx_word' id='word_1_323' title='bbox 1781 1975 1790 1989; x_wconf 96' lang='lat'><strong><em>‚</em></strong></span> <span class='ocrx_word' id='word_1_324' title='bbox 1817 1960 1881 1983; x_wconf 83' lang='lat' dir='ltr'>nec.</span> 
     </span>
    </p>

    <p class='ocr_par' dir='ltr' id='par_1_19' title="bbox 633 1995 2017 2181">
     <span class='ocr_line' id='line_1_35' title="bbox 680 1995 2016 2045; baseline 0.001 -15"><span class='ocrx_word' id='word_1_325' title='bbox 680 1995 920 2031; x_wconf 81' lang='lat' dir='ltr'>UTlLlsslmns</span> <span class='ocrx_word' id='word_1_326' title='bbox 948 2007 1046 2030; x_wconf 81' lang='lat' dir='ltr'>IDEM</span> <span class='ocrx_word' id='word_1_327' title='bbox 1075 1999 1093 2042; x_wconf 95' lang='lat'>]</span> <span class='ocrx_word' id='word_1_328' title='bbox 1118 1995 1215 2031; x_wconf 87' lang='lat' dir='ltr'>Bene</span> <span class='ocrx_word' id='word_1_329' title='bbox 1239 1995 1317 2032; x_wconf 80' lang='lat' dir='ltr'>Mff.</span> <span class='ocrx_word' id='word_1_330' title='bbox 1347 1996 1458 2031; x_wconf 80' lang='lat' dir='ltr'>Corb.</span> <span class='ocrx_word' id='word_1_331' title='bbox 1481 1995 1588 2032; x_wconf 87' lang='lat' dir='ltr'>Bodl.</span> <span class='ocrx_word' id='word_1_332' title='bbox 1623 1996 1712 2032; x_wconf 82' lang='lat' dir='ltr'>Eud.</span> <span class='ocrx_word' id='word_1_333' title='bbox 1741 1996 1868 2045; x_wconf 85' lang='lat' dir='ltr'>quibus</span> <span class='ocrx_word' id='word_1_334' title='bbox 1891 1997 2016 2033; x_wconf 83' lang='lat' dir='ltr'>suffra-</span> 
     </span>
     <span class='ocr_line' id='line_1_36' title="bbox 633 2043 2016 2095; baseline 0.001 -15"><span class='ocrx_word' id='word_1_335' title='bbox 633 2056 762 2095; x_wconf 87' lang='lat' dir='ltr'>gantur</span> <span class='ocrx_word' id='word_1_336' title='bbox 784 2044 862 2081; x_wconf 73' lang='lat' dir='ltr'>Mis.</span> <span class='ocrx_word' id='word_1_337' title='bbox 888 2043 977 2094; x_wconf 81' lang='lat' dir='ltr'>Reg.</span> <span class='ocrx_word' id='word_1_338' title='bbox 1002 2043 1099 2081; x_wconf 88' lang='lat' dir='ltr'>Flor.</span> <span class='ocrx_word' id='word_1_339' title='bbox 1119 2048 1153 2081; x_wconf 85' lang='lat'>&amp;</span> <span class='ocrx_word' id='word_1_340' title='bbox 1170 2045 1284 2081; x_wconf 85' lang='lat' dir='ltr'>editio</span> <span class='ocrx_word' id='word_1_341' title='bbox 1304 2045 1480 2093; x_wconf 90' lang='lat' dir='ltr'>princeps.</span> <span class='ocrx_word' id='word_1_342' title='bbox 1503 2046 1546 2081; x_wconf 92' lang='lat' dir='ltr'>In</span> <span class='ocrx_word' id='word_1_343' title='bbox 1569 2046 1646 2081; x_wconf 79' lang='lat' dir='ltr'>Mff.</span> <span class='ocrx_word' id='word_1_344' title='bbox 1674 2046 1776 2082; x_wconf 87' lang='lat' dir='ltr'>Harl.</span> <span class='ocrx_word' id='word_1_345' title='bbox 1803 2046 1870 2083; x_wconf 86' lang='lat' dir='ltr'>Jes.</span> <span class='ocrx_word' id='word_1_346' title='bbox 1895 2049 1929 2082; x_wconf 91' lang='lat'>&amp;</span> <span class='ocrx_word' id='word_1_347' title='bbox 1948 2048 2016 2082; x_wconf 88' lang='lat' dir='ltr'>Pu-</span> 
     </span>
     <span class='ocr_line' id='line_1_37' title="bbox 633 2094 2017 2144; baseline 0 -13"><span class='ocrx_word' id='word_1_348' title='bbox 633 2095 821 2138; x_wconf 85' lang='lat' dir='ltr'>teolanus,</span> <span class='ocrx_word' id='word_1_349' title='bbox 853 2096 1030 2141; x_wconf 78' lang='lat' dir='ltr'>utiliffimus</span> <span class='ocrx_word' id='word_1_350' title='bbox 1063 2096 1198 2144; x_wconf 79' lang='lat' dir='ltr'>quidem.</span> <span class='ocrx_word' id='word_1_351' title='bbox 1235 2094 1394 2130; x_wconf 85' lang='lat' dir='ltr'>Pichena</span> <span class='ocrx_word' id='word_1_352' title='bbox 1426 2098 1460 2131; x_wconf 88' lang='lat'>&amp;</span> <span class='ocrx_word' id='word_1_353' title='bbox 1492 2095 1750 2138; x_wconf 82' lang='lat' dir='ltr'>Recentiores‚</span> <span class='ocrx_word' id='word_1_354' title='bbox 1780 2096 2017 2144; x_wconf 66' lang='lat' dir='ltr'>utiliffimufilue</span> 
     </span>
     <span class='ocr_line' id='line_1_38' title="bbox 635 2146 1295 2181; baseline -0.003 0"><span class='ocrx_word' id='word_1_355' title='bbox 635 2146 729 2181; x_wconf 82' lang='lat' dir='ltr'>idem.</span> <span class='ocrx_word' id='word_1_356' title='bbox 1292 2151 1295 2154; x_wconf 62' lang='lat'><strong>⁴</strong></span> 
     </span>
    </p>

    <p class='ocr_par' dir='ltr' id='par_1_20' title="bbox 633 2195 2017 2339">
     <span class='ocr_line' id='line_1_39' title="bbox 688 2195 2016 2241; baseline -0.002 -10"><span class='ocrx_word' id='word_1_357' title='bbox 688 2195 777 2231; x_wconf 84' lang='lat' dir='ltr'>AUT</span> <span class='ocrx_word' id='word_1_358' title='bbox 806 2206 1072 2231; x_wconf 71' lang='lat' dir='ltr'>voLUEms....</span> <span class='ocrx_word' id='word_1_359' title='bbox 1102 2208 1180 2233; x_wconf 82' lang='lat' dir='ltr'>AUT</span> <span class='ocrx_word' id='word_1_360' title='bbox 1210 2207 1401 2232; x_wconf 81' lang='lat' dir='ltr'>NOLUERIS</span> <span class='ocrx_word' id='word_1_361' title='bbox 1430 2199 1446 2241; x_wconf 97' lang='lat'>]</span> <span class='ocrx_word' id='word_1_362' title='bbox 1476 2196 1530 2232; x_wconf 85' lang='lat' dir='ltr'>Ita</span> <span class='ocrx_word' id='word_1_363' title='bbox 1564 2195 1631 2232; x_wconf 88' lang='lat' dir='ltr'>Ms.</span> <span class='ocrx_word' id='word_1_364' title='bbox 1667 2195 1764 2232; x_wconf 84' lang='lat' dir='ltr'>Flor.</span> <span class='ocrx_word' id='word_1_365' title='bbox 1796 2195 1953 2232; x_wconf 88' lang='lat' dir='ltr'>Pichena</span> <span class='ocrx_word' id='word_1_366' title='bbox 1982 2197 2016 2230; x_wconf 85' lang='lat'>&amp;</span> 
     </span>
     <span class='ocr_line' id='line_1_40' title="bbox 633 2243 2017 2290; baseline -0.003 -9"><span class='ocrx_word' id='word_1_367' title='bbox 633 2244 876 2282; x_wconf 81' lang='lat' dir='ltr'>Recentiores.</span> <span class='ocrx_word' id='word_1_368' title='bbox 897 2244 940 2279; x_wconf 91' lang='lat' dir='ltr'>In</span> <span class='ocrx_word' id='word_1_369' title='bbox 963 2245 1087 2281; x_wconf 86' lang='lat' dir='ltr'>ceteris</span> <span class='ocrx_word' id='word_1_370' title='bbox 1108 2245 1186 2282; x_wconf 82' lang='lat' dir='ltr'>Mff.</span> <span class='ocrx_word' id='word_1_371' title='bbox 1213 2249 1246 2282; x_wconf 71' lang='grc' dir='ltr'>ὃς</span> <span class='ocrx_word' id='word_1_372' title='bbox 1273 2245 1452 2282; x_wconf 88' lang='lat' dir='ltr'>veteribus</span> <span class='ocrx_word' id='word_1_373' title='bbox 1470 2245 1714 2290; x_wconf 78' lang='lat' dir='ltr'>editionibus,</span> <span class='ocrx_word' id='word_1_374' title='bbox 1743 2245 1885 2282; x_wconf 82' lang='lat' dir='ltr'>inverso</span> <span class='ocrx_word' id='word_1_375' title='bbox 1916 2243 2017 2280; x_wconf 88' lang='lat' dir='ltr'>ordi-</span> 
     </span>
     <span class='ocr_line' id='line_1_41' title="bbox 634 2295 1258 2339; baseline 0.003 -10"><span class='ocrx_word' id='word_1_376' title='bbox 634 2308 701 2339; x_wconf 90' lang='lat' dir='ltr'>ne,</span> <span class='ocrx_word' id='word_1_377' title='bbox 725 2306 782 2330; x_wconf 80' lang='lat' dir='ltr'>aut</span> <span class='ocrx_word' id='word_1_378' title='bbox 803 2295 938 2329; x_wconf 81' lang='lat' dir='ltr'>nolueris</span> <span class='ocrx_word' id='word_1_379' title='bbox 952 2323 960 2330; x_wconf 93' lang='lat'>.</span> <span class='ocrx_word' id='word_1_380' title='bbox 978 2323 985 2330; x_wconf 95' lang='lat'>.</span> <span class='ocrx_word' id='word_1_381' title='bbox 999 2321 1008 2329; x_wconf 90' lang='lat'>.</span> <span class='ocrx_word' id='word_1_382' title='bbox 1028 2307 1085 2330; x_wconf 79' lang='lat' dir='ltr'>aut</span> <span class='ocrx_word' id='word_1_383' title='bbox 1108 2298 1258 2331; x_wconf 75' lang='lat' dir='ltr'>volueris.</span> 
     </span>
    </p>

    <p class='ocr_par' dir='ltr' id='par_1_21' title="bbox 638 2343 2014 2443">
     <span class='ocr_line' id='line_1_42' title="bbox 684 2343 2014 2391; baseline 0 -11"><span class='ocrx_word' id='word_1_384' title='bbox 684 2344 783 2380; x_wconf 82' lang='lat' dir='ltr'>HAEc</span> <span class='ocrx_word' id='word_1_385' title='bbox 814 2355 942 2386; x_wconf 78' lang='lat' dir='ltr'><strong>ATQUE</strong></span> <span class='ocrx_word' id='word_1_386' title='bbox 972 2355 1091 2380; x_wconf 76' lang='lat' dir='ltr'>TALtA</span> <span class='ocrx_word' id='word_1_387' title='bbox 1121 2347 1132 2391; x_wconf 88' lang='lat'>]</span> <span class='ocrx_word' id='word_1_388' title='bbox 1158 2345 1217 2381; x_wconf 87' lang='lat' dir='ltr'>Sic</span> <span class='ocrx_word' id='word_1_389' title='bbox 1240 2346 1316 2382; x_wconf 90' lang='lat' dir='ltr'>Mss.</span> <span class='ocrx_word' id='word_1_390' title='bbox 1341 2345 1454 2381; x_wconf 89' lang='lat' dir='ltr'>Corb.</span> <span class='ocrx_word' id='word_1_391' title='bbox 1485 2348 1518 2381; x_wconf 69' lang='grc' dir='ltr'>ὃς</span> <span class='ocrx_word' id='word_1_392' title='bbox 1543 2345 1648 2380; x_wconf 87' lang='lat' dir='ltr'>Bodl.</span> <span class='ocrx_word' id='word_1_393' title='bbox 1672 2345 1713 2379; x_wconf 90' lang='lat' dir='ltr'>In</span> <span class='ocrx_word' id='word_1_394' title='bbox 1732 2345 1806 2380; x_wconf 83' lang='lat' dir='ltr'>Mss.</span> <span class='ocrx_word' id='word_1_395' title='bbox 1826 2344 1928 2380; x_wconf 82' lang='lat' dir='ltr'>Harl.</span> <span class='ocrx_word' id='word_1_396' title='bbox 1947 2343 2014 2380; x_wconf 89' lang='lat' dir='ltr'>Jes.</span> 
     </span>
     <span class='ocr_line' id='line_1_43' title="bbox 638 2393 1962 2443; baseline 0 -14"><span class='ocrx_word' id='word_1_397' title='bbox 638 2406 784 2431; x_wconf 87' lang='lat' dir='ltr'>necnon</span> <span class='ocrx_word' id='word_1_398' title='bbox 800 2393 962 2431; x_wconf 84' lang='lat' dir='ltr'>editione</span> <span class='ocrx_word' id='word_1_399' title='bbox 987 2394 1173 2443; x_wconf 82' lang='lat' dir='ltr'>principe,</span> <span class='ocrx_word' id='word_1_400' title='bbox 1198 2397 1260 2430; x_wconf 83' lang='lat' dir='ltr'>lzaec</span> <span class='ocrx_word' id='word_1_401' title='bbox 1283 2396 1320 2431; x_wconf 62' lang='grc' dir='ltr'>ἔπ’</span> <span class='ocrx_word' id='word_1_402' title='bbox 1337 2397 1430 2432; x_wconf 77' lang='lat' dir='ltr'>talia.</span> <span class='ocrx_word' id='word_1_403' title='bbox 1453 2394 1695 2439; x_wconf 83' lang='lat' dir='ltr'>Puteolanus,</span> <span class='ocrx_word' id='word_1_404' title='bbox 1722 2397 1785 2430; x_wconf 83' lang='lat' dir='ltr'>lzaec</span> <span class='ocrx_word' id='word_1_405' title='bbox 1807 2408 1843 2430; x_wconf 89' lang='lat' dir='ltr'>ac</span> <span class='ocrx_word' id='word_1_406' title='bbox 1868 2395 1962 2429; x_wconf 81' lang='lat' dir='ltr'>talia.</span> 
     </span>
    </p>
   </div>
  </div>
 </body>
</html>
