2209 3047
340 179 422 221 AD
446 180 671 222 LIBRUM
700 179 775 220 ΙΙΙ.
796 178 940 220 HIST.
961 179 1007 218 C.
1037 178 1216 220 CORN.
1253 177 1462 218 TACITI.
1506 183 1567 229 46
1578 195 1590 219 ι

271 256 326 293 Ex
348 269 601 294 TEMERITATE
628 260 739 302 spes]
769 254 919 304 Optime
933 254 998 289 Ms.
1013 254 1110 291 Flor.
1122 255 1236 291 editio
1253 255 1420 303 princeps
1434 257 1467 290 δε
1479 267 1599 292 recen-

214 307 335 344 tiores.
372 307 429 343 Sic
446 320 592 357 quoque
610 306 837 343 emendatum
859 304 968 341 altera
982 315 1087 338 manu
1104 305 1141 339 in
1158 305 1233 340 ΜΠ.
1256 304 1358 342 Harl.
1384 304 1492 340 Bodl.
1520 307 1600 341 An-

214 367 294 399 tea,
323 369 362 393 ut
379 360 412 393 &
428 358 494 392 Ms.
515 357 581 393 Jes.
600 370 641 391 ac
652 355 870 392 Puteolanus
888 383 898 398 ‚
927 353 1106 390 habebant
1120 381 1130 396 ,
1159 356 1194 389 ξφ
1220 358 1408 390 temeritate.
1442 353 1532 392 Inde
1558 355 1597 391 in

214 406 436 443 intermediis
451 406 674 442 editionibus
689 434 698 449 ‚
718 407 755 440 ἐπ’
768 419 809 441 ex
826 408 1012 440 temeritate.

265 456 474 497 OMMSQUE
499 460 655 501 cffinfis]
683 454 811 490 Mallet
837 453 994 489 eruditus
1017 452 1180 489 Petavius
1195 478 1205 494 ‚
1227 456 1408 502 animufique
1425 454 1530 489 caedes.
1560 454 1599 489 Si

212 504 303 554 quid
328 505 538 541 mutandum
567 505 662 541 foret
685 531 695 546 ,
728 502 1008 552 corrigendum,
1039 503 1220 551 animusque
1240 504 1276 538 &-
1305 506 1410 540 caedes.
1437 505 1489 541 At
1505 503 1599 540 nihil

212 566 343 604 peccat
358 556 505 606 vulgata
519 555 703 605 scriptura.

263 655 367 691 CAP.
394 655 546 691 XXVII.
584 654 745 690 STRAGE.
777 653 1044 699 Iucnssmzxr]
1080 654 1136 689 Ita
1162 653 1228 690 Ms.
1247 651 1344 688 Flor.
1361 653 1474 689 editio
1495 655 1597 702 prin-

211 715 298 752 ceps
315 731 324 747 ‚
350 704 508 740 Pichena
532 709 565 740 ὃς
591 703 834 740 Recentiores.
870 703 945 739 ΜΠ.
961 703 1063 740 Harl.
1080 703 1186 739 Bodl.
1210 702 1276 740 Jes.
1293 705 1326 738 ὃς
1349 703 1565 740 Puteolanus
1580 732 1594 750 ,

204 754 448 802 prosternerent.
467 754 581 789 Multd
595 753 780 803 cumstrage
795 754 952 801 incesserat
962 755 1118 789 εαηὲἳαιὶο
1134 781 1145 797 ,
1174 756 1240 791 δίε.

259 852 365 891 CAP.
386 853 557 890 XXVIII.
575 853 639 890 UT
659 853 836 889 MESSALA
854 856 1026 897 TRADIT]
1047 852 1115 887 Ms.
1126 852 1211 902 Agr.
1224 864 1258 888 ut
1269 853 1410 902 Meffizlae
1426 852 1594 890 traditum.

262 904 557 949 PRENSARENT]
588 903 642 938 Ita
668 903 745 939 Mff.
776 902 889 939 Corb.
914 902 1036 939 Guelf.
1061 902 1176 938 editio
1209 903 1401 953 princeps,
1434 912 1474 938 ut
1502 902 1595 954 saepe

208 951 304 988 alias.
323 954 400 990 Mff.
417 954 518 989 Harl.
535 953 642 989 Bodl.
657 952 725 989 Jes.
741 956 774 989 &
788 952 1006 989 Puteolanus
1023 979 1032 995 ,
1051 954 1281 999 prehensarent.

255 1003 469 1041 Semmecns
487 1007 504 1050 ]
529 1003 573 1038 In
589 1002 666 1040 Mff.
685 1002 774 1053 Reg.
790 1004 880 1052 Agr.
894 1005 929 1039 δε
944 1002 1105 1039 editione
1120 1002 1285 1052 principe
1302 1028 1312 1044 ,
1322 1003 1536 1050 semianimes.

257 1100 363 1140 CAP.
393 1103 521 1141 XXIX.
561 1103 727 1140 TERTIAE
754 1106 1036 1149 SEPTIMAEQUE]
1066 1103 1165 1139 Bene
1193 1101 1271 1140 Mss.
1299 1101 1411 1139 Corb.
1435 1104 1523 1153 Agr.
1550 1103 1594 1140 In

209 1151 310 1188 libris
325 1153 431 1189 editis
442 1182 451 1198 ,
470 1155 615 1201 septimae
631 1157 803 1203 tertiaeque.

259 1202 504 1240 SUPERJECTA
534 1208 664 1250 TELA]
684 1204 738 1239 Ita
753 1203 831 1239 Mff.
847 1203 950 1239 Harl.
972 1203 1156 1240 Bodl.Jes.
1166 1202 1383 1239 Puteolanus
1399 1205 1433 1239 ὃς
1451 1201 1593 1238 Recen-

205 1251 329 1288 tiores.
356 1253 397 1289 In
428 1253 495 1289 Ms.
522 1253 619 1290 Flor.
637 1255 832 1301 superjac‘ia.
853 1253 895 1288 In
920 1253 998 1289 Mff.
1022 1255 1111 1302 Reg.
1143 1252 1256 1289 Corb.
1276 1252 1360 1301 Agr.
1379 1256 1412 1288 ὅ(
1429 1252 1593 1289 editione

203 1301 382 1351 principe,
391 1304 612 1350 superiabiata
625 1305 700 1339 tela.
715 1303 820 1339 Dixit
831 1303 976 1352 quidem
991 1303 1153 1340 Valerius
1167 1301 1343 1338 Maximus
1357 1302 1407 1337 IX
1417 1328 1427 1345 ,
1443 1315 1478 1338 2.
1491 1314 1590 1338 num.

203 1363 241 1398 4.
261 1353 443 1389 Munatius
461 1353 613 1389 Flaccus
641 1357 791 1389 maternis
809 1356 939 1400 gremiis
953 1353 1163 1400 superpositos
1190 1353 1301 1387 liberos
1318 1352 1495 1387 trucidavit
1513 1380 1523 1395 ‚
1540 1355 1594 1386 in-

195 1401 364 1450 fantefilue
391 1404 471 1438 alios
497 1406 530 1438 in
548 1404 707 1449 conspeffit
721 1414 890 1448 parentum
905 1405 998 1437 humo
1016 1403 1125 1450 infligi
1140 1429 1150 1444 ,
1174 1403 1496 1450 aliossuperjaflatos
1513 1402 1593 1449 pilis

200 1454 317 1497 excipi.
333 1451 436 1486 Nihil
454 1462 574 1489 tamen
588 1452 809 1488 mutandum.
838 1451 931 1487 Haec
946 1452 1045 1488 enim
1063 1451 1246 1487 differunt.

251 1500 432 1537 Dismcm
457 1505 713 1546 OBRUlTQUE]
746 1501 805 1537 Sic
821 1500 895 1536 Mff.
910 1501 1012 1537 Harl.
1027 1500 1134 1536 Bodl.
1149 1500 1215 1537 Jes.
1235 1500 1453 1537 Puteolanus
1467 1504 1501 1538 &
1515 1500 1590 1538 Re-

202 1550 394 1587 centiores.
422 1551 465 1587 In
484 1551 550 1586 Ms.
568 1550 680 1587 Corb.
700 1554 734 1587 δε
758 1550 920 1587 editione
939 1550 1122 1600 principe,
1143 1551 1274 1593 disjecta
1295 1552 1500 1600 breviterque.
1521 1552 1589 1589 Ms.

200 1598 289 1650 Reg.
317 1602 457 1648 disjec‘io.
495 1600 551 1636 Cl.
572 1599 720 1636 Ernesto
742 1600 909 1649 displicet
925 1627 934 1643 ,
964 1602 1068 1636 obruit
1092 1615 1105 1636 .·
1128 1599 1251 1637 mallet
1266 1628 1276 1643 ‚
1297 1603 1441 1636 obtrivit.
1478 1601 1590 1638 Haud

200 1658 320 1686 tamen
349 1650 520 1686 vitiosum
545 1650 756 1686 crediderim
772 1678 781 1693 ,
810 1652 925 1686 obruit.
955 1650 1096 1698 Nempe
1120 1650 1292 1698 propulsa
1316 1650 1440 1686 balista
1466 1651 1590 1699 disjecit

199 1699 467 1744 testitudinem,
499 1703 533 1736 ὃς
558 1713 621 1736 eos
642 1713 788 1743 omnes,
819 1700 855 1735 in
900 1713 966 1736 uos
988 1700 1164 1736 inciderat
1182 1727 1190 1743 ‚
1223 1701 1339 1737 obruit.

248 1750 359 1796 Quos
382 1755 626 1797 1NcmERAT]
664 1751 790 1787 Mallet
815 1749 870 1785 Cl.
926 1750 1056 1787 rnestus
1076 1778 1085 1794 ‚
1116 1751 1183 1798 quis
1202 1749 1258 1785 vel
1279 1753 1311 1784 in
1331 1763 1405 1797 quos
1419 1751 1585 1789 inciderat.

197 1796 408 1884 fr·³fip⁰fitio
441 1799 599 1849 intelligi
625 1799 753 1849 potest.
780 1799 907 1837 Verius
930 1812 1049 1838 tamen
1071 1799 1272 1849 putaverim
1302 1800 1391 1836 olim
1415 1800 1586 1850 scriptum

215 1859 249 1882 ul
279 1862 298 1885 e
317 1878 326 1893 ,
355 1852 434 1898 quis.

254 1900 468 1936 SECURIBUS
496 1905 762 1947 GLADIISQUE]
794 1900 1020 1937 Emendabat
1050 1900 1218 1937 Heinsius
1252 1927 1261 1943 ‚
1294 1900 1457 1946 securibus
1491 1901 1584 1937 dola-

197 1948 330 1997 brisque.
353 1951 467 1996 Quod
483 1951 627 2000 quidem
647 1950 967 1999 probabilissimum
993 1950 1087 1987 foret
1106 1979 1114 1993 ,
1136 1950 1158 1985 fi
1184 1950 1227 1986 de
1243 1949 1349 1998 porta
1370 1950 1466 1986 urbis
1496 1964 1582 2001 age-

197 2008 305 2035 retur.
333 2000 385 2035 At
399 2000 482 2036 cum
496 2000 557 2036 hic
573 2012 790 2037 memoretur
814 2001 899 2036 valli
921 2012 1026 2049 porta
1045 2029 1053 2043 ‚
1075 2000 1171 2035 haud
1192 2000 1241 2035 ita
1254 1998 1373 2035 valida
1394 2028 1404 2043 ,
1428 2000 1466 2035 in
1478 2011 1583 2038 tanto

195 2048 432 2085 tertianorum
447 2050 583 2098 impetu
603 2050 784 2086 securibus
796 2050 994 2100 gladiisque
1014 2050 1134 2099 potuit
1152 2049 1336 2099 perfringi.

250 2098 331 2144 Qul
356 2104 662 2145 RESTlTERANT]
695 2100 791 2136 Bene
819 2099 893 2135 Mis.
916 2100 1016 2135 Harl.
1034 2100 1140 2135 Bodl.
1158 2099 1270 2136 Corb.
1288 2099 1467 2137 editiones
1481 2111 1581 2137 vete-

195 2159 250 2182 res
282 2150 316 2184 &
343 2150 570 2186 recentiores.
621 2149 699 2186 ΜΠ.
731 2149 798 2185 Jes.
834 2150 954 2188 Guelf.
978 2154 1011 2187 <Sc
1038 2150 1229 2188 Rhenanus
1254 2176 1265 2194 ‚
1304 2153 1358 2198 qui
1393 2150 1580 2198 reststerent.

196 2186 379 2251 Corruptc
393 2198 459 2235 Ms.
473 2198 570 2235 Flor.
586 2200 774 2247 refisterant.

249 2295 354 2334 CAP.
383 2296 494 2333 XXX.
519 2299 580 2334 AT
612 2303 786 2345 Russus]
825 2300 922 2336 Bene
940 2299 1007 2336 Ms.
1023 2300 1135 2336 Corb.
1169 2299 1227 2336 Sic
1250 2312 1397 2350 quoque
1415 2299 1575 2337 ediderat

196 2343 253 2382 Cl.
270 2345 444 2383 Ernestus.
463 2347 583 2396 Vulgo
600 2348 638 2384 in
658 2349 731 2385 Mss.
749 2353 782 2385 ὃς
799 2349 977 2386 veteribus
993 2349 1214 2386 editionibus
1228 2378 1236 2393 ,
1254 2364 1290 2385 ac
1306 2352 1424 2385 rursi'is.

242 2393 325 2432 Im
346 2402 556 2445 TRABfflus]
586 2398 715 2437 Mallet
740 2399 798 2436 Cl.
828 2399 1014 2447 Ernestus,
1038 2401 1108 2437 hinc
1127 2400 1185 2439 vel
1211 2402 1312 2436 illinc.
1338 2402 1390 2437 At
1416 2399 1577 2440 retinen-
