2230 3047
151 841 201 869 10

151 1156 199 1197 ¹5

148 1475 204 1502 20

351 176 827 220 HISTORIARUM
869 173 1065 217 LIBER
1103 176 1456 218 SECUNDUS.
1531 188 1609 228 115

226 258 341 301 fimul
356 290 369 311 ,
396 260 531 301 medio
554 261 773 316 temporis,
798 257 930 315 plures
950 259 1081 298 nuntii
1104 257 1373 313 sperabantur.
1394 259 1614 309 Bononiae,
1639 277 1755 286 -——

227 324 358 366 divifis
377 339 447 380 per
465 325 607 365 itinera
622 353 636 374 ‚
656 325 724 377 qui
748 322 1058 364 recentiffimum
1085 335 1282 375 quemque
1308 323 1616 377 percunCtaren-

228 401 293 428 tur
305 418 318 439 ,
339 389 606 442 interrogatus
624 387 803 427 Othonis
818 385 983 427 libertus
1005 402 1026 422 «
1044 385 1203 426 causam
1222 384 1409 438 digressus
1423 416 1435 436 ‚
1468 385 1615 426 habere

227 450 301 491 »se
323 451 505 507 suprema
523 449 607 502 ejus
625 449 811 490 mandata
830 466 852 486 »
872 449 1097 506 respondit:
1122 465 1143 485 (ε
1164 447 1294 504 ipsum
1309 449 1514 490 viventem
1531 451 1617 504 qui-

227 530 250 552 >2
262 514 354 556 dem
375 513 556 555 relic'ium
569 544 583 565 ,
607 513 675 554 sed
701 512 786 553 sola
806 514 1044 569 posteritatis
1072 510 1166 554 cura
1188 516 1197 532 ¹
1215 541 1228 562 ,
1256 513 1296 551 ὅ(
1324 510 1497 567 abruptis
1525 515 1617 553 vitae

228 576 544 619 »blandimentis
559 595 581 615 >2
592 608 602 618 .
616 578 731 618 Hinc
746 576 956 618 admiratio
966 607 979 628 ,
1002 581 1042 617 ὅ(
1058 575 1172 632 plura
1185 575 1460 630 interrogandi
1475 577 1618 632 pudor.

229 641 365 696 Atque
385 643 567 682 omnium
589 641 713 682 animi
731 641 774 680 in
795 639 1010 681 Vitellium
1029 638 1290 680 inclinavere.

292 705 416 746 LIV.
449 705 734 745 INTERERAT
761 702 934 744 consiliis
956 703 1078 744 frater
1099 701 1208 755 ejus,
1244 701 1294 742 L.
1314 699 1532 751 Vitellius,
1558 702 1619 742 se-

231 782 309 822 que
328 766 408 820 jam
427 767 682 809 adulantibus
705 766 924 817 offerebat,
951 769 1043 808 cum
1063 765 1228 822 repente
1248 765 1402 805 Coenus
1417 794 1430 815 ‚
1455 763 1620 806 libertus

229 832 407 873 Neronis
420 861 434 882 ,
453 833 581 873 atroci
600 830 814 872 mendacio
830 830 1036 871 universos
1053 829 1247 886 perculit,
1267 829 1498 878 adfirmans,
1520 844 1541 863 «
1558 828 1622 868 su-

231 908 461 951 »perventu
473 895 785 950 quartaedecimae
803 893 977 950 legionis
1002 897 1016 914 ²
1024 923 1037 944 ‚
1058 892 1199 945 junffis
1216 908 1237 934 a
1254 891 1436 934 Brixello
1452 890 1624 941 viribus,

231 958 384 1001 »caesos
404 960 594 1010 vffitores,
618 958 773 999 versam
803 959 976 1014 partium
998 957 1200 998 fortunam
1224 974 1267 997 ».
1293 955 1422 997 Causa
1445 955 1627 1009 fingendi

231 1021 328 1073 fuit,
350 1035 396 1063 ut
411 1021 631 1078 diplomata
648 1023 828 1063 Othonis
847 1026 858 1050 ³
877 1051 890 1072 ,
918 1036 1000 1076 quae
1017 1020 1346 1076 negligebantur,
1363 1019 1513 1059 laetiore
1529 1033 1627 1058 nun-

231 1086 291 1126 tio
303 1084 615 1126 revalescerent.
635 1084 687 1126 Et
707 1085 861 1125 Coenus
883 1085 1045 1138 quidem
1066 1084 1200 1140 rapide
1223 1085 1264 1124 in
1285 1083 1434 1124 Urbem
1459 1083 1593 1123 vetius
1611 1110 1626 1132 ‚

234 1163 384 1205 paucos
402 1150 486 1204 post
502 1149 585 1190 dies
598 1179 611 1199 ,
635 1147 736 1201 jussu
758 1146 917 1190 Vitellii
936 1162 1075 1204 poenas
1095 1147 1185 1188 luit.
1204 1149 1447 1188 Senatorum
1465 1147 1627 1202 pericu-

233 1211 319 1252 lum
339 1214 496 1253 antium
510 1242 522 1263 ,
547 1212 802 1253 credentibus
825 1212 1070 1253 Othonianis
1089 1209 1284 1250 militibus
1303 1225 1396 1251 vera
1415 1210 1491 1251 effe
1504 1239 1516 1259 ‚
1543 1224 1627 1263 quae

233 1275 526 1317 adferebantur.
545 1275 788 1317 Intendebat
802 1275 1061 1316 formidinem
1074 1303 1088 1325 ,
1110 1274 1219 1328 quod
1236 1273 1389 1330 publici
1407 1272 1561 1314 consilii
1576 1273 1631 1313 fa-

234 1341 298 1380 cie
316 1344 335 1368 4
347 1369 360 1390 ‚
385 1339 595 1380 discessum
613 1339 777 1380 Mutina
790 1369 803 1389 ,
829 1338 1067 1392 desertaeque
1090 1351 1220 1394 partes
1241 1337 1386 1378 forent.
1407 1338 1500 1377 Nec
1524 1334 1630 1376 ultra

236 1402 279 1442 in
300 1417 518 1443 commune
542 1403 736 1458 congreffi
750 1433 765 1453 ‚
790 1401 859 1442 fibi
879 1402 1044 1456 quisque
1067 1400 1327 1442 consuluere:
1357 1401 1489 1442 donec
1511 1399 1629 1439 miffa:

239 1482 261 1507 a
278 1465 405 1508 Fabio
421 1465 595 1508 Valente
610 1465 784 1522 epistolae
798 1496 810 1516 ‚
831 1466 1038 1506 demerent
1051 1478 1218 1506 metum.
1231 1463 1284 1505 Et
1299 1479 1406 1507 mors
1421 1464 1600 1504 Othonis
1616 1491 1632 1514 ,

238 1531 319 1585 quo
340 1528 579 1571 laudabilior
593 1560 606 1580 ,
631 1533 681 1571 eo
704 1528 885 1570 velocius
908 1528 1054 1570 audita.

270 1598 272 1600 ’
299 1594 397 1636 LV.
431 1595 505 1633 AT
526 1594 669 1634 Romae
689 1592 791 1633 nihil
809 1592 1108 1649 trepidationis:
1130 1590 1318 1633 Cereales
1334 1588 1419 1631 ludi
1443 1595 1455 1622 5
1478 1605 1528 1631 ex
1549 1605 1632 1630 mo-

238 1671 281 1697 re
300 1655 588 1714 spelz’tabantur.
609 1659 666 1698 Ut
681 1674 702 1693 «
719 1657 864 1698 ceffisse
884 1656 967 1696 vita
988 1657 1199 1697 Othonem
1214 1685 1226 1705 ,
1252 1659 1292 1695 ὃς
1314 1670 1335 1694 a
1358 1653 1500 1696 Flavio
1518 1653 1632 1695 Sabi-

237 1737 260 1758 >2
272 1736 324 1762 no
338 1751 351 1772 ‚
375 1720 559 1777 praefeeto
583 1720 725 1771 Urbis,
751 1720 860 1775 quod
883 1734 967 1761 erat
988 1721 1028 1760 in
1050 1718 1156 1759 Urbe
1181 1717 1356 1758 militum
1382 1718 1634 1759 sacramento

239 1783 431 1826 »Vitellii
447 1784 626 1825 adactum
643 1802 687 1835 2),
710 1786 809 1826 certi
830 1785 1007 1825 auetores
1024 1784 1066 1822 in
1081 1784 1283 1823 theatrum
1305 1780 1547 1831 attulerunt,
1565 1782 1634 1822 Vi-

239 1847 357 1889 tellio
380 1847 583 1904 plausere:
606 1847 778 1905 populus
794 1879 806 1898 ‚
837 1863 928 1889 cum
951 1846 1066 1888 lauru
1086 1861 1132 1887 ac
1156 1844 1320 1887 floribus
1333 1875 1346 1895 ,
1375 1844 1514 1885 Galbae
1534 1846 1636 1885 ima-

241 1912 356 1967 gines
379 1913 533 1953 circum
554 1911 706 1968 templa
725 1911 818 1953 tulit
832 1942 845 1963 ,
870 1911 1068 1967 congestis
1092 1911 1134 1950 in
1155 1909 1323 1950 modum
1343 1908 1491 1950 tumuli
1514 1923 1636 1950 coro-

284 2014 293 2029 ¹
317 2010 402 2041 Sor-A
433 2021 658 2042 Posrrmmns
684 2022 765 2041 CURA
788 2011 803 2048 ]
834 2010 921 2041 Solas
939 2014 943 2053 Ι
962 2010 996 2040 8(
1027 2008 1286 2052 Sutiivleinenttim
1312 2007 1425 2038 Annal.
1460 2009 1552 2044 XVI,
1584 2019 1636 2045 90.

244 2049 429 2094 posteritatis
448 2050 741 2082 &immortalitatis
755 2060 839 2081 curas
852 2050 922 2080 ani-
940 2056 944 2111 ς
962 2049 1032 2093 Alia
1048 2057 1135 2093 erant
1154 2049 1329 2087 diplomata
1348 2047 1577 2092 beneficiorum
1594 2071 1601 2082 ‚
1619 2059 1635 2079 a

242 2098 298 2128 mo
311 2097 493 2128 agitantem.
962 2089 1157 2127 Prinmpibus
1173 2088 1377 2123 collatorum,
1393 2097 1460 2126 quae
1470 2088 1543 2117 vide
1556 2089 1637 2125 apud

284 2132 295 2145 ²
318 2131 593 2166 Quamaenrcmflz
618 2140 765 2161 Litoioms
786 2132 800 2168 ]
820 2132 923 2167 Quam
940 2118 944 2156 l
962 2130 1092 2158 Sueton.
1111 2127 1142 2156 in
1166 2129 1246 2167 Aug.
1264 2129 1304 2158 L.
1322 2127 1355 2157 in
1371 2127 1450 2158 Caio
1464 2129 1636 2159 XXXVlll.

243 2170 360 2213 contra
379 2169 624 2213 Vitellianorum
643 2170 769 2201 accursu
791 2170 924 2209 propul-
942 2158 946 2209 Ι
964 2168 995 2197 in
1016 2168 1091 2197 Ner.
1112 2168 1179 2196 XII.

244 2208 308 2239 sam
329 2208 466 2239 Vidimus
484 2210 572 2248 supra
591 2219 657 2248 cap.
681 2220 733 2247 43.
1003 2211 1018 2230 4
1040 2208 1168 2237 Pomm
1191 2217 1327 2237 consuit
1356 2207 1476 2243 mein]
1506 2205 1637 2236 Publico

287 2253 297 2274 3
322 2248 518 2279 Dinomn
542 2250 807 2286 Ornouis]Quae
826 2247 926 2288 negli-
965 2246 1049 2277 enim
1078 2245 1210 2277 consilio
1241 2247 1364 2277 Mutina
1399 2245 1574 2279 disccffiss'c,
1603 2246 1639 2276 ὃς

245 2288 418 2331 gebantur‚
434 2297 562 2319 mortuo
585 2288 733 2321 Othone.
747 2290 781 2318 ἀ
800 2287 926 2318 fortuna
965 2286 1102 2317 Othonis
1124 2295 1224 2324 partes
1249 2286 1411 2317 deseruisse
1439 2285 1640 2315 videbant-,ir-

244 2327 371 2366 1mperii
389 2327 421 2357 in
437 2327 533 2358 alium
558 2327 925 2366 transsatiDiplomata,
1007 2331 1016 2353 5
1049 2327 1216 2356 Caurum
1253 2338 1326 2357 ιυυι
1355 2327 1368 2363 ]
1404 2325 1546 2355 Cereales
1574 2324 1640 2353 ludi

247 2366 286 2396 de
304 2366 416 2406 quibus
431 2367 482 2397 hlc
503 2367 624 2405 agitur,
645 2378 679 2398 ea
696 2367 781 2404 sunt,
795 2377 862 2406 quae
877 2368 928 2396 da-
967 2365 1179 2404 spectabantur
1201 2365 1232 2394 in
1258 2365 1343 2396 circo
1369 2365 1419 2395 die
1448 2375 1482 2399 19
1516 2363 1640 2402 Aprilis.

244 2405 361 2436 bantur
392 2415 426 2437 ut
448 2406 608 2437 viatorum
642 2406 743 2437 cursus
773 2408 926 2437 celerarc-
968 2405 1048 2436 Vide
1071 2415 1138 2443 quae
1164 2405 1203 2434 de
1221 2404 1267 2436 his
1291 2405 1371 2437 ludis
1396 2403 1531 2434 diximu.
1555 2403 1640 2442 supr&

247 2451 308 2476 tur.
328 2445 409 2478 Vide
429 2446 588 2486 Plinium,
610 2447 665 2487 Ep.
686 2448 734 2484 X,
767 2457 805 2486 ¹4
822 2447 857 2480 ὃς
881 2457 927 2486 54.
968 2445 1080 2476 Annal.
1102 2446 1180 2483 XV,
1199 2455 1248 2484 53.
1378 2488 1408 2529 P
1441 2484 1467 2493 .-

1440 2501 1467 2538 ll

1640 309 1671 333 A.
1684 310 1714 331 U.
1725 309 1756 332 C.

1663 357 1735 386 822.

1665 417 1688 440 J.
1700 416 1730 440 C.

1673 463 1726 497 69.
