2209 3047
88 841 140 871 10

89 1158 137 1199 ¹5

85 1477 144 1508 20

317 176 794 222 HISTORIARUM
831 172 1024 215 LIBER
1066 173 1387 228 QUARTUS.
1473 186 1557 226 255

166 257 209 302 in
236 260 375 303 senatu
401 262 611 317 cognitio,
639 258 859 301 secundnm
886 268 1063 296 veterem
1091 270 1258 297 morem.
1283 255 1462 298 Manlius
1486 257 1560 297 Pa-
1638 305 1644 311 .

164 326 337 376 truitus,
365 325 548 374 senator,
576 342 597 360 «
622 323 821 380 pulsatum
844 320 883 361 se
906 324 916 341 ¹
942 320 983 359 in
1005 316 1168 359 colonia
1187 320 1350 360 Senensi
1374 324 1415 371 ²,
1442 334 1554 362 coetu
1582 303 1696 388 Agge

165 388 468 429 »multitudinis
483 417 496 438 ,
524 391 563 428 ὃς
585 385 685 439 jussu
707 386 1006 441 magistratuum
1033 399 1054 419 »
1081 381 1340 435 querebatur:
1370 401 1391 420 «
1415 398 1491 425 nec
1516 385 1559 425 fi·
1608 401 1632 425 J.
1644 403 1676 426 c.

165 466 292 492 »nem
312 449 464 503 injuriae
485 452 552 492 hic
572 449 733 490 stetisse:
752 448 954 504 plancium
969 476 982 497 ‚
1007 449 1046 487 ὅ(
1067 443 1243 486 lamenta
1258 475 1270 495 ,
1294 450 1334 486 δε
1358 447 1561 502 supremo-
1613 459 1668 488 70·

167 532 190 552 »
200 530 288 555 rum
311 516 528 570 imaginem
550 518 560 542 ³
586 513 766 570 proesenti
788 511 858 552 fibi
886 509 1158 559 circumdata,
1185 524 1278 550 cum
1301 510 1560 553 contumeliis

167 582 242 619 »ἃ
266 577 449 635 probris,
474 592 557 632 quae
582 578 624 616 in
651 576 831 616 senatum
856 573 1086 615 universum
1109 571 1336 626 jacerentur
1363 578 1380 599 4
1407 591 1448 613 ».
1481 576 1564 616 Vo-

170 643 249 683 cati
262 671 276 692 ‚
305 642 374 695 qui
396 639 677 696 arguebantur.
699 638 752 679 Et
773 636 937 692 cognita
959 634 1078 678 causa
1090 666 1103 687 ,
1132 638 1174 677 in
1196 636 1404 677 convictos
1430 638 1564 678 vindi-

170 718 318 746 catum.
341 704 616 757 Additumque
638 700 1051 751 senatusconsultum,
1072 715 1152 754 quo
1171 699 1402 741 Senenfium
1424 698 1563 754 plebes

168 767 366 808 modestiae
399 767 693 807 admoneretur.
715 764 863 806 Iisdem
891 763 1030 805 diebus
1053 764 1256 805 Antonius
1277 762 1460 805 Flamma
1482 762 1564 816 Cy-

169 828 396 872 renensibus
419 834 432 862 5
462 830 672 871 damnatur
691 858 704 880 ‚
733 827 826 884 lege
851 826 1162 884 repetundarum
1189 825 1206 849 ⁶
1220 856 1234 878 ,
1268 831 1309 869 ὃς
1339 824 1476 869 exsilio
1509 824 1562 867 ob

169 894 373 935 saevitiam.

232 956 406 999 XLVI.
437 956 593 997 INTER
620 970 703 1010 quae
739 952 921 996 militaris
952 954 1096 995 seditio
1119 953 1245 1010 prope
1280 953 1433 994 exarsit.
1458 953 1561 994 Prae-

168 1022 367 1063 torianam
389 1018 576 1061 militiam
597 1018 832 1076 repetebant
855 1034 876 1059 a
892 1016 1065 1059 Vitellio
1088 1017 1228 1058 dimissi
1242 1047 1254 1067 ,
1274 1032 1346 1073 pro
1362 1016 1564 1073 Vespafia-

169 1099 225 1125 no
248 1085 486 1139 congregati
509 1088 546 1123 ⁷:
573 1086 614 1124 ὃ(
639 1082 761 1124 Ιεξὶιιε
783 1083 824 1123 in
847 1081 1030 1123 eamdem
1052 1081 1161 1137 spem
1185 1096 1206 1121 e
1226 1079 1455 1135 legionibus
1485 1081 1563 1120 mi-

169 1145 254 1199 les,
280 1147 465 1204 promissa
487 1146 681 1203 stipendia
705 1143 720 1168 ³
743 1144 961 1201 flagitabat.
981 1145 1048 1185 Ne
1068 1143 1280 1186 Vitelliani
1306 1144 1467 1198 quidem
1481 1173 1494 1194 ‚
1522 1143 1564 1182 ss-

169 1225 221 1252 ne
254 1209 382 1251 multa
406 1210 536 1260 caede,
564 1208 661 1266 pelli
685 1223 884 1266 poterant.
915 1207 1114 1263 Ingressus
1147 1208 1268 1248 castra
1302 1208 1522 1248 Mucianus
1551 1235 1565 1255 ,

171 1276 253 1328 quo
287 1275 427 1315 refilius
461 1273 654 1330 stipendia
675 1272 922 1328 singulorum
944 1272 1136 1328 spectaret
1147 1300 1160 1320 ‚
1188 1270 1265 1311 suis
1288 1286 1380 1312 cum
1402 1270 1566 1325 insigni-

170 1337 245 1379 bus
269 1337 465 1391 armisque
487 1338 657 1378 viciores
681 1337 913 1386 constituit,
938 1335 1110 1375 modicis
1137 1335 1241 1374 inter
1261 1334 1301 1374 se
1328 1334 1461 1390 spatiis
1484 1333 1565 1374 dis-

172 1414 319 1442 cretos.
337 1401 446 1440 Tum
465 1398 699 1450 Vitelliani,
723 1414 822 1454 quos
843 1398 948 1455 apud
969 1396 1148 1439 Bovillas
1168 1399 1210 1438 in
1233 1397 1481 1438 deditionem
1504 1412 1566 1438 ac-

173 1477 315 1521 ceptos
334 1465 645 1504 memoravimus
666 1467 681 1490 9
695 1493 708 1513 ‚
734 1464 937 1516 ceterique
959 1477 1028 1518 per
1048 1460 1198 1502 Urbem
1212 1491 1225 1511 ‚
1248 1464 1288 1501 ὅ(
1311 1460 1409 1501 Urbi
1431 1462 1566 1501 vicina

172 1527 412 1582 conquisiti,
437 1527 716 1583 producuntur
741 1526 867 1582 prope
890 1527 1039 1566 intentio
1065 1539 1250 1581 corpore.
1275 1541 1296 1561 <c
1319 1524 1400 1565 Eos
1421 1541 1443 1561 2>
1467 1524 1567 1564 Mu-

214 1654 222 1669 ¹
246 1649 415 1680 Pursnuu
437 1658 471 1678 siz
484 1651 495 1682 ]
510 1647 624 1687 Digest.
638 1647 708 1679 libr.
720 1648 849 1678 XLVII.

174 1688 239 1734 Tit.
260 1698 306 1718 ιο.
321 1689 400 1727 Leg.
419 1695 446 1755 Ξ.
463 1686 768 1732 οΧ.υ1ρίᾶηο..Ιητεν
787 1687 851 1723 pul-

164 1729 305 1768 Jimonem
330 1727 360 1756 [r
374 1736 422 1757 ver
440 1736 589 1756 eratzonem
609 1726 658 1755 hoc
672 1725 800 1765 luteast,
821 1735 851 1755 ut

178 1767 281 1807 Ofilius
291 1766 392 1806 scribit
405 1778 414 1794 .·
434 1766 588 1797 Verberare
605 1765 657 1804 est,
677 1776 737 1795 cum
758 1765 848 1795 dolore

889 1647 971 1678 aetio
983 1670 992 1683 ‚
1007 1645 1075 1685 qued
1093 1645 1153 1685 quis
1170 1644 1352 1685 pulflztusfir.
1374 1645 1465 1676 Illata
1485 1655 1564 1685 quo-

890 1697 950 1726 que
969 1685 1060 1715 verbis
1074 1685 1186 1724 injuria
1201 1709 1209 1722 ,
1228 1686 1313 1725 quod
1327 1684 1440 1715 facturn
1453 1684 1488 1715 fit
1499 1695 1566 1714 con-

888 1726 989 1755 vicium
1007 1726 1149 1765 planetu,
1179 1724 1322 1755 lamentis
1348 1725 1383 1755 ὅ(
1408 1724 1565 1764 supremo-

890 1775 958 1796 rum
978 1765 1125 1805 imagine.
1139 1764 1214 1794 Fuit
1226 1765 1261 1795 &
1280 1763 1442 1793 contumelia
1455 1788 1463 1801 ‚
1480 1763 1567 1795 fuere

175 1806 280 1837 caedere
293 1819 302 1835 :
317 1806 439 1846 γυψὶν-ε,
450 1805 514 1846 fine
533 1804 632 1835 dolore.

213 1850 225 1864 ²
248 1847 281 1876 lu
305 1856 443 1877 comum
463 1847 619 1884 Senensi]
652 1845 747 1876 Nunc
764 1844 851 1874 Sien-

175 1896 211 1916 ne
227 1896 261 1916 en
277 1884 409 1924 Toscane.

216 1931 227 1952 3
251 1927 478 1956 Suraeuonum
494 1925 677 1962 masma-m]
691 1924 851 1954 Funerum

175 1964 346 2005 imaginem
392 1964 511 1994 raesenti
531 1963 605 1997 fibi,
629 1964 664 1995 &
693 1972 852 2004 tamquam

177 2003 324 2036 defuneto
341 2025 350 2038 ‚
406 2003 457 2034 isse
477 2003 677 2034 circumdata.

214 2048 231 2067 4
250 2044 478 2081 JAOERENTUR]
488 2042 692 2082 Utintelligas
707 2042 768 2082 quai
776 2050 851 2079 arte,

178 2082 240 2124 qua
269 2082 434 2122 diligentia
459 2105 469 2118 ,
510 2082 572 2122 qua
604 2082 760 2112 brevitate
789 2082 853 2112 haec

178 2121 333 2153 accusatio
347 2121 533 2162 sit-exposita
543 2145 552 2159 ,
566 2122 640 2152 vide
654 2122 695 2152 Di
719 2121 770 2152 est.
782 2121 852 2152 libr.

178 2163 323 2193 XLvm.
340 2161 406 2192 Tit.
428 2172 474 2191 10.
494 2161 543 2190 De
561 2161 674 2200 injuriis
740 2160 854 2199 famffis

177 2201 290 2232 libellis.
313 2202 388 2240 Leg.
412 2211 422 2230 1
440 2201 474 2232 ὃ(
496 2200 524 2231 se
550 2211 582 2240 q.
604 2200 713 2240 Agitur
726 2200 856 2239 deinju-

180 2240 248 2276 ria,
274 2239 342 2285 qudcl
364 2241 428 2279 jure
451 2239 480 2269 [2⁶
502 2241 532 2278 ju
555 2240 606 2269 itini
635 2249 720 2269 caret.
755 2242 855 2270 Atrox

135 2310 140 2315 ,
179 2281 223 2312 est
246 2279 500 2326 injuria,perfi>nti
512 2279 676 2310 senatoris:
701 2280 854 2316 atrocior,

179 2330 247 2390 ἔξω
265 2331 294 2350 ιη
310 2319 446 2358 εοηῃτεὸἰιι
463 2327 609 2359 coetuque
626 2318 855 2354 multitudinis,

237 2360 385 2390 mandatu
398 2359 538 2398 jussuque
560 2358 798 2398 magistratuum.
810 2360 857 2388 ln-

182 2398 261 2436 juria
279 2399 363 2429 illata
375 2409 420 2433 re,
434 2399 520 2438 quod
536 2398 668 2437 pulsatus
691 2398 730 2429 est
743 2398 856 2428 Patrui-

181 2446 251 2470 tus:
266 2438 300 2471 ὃ(
315 2439 384 2479 lege
403 2437 555 2471 Cornelia
582 2438 620 2471 de
634 2438 754 2478 iniuriis
768 2439 856 2471 datur

891 1806 1016 1845 probra.
1034 1803 1151 1842 Iniuria
1173 1803 1250 1834 faeta
1259 1803 1396 1843 pertinet
1405 1802 1441 1831 ad
1452 1813 1567 1841 corpus,

891 1844 927 1873 ad
942 1844 1107 1884 dignitatem
1119 1867 1128 1880 ‚
1142 1854 1199 1874 nec
1212 1843 1246 1873 in
1264 1843 1438 1874 senatorem
1452 1853 1568 1881 unum,

891 1884 942 1915 sed
961 1884 994 1914 in
1009 1883 1147 1914 senatum
1168 1882 1349 1913 universum
1361 1882 1530 1913 redundat.

932 1929 941 1951 5
966 1925 1231 1960 Cvnsuzusmcs]
1261 1921 1483 1952 Accusantibus
1505 1923 1569 1961 Cy-

891 1962 1082 1995 renenfibus.
1098 1962 1187 1993 Alios
1202 1972 1219 1992 a
1231 1961 1461 2000 Cyrenensibus
1477 1972 1568 1992 accu-

892 2003 973 2034 satos
998 2002 1135 2033 vidimus
1154 2001 1242 2041 supra
1262 2001 1375 2032 Annal.
1394 2002 1457 2038 111,
1474 2001 1569 2041 70.&

893 2045 966 2073 XIV
979 2066 988 2077 ‚
1015 2045 1062 2073 18.

933 2084 946 2102 ⁶
970 2083 1059 2112 LEGE
1082 2091 1343 2112 REPETUNDARUM
1362 2080 1376 2117 ]
1399 2080 1571 2110 Damnatus

894 2121 934 2152 est
959 2121 1101 2152 Flamma
1123 2122 1190 2161 lege
1219 2119 1299 2151 Julia
1327 2119 1569 2159 repetundarum

895 2162 937 2192 ob
951 2161 1098 2200 pecunias
1126 2168 1235 2191 contra
1266 2159 1368 2199 legem
1397 2167 1571 2197 acceptas;

895 2201 929 2232 &
951 2201 1100 2231 multatus
1124 2201 1163 2232 est
1184 2198 1292 2231 exfilio
1317 2199 1358 2229 ob
1377 2198 1524 2229 saevitiam
1537 2197 1572 2228 in

896 2240 931 2271 ea
957 2239 1123 2278 provincia
1147 2238 1325 2271 exercitam.

938 2285 950 2304 7
975 2278 1290 2317 Cononem-flvide
1300 2277 1573 2316 supraHist.ll‚67..

935 2318 946 2338 3
969 2320 1138 2351 δτιΡεκοιΛ
1158 2320 1172 2356 ]
1206 2319 1254 2348 De
1276 2316 1434 2356 stipendiis
1464 2324 1572 2355 praeto-

897 2358 988 2389 rianae
1014 2358 1135 2390 militiae
1158 2357 1274 2389 dietum
1296 2357 1383 2396 supra
1408 2356 1519 2385 Annal.
1538 2356 1574 2392 1,

901 2409 947 2438 ¹7·
967 2406 1037 2429 not.
1066 2401 1094 2428 8.

937 2443 950 2463 ⁹
974 2439 1224 2471 Memomvmus
1246 2437 1260 2474 ]
1279 2436 1375 2475 Supra
1393 2444 1458 2474 cap.
1482 2444 1515 2465 2,
