2209 3047
327 150 797 195 HISTORIARUM
835 151 1034 194 LIBER
1074 152 1392 208 QUARTUS.
1474 171 1561 208 247

183 231 267 274 lum
295 233 430 276 malle.
456 233 574 275 Nihil
599 234 706 288 aeque
738 233 935 274 exercitus
959 233 1138 283 nostros,
1169 235 1287 288 quam
1320 238 1466 291 egestas
1489 253 1561 279 co·
1583 249 1700 264 ς’

185 300 339 354 piarum
365 298 570 352 fatigabat.
596 298 888 354 Impedimenta
919 294 1129 350 legionum
1152 313 1243 337 cum
1266 299 1418 340 imbelli
1448 298 1563 341 turba
1586 284 1701 362 ⁶232?

183 361 408 402 Novefium
427 361 535 402 miffa
550 391 562 411 ,
585 375 629 401 ut
656 361 775 411 inde,
799 360 968 400 terrestri
995 360 1139 400 itinere
1159 366 1166 381 ¹
1184 390 1196 410 ,
1222 361 1465 403 frumentum
1494 365 1563 405 ad·
1614 383 1676 408 J.c.

183 426 392 466 veherent.
418 426 528 465 Nam
554 425 718 464 flumine
741 427 755 444 ²
777 424 906 463 hostes
931 422 1198 479 potiebantur.
1225 425 1402 465 Primum
1419 442 1564 481 agmen
1618 432 1671 468 69·

135 500 158 540 5
186 488 369 528 securum
385 487 558 537 incessit,
577 487 758 528 nondum
784 486 874 526 satis
900 486 1016 528 firmo
1039 484 1192 527 Civile:
1217 488 1313 540 qui,
1340 488 1409 528 ubi
1443 507 1464 526 <c
1480 505 1565 530 rur-

186 551 281 592 »sus
301 551 432 592 missos
460 551 680 591 Novessum
706 549 1040 600 frumentatores,
1072 549 1259 603 datasque
1282 551 1323 590 in
1349 553 1566 606 praesldium

187 631 209 651 »
221 616 409 655 cohortes
423 644 436 664 ,
465 612 577 654 velut
595 610 722 652 multa
740 626 839 667 pace
855 641 868 662 ,
890 613 1082 667 ingredi»
1111 614 1290 669 accepit:
1313 628 1445 654 rarum
1462 617 1568 671 apud

186 677 295 732 figna
319 675 488 717 militem
505 706 518 726 ,
549 691 656 716 arma
689 676 731 714 in
764 675 992 726 vehiculis,
1017 677 1180 717 cuneos
1213 674 1377 717 licenti&
1408 693 1530 733 vagos
1553 709 1567 729 ‚

188 740 431 795 compositus
457 739 633 779 invadit:
656 738 877 794 praemislis,
893 740 961 792 qui
989 752 1131 794 pontes
1160 744 1200 780 ὃς
1226 741 1380 780 viarum
1407 743 1569 795 angusta

111 815 162 844 10
187 802 412 843 insiderent.
439 802 666 856 Pugnatum
689 800 818 855 longo
845 802 1033 856 agmine,
1054 806 1094 842 &
1120 804 1276 844 incerto
1304 804 1439 845 Marte
1454 833 1468 854 ,
1497 804 1568 845 do-

188 880 265 906 nec
289 864 478 922 proelium
501 879 585 905 nox
609 864 823 905 dirimeret.
842 864 1043 906 Cohortes
1075 864 1305 907 Geldubam
1333 881 1569 923 perrexere,

188 927 440 969 manentibus
457 933 493 978 ³,
520 940 565 968 ut
589 927 771 978 fuerant,
801 928 958 979 castris,
982 943 1065 982 quae
1092 927 1319 969 relictorum
1348 929 1436 971 illic
1460 929 1570 970 mili-

188 1004 275 1032 tum
297 991 471 1048 praesidio
495 989 744 1032 tenebantur.
765 992 866 1032 Non
894 1004 977 1032 erat
1003 991 1168 1032 dubium
1185 1022 1196 1044 ,
1218 1006 1411 1046 quantum
1435 995 1477 1034 in
1505 1009 1570 1035 re-

189 1055 317 1110 gressu
327 1055 564 1095 discriminis
579 1054 804 1095 adeundum
818 1055 943 1105 foret,
958 1054 1311 1097 frumentatoribus
1326 1058 1472 1098 onustis
1487 1072 1571 1113 per-

112 1131 128 1158 ι
140 1130 161 1170 5
191 1116 397 1172 culsisque.
412 1118 538 1159 Addit
564 1119 760 1158 exercitui
785 1118 856 1159 suo
874 1117 1036 1159 Vocula
1064 1117 1175 1158 mille
1202 1118 1376 1161 delectos
1392 1149 1404 1170 ‚
1426 1136 1446 1160 e
1461 1122 1571 1174 quin-

188 1179 228 1223 ta
256 1185 297 1222 &
312 1179 608 1236 quintadecima
630 1179 857 1235 legionibus
885 1181 990 1237 apud
1011 1183 1158 1223 Vetera
1187 1180 1370 1233 obsessis,
1393 1183 1572 1224 indomi-

188 1258 277 1287 tum
297 1244 467 1286 militem
482 1274 494 1295 ,
509 1247 549 1285 &
566 1242 735 1285 ducibus
748 1244 958 1285 infensum.
974 1242 1109 1285 Plures
1123 1273 1136 1295 ‚
1157 1243 1274 1298 quam
1294 1244 1437 1298 jussum
1465 1260 1570 1298 erat,

188 1309 356 1365 profecti
371 1338 383 1359 ‚
409 1306 540 1364 palam
565 1308 607 1348 in
627 1309 785 1361 agmine
811 1306 1035 1348 fremebant
1048 1336 1063 1359 ,
1087 1324 1109 1345 «
1124 1323 1206 1348 non
1223 1308 1261 1348 se
1278 1307 1381 1350 ultra
1395 1309 1543 1350 famem
1557 1339 1571 1360 ,

189 1372 378 1412 »infidias
400 1369 626 1426 legatorum
645 1369 883 1411 toleraturos
899 1388 920 1408 »
932 1401 942 1411 .
961 1372 1038 1423 At,
1059 1371 1126 1425 qui
1145 1372 1415 1413 remanserant
1431 1402 1443 1422 ‚
1469 1389 1490 1409 «
1509 1373 1573 1414 de-

106 1449 165 1477 20
189 1434 347 1476 »sertos
380 1434 446 1485 se,
468 1431 633 1475 abducta
657 1446 767 1489 parte
795 1432 1039 1489 legionum»
1061 1463 1074 1484 ,
1097 1434 1375 1488 querebantur.
1404 1434 1572 1491 Duplex

190 1499 288 1540 hinc
304 1497 468 1548 seditio,
493 1496 580 1538 aliis
609 1496 891 1539 revocantibus
910 1495 1112 1539 Voculam
1129 1526 1142 1548 ,
1167 1496 1252 1539 aliis
1277 1499 1404 1540 redire
1424 1500 1466 1539 in
1489 1498 1572 1540 cas-

187 1574 249 1603 tra
275 1560 540 1602 abnuentibus
555 1578 598 1601 ».

254 1624 484 1668 XXXVI.
517 1625 732 1664 INTERIM
760 1622 903 1664 Civilis
929 1624 1079 1665 Vetera
1106 1624 1375 1666 circumsedit.
1410 1622 1572 1665 Vocula

192 1687 422 1730 Geldubam
437 1717 450 1738 ,
477 1701 596 1742 atque
621 1688 713 1729 inde
728 1689 772 1728 N
776 1687 951 1728 ovefium
971 1688 1173 1728 concessit.
1191 1687 1334 1729 Civilis
1351 1689 1459 1744 capit
1474 1686 1573 1728 Gel-

110 1763 163 1802 25
192 1751 352 1794 dubam.
367 1752 473 1792 Mox
485 1782 498 1802 ‚
518 1751 623 1792 haud
640 1749 783 1808 procul
802 1752 846 1792 N
850 1751 983 1791 ovesio
996 1780 1009 1801 ,
1030 1752 1196 1805 equestri
1222 1750 1369 1806 proelio
1386 1751 1574 1807 prospere

192 1817 376 1857 certavit.
405 1814 485 1856 Sed
514 1813 628 1856 miles
641 1845 654 1865 ‚
671 1814 854 1855 secundis
872 1814 1117 1868 adversisque
1132 1844 1144 1865 ,
1168 1814 1331 1870 perinde
1350 1816 1391 1854 in
1405 1816 1573 1855 exitium

191 1879 343 1921 ducum
373 1877 680 1920 accendebatur.
715 1877 767 1918 Et
799 1877 977 1919 adventu
1006 1879 1291 1931 quintanorum
1322 1877 1574 1931 quintadeci-

193 1957 483 1996 manorumque
497 1943 614 1982 auciae
628 1941 832 1996 legiones,
847 1959 869 1978 «
885 1941 1120 1982 donativum
1139 1958 1161 1978 »
1187 1940 1411 1997 exposcunt
1425 1970 1438 1991 ,
1459 1956 1574 1981 com-

193 2019 308 2062 perto
339 2007 552 2063 pecuniam
579 2021 601 2046 a
624 2004 797 2047 Vitellio
824 2005 989 2046 missam.
1015 2006 1108 2046 Nec
1132 2004 1201 2045 diu
1229 2005 1433 2046 cunCtatus
1460 2005 1574 2045 Hor-

234 2138 243 2153 ¹
268 2134 314 2163 UT
328 2143 602 2168 INDE,TERRESTR1
618 2137 763 2167 i-rmmr]
778 2133 863 2163 Frus-
903 2132 1027 2163 incessit.
1044 2132 1144 2163 Alteri
1170 2131 1288 2172 agmini
1313 2132 1390 2163 datae
1412 2131 1446 2162 in
1471 2131 1575 2170 praefi—-

192 2181 239 2204 tra
252 2172 370 2211 aliquid
384 2171 454 2202 vitii
468 2172 517 2202 hle
532 2173 780 2204 comminiscitur
790 2172 862 2210 Lip-
903 2173 989 2202 dium
1006 2171 1167 2203 cohortes:
1184 2181 1215 2202 at
1241 2171 1375 2209 Civilis,
1397 2170 1474 2210 quid
1499 2181 1574 2209 age-

192 2212 259 2243 fius.
276 2211 481 2250 Fugientibus
503 2211 639 2243 hostibus
656 2237 664 2249 ,
692 2211 863 2249 impedimen·
903 2220 986 2242 retur
1005 2211 1119 2241 certior
1133 2235 1142 2249 ,
1169 2212 1204 2243 Sc
1232 2211 1369 2242 validior
1385 2236 1395 2250 ,
1428 2211 1573 2241 incautos

192 2260 224 2281 ta
247 2250 402 2290 legionum,
428 2250 460 2280 id
480 2251 520 2281 est
541 2262 644 2282 currus
670 2254 703 2282 &c
724 2253 863 2290 jumenta
903 2262 956 2281 cos
975 2250 1106 2281 invadit.

131 2304 135 2309 ·
193 2290 356 2330 legionum
377 2300 447 2321 curn
462 2289 583 2321 imbelli
604 2291 712 2326 turb-i,
728 2301 798 2321 cum
815 2301 864 2321 ca·
943 2295 954 2309 ²
975 2291 1121 2320 Frummss
1142 2291 1156 2328 ]
1180 2290 1303 2321 Rheno.

195 2330 321 2361 Ionibus
353 2340 464 2368 nempe
488 2330 522 2361 ὃς
543 2330 614 2360 lixis
634 2351 642 2364 ‚
668 2330 861 2365 Novefium,
944 2335 952 2356 3
978 2330 1181 2361 Mnnnnrlssus
1209 2332 1223 2368 ]
1261 2328 1362 2360 Castra
1391 2327 1574 2370 Geldubam,

194 2368 290 2405 Nuis,
307 2369 391 2400 missa
406 2369 493 2403 sunt,
517 2378 551 2400 ut
572 2370 645 2400 inde
673 2370 863 2401 frumentum
904 2368 992 2406 Gelb,
1019 2377 1051 2400 ut
1067 2369 1209 2403 fuerant,
1231 2370 1420 2401 manebant:
1445 2377 1502 2398 ncc
1528 2366 1575 2396 dr·

193 2407 396 2442 adveherent.
424 2407 559 2441 Primum
587 2420 698 2450 agmen
725 2410 865 2442 securum
904 2418 989 2448 tuta,
1008 2420 1064 2440 nec
1086 2412 1182 2441 aricia.
