2230 3047
547 289 660 309 Ξ

547 323 575 345 Α,
589 324 614 345 U.
627 323 659 346 C.

568 370 638 398 822.

571 420 593 442 J.
605 419 635 442 C.

579 466 630 500 69.

691 199 774 241 196
951 193 998 233 C.
1048 193 1455 236 CORNELII
1505 193 1788 233 TACITI

682 290 701 307 υ
714 272 819 311 siano
836 273 1061 327 permififfet
1078 292 1097 311 ›>
1110 307 1118 315 .
1133 276 1179 314 In
1208 276 1391 316 eumdem
1410 273 1573 312 modum
1595 276 1633 312 δε
1658 273 1872 312 Mucianus
1893 288 2063 329 compo-

683 335 758 373 suit
775 335 978 390 epistolas:
1005 337 1143 390 quibus
1166 337 1399 392 plerumque
1420 336 1540 375 fidere
1563 333 1751 376 Vitellius
1766 364 1778 384 ‚
1806 350 1851 375 ac
1875 351 1895 370 «
1917 335 1965 375 de
1987 351 2060 375 nu-

681 411 823 437 »mero
850 397 1078 450 servorum,
1103 399 1296 440 electione
1321 398 1483 440 litorum
1508 403 1517 419 ¹
1542 415 1563 434 »
1585 395 1708 450 loqui.
1733 397 1863 437 Tanta
1890 398 2059 452 torpedo

682 460 877 500 invaserat
895 463 1071 502 animum
1087 492 1099 512 ‚
1124 476 1168 502 ut
1180 492 1193 512 ,
1219 462 1245 500 sl
1266 462 1491 518 Principem
1507 475 1597 500 eum
1615 459 1726 500 fuisse
1746 462 1870 501 ceteri
1886 474 1968 500 non
1981 474 2060 499 me-

681 523 881 563 miniffent
893 553 906 573 ,
932 525 1013 580 ipse
1031 524 1344 565 oblivisceretur.
1916 579 1919 581 -

744 585 914 627 LXIV.
948 588 1020 626 AT
1045 588 1235 642 primores
1257 589 1455 638 civitatis,
1482 585 1666 628 Flavium
1693 586 1883 627 Sabinum
1902 590 1936 637 ²,
1960 600 2058 641 prae-

680 647 825 688 fefihun
842 648 957 689 Urbis
972 679 984 699 ,
1010 650 1168 690 secretis
1185 650 1430 690 sermonibus
1443 650 1689 699 incitabant,
1713 667 1734 686 «
1750 650 1919 690 vietor-ize
1935 649 2062 689 fama:-

680 727 702 748 >›
713 726 787 764 que
805 725 954 767 partem
972 712 1207 767 capesseret:
1228 713 1303 753 effe
1319 712 1379 752 illi
1393 714 1596 769 proprium
1613 712 1780 753 militem
1799 717 1809 741 ³
1829 712 2058 752 cohortIum

679 774 980 814 »Urbanarumz
1005 789 1079 815 nec
1097 774 1296 816 defuturas
1314 774 1483 830 vigilum
1501 778 1688 816 cohortes
1707 780 1724 803 4
1738 805 1750 825 ‚
1776 775 1932 814 servitia
1954 774 2060 829 ipso-

678 853 700 873 »
712 852 797 876 rum
811 868 822 886 ‚
851 837 1049 877 fortunam
1069 839 1237 893 partium
1254 868 1266 888 ‚
1298 842 1338 878 ὅ(
1355 840 1489 879 onmia
1504 854 1628 893 prona
1644 837 1870 878 vistoribus.
1888 839 1954 876 Ne
1976 837 2059 875 An-

679 901 826 941 ³>toni0
846 901 1033 952 Varoque
1059 900 1106 940 de
1122 899 1249 954 gloria
1273 901 1527 942 concederet.
1552 903 1701 942 Paucas
1723 898 1894 941 Vitellio
1914 900 2060 939 cohor-

679 975 769 1003 »tes
782 992 794 1011 ‚
818 966 858 1002 ὃς
879 963 1015 1003 maestis
1032 957 1206 1016 undique
1223 965 1371 1004 nuntiis
1386 965 1579 1020 trepidas:
1605 962 1744 1018 populi
1765 960 1956 1009 mobilem
1973 962 2057 1001 ani-

678 1039 844 1071 »mum3
871 1029 935 1074 &‚
964 1025 990 1063 si
1007 1025 1045 1064 se
1063 1025 1208 1066 ducem
1237 1025 1483 1081 praebuisset,
1509 1025 1664 1066 easdem
1695 1023 1781 1065 illas
1811 1023 2059 1064 adulationes

678 1103 700 1123 >2
712 1103 782 1142 pro
798 1087 1036 1143 Vespasiano
1051 1087 1148 1128 fore.
1163 1088 1297 1143 Ipsum
1313 1087 1525 1128 Vitellium
1543 1104 1591 1128 ne
1608 1087 1803 1143 prosperis
1817 1087 1975 1140 quidem
1990 1101 2060 1142 pa-

676 1164 817 1196 »rem3
839 1151 939 1190 adeo
961 1150 1165 1190 ruentibus
1183 1150 1445 1191 debilitatum.
1468 1153 1649 1191 Gratiam
1665 1151 1806 1205 patrati
1824 1148 1920 1189 belli
1938 1163 2058 1205 penes

678 1229 699 1249 2)
711 1227 801 1253 eum
816 1242 828 1263 ,
857 1214 924 1266 qui
940 1212 1087 1253 Urbem
1105 1214 1345 1269 occupasset.
1362 1214 1408 1253 Id
1430 1213 1579 1254 Sabino
1602 1215 1820 1254 convenire
1834 1242 1847 1262 ‚
1871 1226 1915 1252 ut
1931 1213 2057 1267 impe-

678 1291 700 1311 >)
710 1277 812 1315 rium
832 1276 942 1316 fratri
958 1275 1198 1323 reservarem
1219 1277 1260 1317 id
1276 1276 1515 1332 Vespasiano
1530 1306 1542 1329 ,
1565 1290 1609 1317 ut
1626 1277 1748 1317 ceteri
1770 1276 1853 1331 post
1868 1274 2060 1316 Sabinum

678 1354 700 1374 >2
712 1337 951 1379 haberentur
967 1356 987 1375 >›
1000 1370 1008 1379 .
1705 1357 1718 1372 a

738 1401 881 1442 LXV.
915 1403 991 1442 HA
1004 1414 1030 1441 U
1041 1415 1069 1442 D
1093 1417 1287 1456 quaquam
1303 1405 1432 1445 ereE'm
1450 1405 1584 1444 animo
1602 1418 1665 1444 eas
1678 1418 1799 1443 voces
1813 1400 2061 1456 accipiebat,‘

677 1462 875 1504 invalidus
890 1463 1054 1505 seneffli.
1068 1465 1212 1515 Erant,
1229 1468 1295 1520 qui
1311 1466 1482 1507 occultis
1497 1465 1786 1522 suspicionibus
1801 1464 2057 1514 incesserent,

676 1538 879 1580 tamquam
895 1544 915 1563 «
932 1526 1081 1569 invidi-‘ft
1098 1533 1137 1568 &
1153 1528 1401 1571 aemulatione
1421 1529 1623 1569 fortunam
1636 1529 1764 1569 fratris
1781 1541 2002 1568 moraretur
2017 1544 2038 1564 ))
2050 1557 2058 1564 .

677 1590 867 1643 Namque
884 1588 1044 1631 Flavius
1060 1590 1228 1632 Sabinus
1244 1605 1354 1633 :etate
1372 1593 1480 1647 prior
1492 1622 1505 1642 ‚
1530 1593 1690 1647 privatis
1704 1591 1905 1645 utriusque
1920 1589 2034 1630 rebus
2046 1619 2059 1640 ,

678 1653 910 1693 aufiioritate
924 1652 1172 1708 pecuniaque
1187 1654 1469 1710 Vespasianum
1485 1654 1671 1695 anteibat.
1685 1654 1736 1694 Et
1750 1653 1984 1695 credebatur
1997 1652 2059 1693 ad-

677 1715 818 1755 fectam
835 1713 918 1767 ejus
935 1716 1053 1756 fidem
1067 1715 1284 1771 praejuvisse
1305 1724 1340 1768 5,
1363 1718 1484 1758 domo
1499 1719 1677 1772 agrisque
1692 1717 1851 1772 pignori
1869 1716 2058 1770 acceptis.

678 1777 794 1817 Unde
807 1807 820 1827 ,
846 1793 1082 1832 quamquam
1098 1794 1283 1820 manente
1302 1782 1343 1820 in
1359 1780 1533 1836 speciem
1551 1779 1767 1821 concordia
1780 1809 1793 1829 ‚
1818 1778 2058 1819 offensarum

679 1840 1123 1895 opertametuebantur.
1144 1842 1295 1884 Melior
1316 1844 1617 1899 interpretatio,
1641 1860 1663 1879 «
1684 1844 1823 1882 mitem
1839 1843 1968 1882 virum
1989 1840 2059 1881 ab-

678 1919 699 1939 »
711 1905 870 1943 horrere
898 1919 919 1944 a
936 1904 1127 1960 sanguine
1156 1909 1195 1945 ὅ(
1226 1906 1394 1946 caedibus
1410 1920 1421 1952 ;
1446 1906 1574 1960 eoque
1605 1905 1751 1946 crebris
1779 1920 1870 1945 cum
1887 1904 2058 1946 Vitellio

678 1982 700 2003 »
711 1965 956 2008 sermonibus
971 1968 1019 2008 de
1036 1982 1154 2023 pace,
1173 1969 1445 2024 ponendisque
1461 1985 1530 2025 per
1539 1969 1815 2010 conditionem
1829 1968 1960 2026 armis,
1975 1969 2057 2023 agi-

718 2086 725 2098 ¹
753 2081 930 2111 Efficnom
953 2084 1125 2120 tri-onum]
1149 2085 1232 2120 Quas
1255 2086 1345 2115 Cam-
1383 2084 1444 2112 dam
1467 2084 1637 2121 popularium
1665 2084 1798 2123 quierem,
1822 2083 1851 2112 ἓν
1879 2082 1915 2111 ad
1936 2082 2056 2119 refleren-

675 2118 772 2157 paniae
795 2121 910 2158 plagas,
930 2131 995 2159 quae
1019 2121 1111 2151 litora
1134 2122 1294 2153 habitaret.
1383 2123 1443 2152 dum
1453 2123 1530 2162 fibi,
1554 2123 1617 2162 quid
1637 2124 1664 2152 in
1687 2123 1758 2153 Urbe
1775 2132 1886 2162 agatur.

717 2161 728 2174 ²
752 2159 906 2201 Ftnvium
929 2162 1095 2198 δΑΒιΝυΜ]
1117 2161 1254 2192 Fratrem
1272 2162 1344 2194 ves·
1421 2167 1435 2186 ⁴
1458 2166 1598 2194 Vicinum
1630 2172 1793 2193 conoarrs
1815 2163 1828 2198 ]
1861 2162 1908 2191 De
1940 2161 2052 2200 quibus

674 2196 802 2235 pastam·
1385 2202 1499 2232 dissum
1520 2202 1605 2241 supra
1627 2203 1737 2232 Annal.
1758 2203 1799 2231 IV
1813 2223 1820 2235 ‚
1846 2210 1871 2239 5.
1895 2210 1962 2231 not.
1989 2204 2016 2231 8.

700 2241 725 2278 ’3
751 2237 917 2279 Pnoriuum
942 2248 1075 2268 ΜηιτεΜ
1099 2241 1113 2276 ]
1139 2240 1271 2270 Praefeffl
1291 2242 1344 2270 Ur·
1423 2247 1431 2267 ἱ
1456 2240 2052 2275 PRAEJuvm-sn]Bene111ustr.Huctius:

673 2274 721 2303 bis
746 2285 884 2319 propri-us
908 2277 995 2319 miles
1008 2300 1015 2312 ,
1034 2280 1161 2309 Urbanae
1187 2280 1342 2310 cohortes.
1381 2279 1504 2310 Sabinus
1524 2279 1682 2309 credebatur
1697 2290 1745 2317 pro
1759 2278 1922 2318 Vespasiano
1933 2277 2050 2317 fidejus-

674 2314 750 2356 Inde
763 2324 795 2343 m
816 2315 928 2358 Digre-st.
945 2317 1014 2346 11br.
1028 2318 1050 2345 1.
1070 2317 1132 2347 Tit.
1158 2329 1203 2347 12.
1225 2319 1262 2348 de
1288 2319 1344 2348 Of-
1371 2319 1452 2358 fiffi'w
1470 2321 1527 2348 tz‘zm
1548 2320 1590 2348 hic
1602 2319 1689 2358 fidem
1712 2318 1869 2357 detexisset,
1897 2317 1926 2346 Er
1944 2318 2047 2356 pigno-

674 2352 747 2383 ficio
770 2354 900 2391 praeleeh
918 2355 1001 2384 Urbi.
1022 2356 1080 2393 leg.
1101 2367 1124 2385 1.
1147 2368 1185 2386 cx
1208 2357 1341 2396 Ulpiano
1382 2359 1405 2387 ri
1420 2357 1510 2387 domos
1539 2358 1568 2387 {r
1591 2368 1672 2397 agros
1689 2368 1706 2386 a
1727 2357 1889 2396 Vefficfiano
1907 2356 2046 2395 accepiffe.

672 2401 757 2420 num.
778 2403 823 2422 12.
842 2392 997 2424 Praefecius
1014 2395 1087 2424 Urbi
1101 2394 1177 2424 debet
1192 2397 1274 2425 eriam
1286 2396 1341 2435 dis·
1380 2398 1450 2427 Haec
1472 2398 1597 2427 illustrat
1622 2396 1787 2427 Suetonius
1802 2418 1809 2431 ‚
1826 2397 1886 2434 jam
1903 2396 2047 2427 laudatus.

669 2430 767 2469 Jiqfizos
785 2431 1073 2471 militesstationarios
1095 2434 1192 2465 habere
1209 2435 1244 2465 ad
1266 2444 1342 2465 tuen·
1379 2436 1466 2475 supra
1487 2437 1559 2467 Hist.
1575 2437 1623 2476 11,
1636 2446 1689 2475 97.
1710 2444 1778 2467 not.
1804 2438 1831 2466 8.

2096 844 2142 868 10

2089 1473 2142 1500 20
