2230 3047
183 506 208 549 5

163 828 213 855 10

163 1454 218 1480 20

358 134 880 204 HisTonrARUM
920 159 1139 201 LIBER
1180 160 1458 211 PRIMUS.
1556 172 1607 208 33

236 244 530 285 commendare.
567 245 659 284 Nec
695 242 828 283 deerat
855 241 970 281 Otho
1000 240 1238 295 protendens
1258 257 1395 282 manus
1412 271 1423 290 ‚
1448 239 1610 280 adorare

236 306 428 361 vulgum,
459 306 590 359 jacere
618 305 779 354 oscula,
812 308 852 344 ὅ(
881 304 1015 343 omnia
1043 302 1236 343 serviliter
1268 320 1339 358 pro
1371 305 1610 344 dominatio·
1633 293 1746 370 Αὲὲε·

238 385 300 410 ne.
325 371 534 423 Postquam
563 367 746 408 universa
777 366 1023 407 clafficorum
1062 365 1170 419 legio
1206 366 1494 406 sacramentum
1527 365 1610 417 ejus
1656 358 1725 420 LC:

241 433 561 487 accepit‚fidens
588 430 757 479 viribus,
788 433 828 469 ὅ(
859 444 956 483 quos
979 429 1109 468 adhuc
1136 428 1308 483 singulos
1334 429 1610 470 exstimulave-
1667 444 1718 478 69.

240 509 324 546 rat,
342 494 620 536 accendendos
648 494 690 532 in
713 506 928 534 commune
953 505 1079 541 ratus,
1106 507 1177 547 pro
1205 490 1312 532 vallo
1330 493 1541 532 castrorum
1557 494 1612 533 ita

245 560 384 614 coepit.

300 620 556 662 XXXVII.
590 636 611 655 (ι
645 620 770 673 QUIS
800 619 848 659 ad
873 633 944 659 vos
972 615 1252 674 processerim,
1288 616 1614 668 commilitones,

237 684 402 725 »dicere
422 698 504 723 non
524 682 678 738 possum
696 699 703 721 x
731 683 821 735 quia
843 696 917 722 nec
938 683 1135 736 privatum
1159 695 1222 720 me
1247 695 1392 721 vocare
1418 681 1585 720 sustineo
1603 709 1616 729 ‚

239 748 458 802 »Princeps
476 762 497 786 a
512 744 626 786 vobis
644 746 897 791 nominatu83
921 759 994 784 nec
1011 745 1238 799 Principem
1252 773 1264 794 ,
1286 743 1365 784 alio
1384 745 1617 798 imperante.

241 828 262 848 »
271 810 454 850 Vestrum
468 823 628 862 quoque
642 821 792 848 nomen
808 808 1011 847 inincerto
1027 808 1119 857 erit,
1137 807 1268 847 donec
1284 806 1527 847 dubitabitur
1543 806 1620 844 Im-

241 891 263 911 »
275 885 494 929 peratorem
514 869 655 927 populi
672 871 848 911 Romani
866 872 905 909 in
923 871 1052 910 castris
1069 900 1081 920 ,
1099 885 1147 910 an
1163 871 1315 910 hostem
1332 869 1521 910 habeatis.
1540 871 1619 907 Au-

241 936 444 985 »ditisne‚
470 948 515 974 ut
536 949 656 989 poena
681 949 796 984 mea,
823 937 862 973 ὃς
887 932 1125 989 supplicium
1153 934 1323 973 vestrum
1351 931 1463 972 fimul
1486 933 1622 988 postu-

241 1016 263 1036 2)
274 997 434 1039 lentur?
460 997 560 1038 adeo
583 997 832 1038 manifestum
853 997 931 1046 est,
958 1011 1086 1049 neque
1112 997 1238 1051 perire
1263 1011 1335 1036 nos
1350 1026 1362 1046 ‚
1394 1010 1522 1049 neque
1546 993 1621 1035 sal-

241 1078 264 1099 >›
276 1077 347 1102 vos
369 1061 470 1111 esse,
499 1060 568 1100 nist
591 1059 669 1100 una
683 1090 695 1110 ‚
721 1060 842 1115 poffe.
862 1058 913 1099 Et
928 1089 940 1109 ‚
963 1058 1075 1111 cujus
1096 1057 1269 1100 lenitatis
1289 1060 1341 1098 est
1363 1058 1520 1108 Galba,
1542 1056 1621 1109 jam

244 1124 433 1165 »fortasse
453 1123 650 1179 promisit:
674 1136 718 1163 ut
739 1124 804 1176 qui
822 1153 834 1173 ‚
858 1121 972 1162 nullo
989 1122 1232 1177 exposcente
1248 1153 1260 1172 ‚
1282 1136 1345 1162 tot
1364 1121 1487 1162 millia
1507 1123 1623 1161 inno-

242 1187 585 1229 »centiffimorum
612 1185 785 1226 militum
810 1185 1080 1226 trucidaverit.
1102 1186 1258 1226 Horror
1286 1187 1461 1225 animum
1488 1183 1592 1224 subit
1611 1213 1625 1234 ,

244 1252 461 1306 »quotiens
483 1249 674 1290 recordor
694 1248 858 1289 feralem
882 1250 1089 1289 introitum
1106 1278 1119 1298 ‚
1150 1252 1189 1289 ὅ(
1210 1251 1316 1289 hanc
1338 1248 1463 1289 solam
1485 1246 1624 1288 Galbae

244 1314 483 1354 »vicioriam
497 1343 511 1363 ‚
540 1315 632 1353 cum
652 1314 693 1352 in
716 1311 844 1353 oculis
860 1311 976 1352 Urbis
992 1312 1196 1352 decumari
1221 1317 1231 1333 ¹
1261 1311 1417 1352 deditos
1444 1310 1625 1363 juberet,

245 1392 376 1431 »quos
402 1376 659 1432 deprecantes
675 1377 715 1414 in
733 1375 850 1415 fidem
868 1389 1089 1430 acceperat.
1114 1376 1189 1415 His
1206 1375 1390 1430 auspiciis
1408 1373 1555 1414 Urbem
1571 1375 1627 1413 in-

245 1440 451 1496 >›greffus,
474 1455 591 1493 quam
623 1437 792 1493 gloriam
824 1438 871 1479 ad
896 1439 1169 1493 Principatum
1205 1437 1374 1488 adtulit,
1408 1438 1476 1477 nisi
1505 1437 1625 1477 occisi

245 1502 514 1544 »Obultronii
536 1501 699 1551 Sabini,
729 1506 769 1542 ὃ(
790 1500 971 1542 Cornelii
991 1500 1180 1542 Marcelli
1201 1503 1242 1540 in
1262 1499 1480 1557 Hispania,
1509 1500 1628 1540 Betui

246 1565 465 1607 »Chilonis
485 1567 527 1605 in
549 1563 709 1614 Gallia,
735 1565 896 1606 Fonteii
919 1563 1129 1620 Capitonis
1151 1566 1193 1604 in
1217 1562 1459 1614 Germaniss,
1490 1562 1629 1603 Clodii

222 1632 227 1638 '
247 1631 413 1671 »Macri
431 1631 472 1669 in
488 1627 624 1669 Africa
637 1658 650 1678 ,
670 1628 863 1683 Cingonii
881 1629 922 1667 in
942 1626 1005 1667 vizi
1018 1658 1030 1678 ‚
1049 1627 1274 1683 Turpiliani
1288 1629 1328 1666 in
1343 1626 1449 1668 Urbe
1463 1656 1475 1677 ,
1497 1628 1629 1680 Nym-

170 2082 227 2119 30

249 1693 411 1750 »phidii
431 1694 473 1732 in
496 1693 653 1732 castris?
680 1692 780 1745 Qua:
803 1691 968 1746 usquam
990 1692 1225 1747 provincia,
1253 1706 1334 1744 quae
1358 1692 1478 1731 castra
1503 1690 1594 1730 sunt
1615 1718 1629 1739 ,

251 1756 352 1796 »nisi
374 1768 539 1796 cruenta
563 1759 603 1795 &
627 1753 853 1795 maculata?
885 1768 952 1794 aut
968 1783 980 1804 ‚
1010 1767 1054 1794 ut
1080 1754 1161 1809 ipse
1182 1753 1393 1809 praedicat‚
1420 1753 1630 1794 emendata

250 1823 323 1860 >›&
347 1819 547 1860 corre&a?
573 1820 682 1859 Nam
708 1833 790 1871 qua:
811 1817 878 1858 alii
901 1816 1049 1858 scelera
1064 1847 1077 1867 ,
1100 1818 1167 1857 hic
1183 1817 1357 1858 remedia
1374 1830 1513 1858 vocat:
1536 1816 1632 1856 dum

251 1881 384 1923 »falfis
410 1880 666 1931 nominibus,
691 1881 942 1922 severitatem
971 1895 1043 1936 pro
1063 1879 1207 1920 saevitia
1222 1910 1235 1931 ,
1261 1881 1536 1936 parsimoniam
1558 1894 1632 1935 pro

250 1943 471 1996 »avaritish
500 1943 695 2000 supplicia
724 1948 764 1984 &
789 1942 1054 1985 contumelias
1082 1944 1250 1993 vestras,
1277 1942 1527 1999 disciplinam
1562 1958 1632 1998 ap-

252 2025 274 2046 ))
286 2007 421 2065 pellat.
448 2009 610 2064 Septem
635 2023 655 2048 a
675 2008 850 2048 Neronis
879 2008 957 2047 fine
982 2007 1135 2047 menses
1163 2007 1277 2057 sunt,
1309 2012 1349 2047 &
1370 2006 1448 2056 jam
1471 2005 1558 2062 plus
1580 2021 1634 2046 ra-

254 2073 372 2128 »puit
393 2070 525 2112 Icelus
540 2100 553 2121 ,
579 2069 696 2125 quam
719 2071 829 2124 quod
856 2068 1081 2125 Polycleti,
1109 2074 1147 2110 ὃς
1170 2070 1348 2121 Vatinii,
1367 2074 1406 2111 δε
1429 2068 1568 2119 Helii,
1593 2073 1635 2109 &

255 2153 277 2173 »
288 2134 427 2176 Haloti
451 2138 465 2155 ²
480 2146 730 2190 paraverunt.
744 2135 907 2174 Minore
923 2132 1084 2174 avaritiz‘i
1098 2149 1144 2173 ac
1159 2132 1323 2174 licenti&
1338 2133 1524 2188 grassatus
1542 2131 1635 2172 esset

254 2214 277 2236 >›
287 2198 337 2239 T.
355 2198 499 2240 Vinius
516 2227 528 2248 ,
552 2197 578 2237 fi
598 2197 681 2252 ipse
699 2197 940 2253 imperasset:
969 2211 1077 2238 nunc
1102 2200 1143 2238 &
1164 2195 1357 2249 subjeetos
1380 2211 1452 2237 nos
1474 2195 1636 2246 habuit,

299 2294 306 2308 ¹
330 2289 504 2319 Decummu
525 2287 539 2324 ]
563 2287 644 2319 Vide
671 2288 924 2328 Supplementum
968 2288 1095 2324 Helius,
1120 2287 1270 2324 Halotus,
1298 2286 1406 2318 famosi
1429 2287 1480 2317 sub
1511 2287 1640 2316 Nerone

257 2329 372 2360 Annal.
388 2329 479 2364 XVI,
493 2337 542 2366 95.
555 2328 602 2358 De
623 2326 692 2358 aliis
714 2328 847 2358 caedibus
862 2327 926 2358 ibi·
969 2327 1092 2363 liberti,
1106 2327 1181 2365 saepe
1195 2327 1362 2358 memorati
1377 2326 1410 2356 in
1424 2326 1591 2356 Annalium
1605 2325 1641 2353 li-

258 2368 330 2398 dem
347 2367 460 2398 dietum
478 2376 543 2405 cap.
563 2377 620 2403 92,
643 2377 679 2405 93
704 2368 737 2398 ὃ(
754 2377 806 2404 94.
968 2366 1041 2409 bris,
1060 2367 1107 2396 De
1126 2367 1244 2398 Haloto
1256 2366 1330 2399 vide
1343 2365 1442 2397 adhuc
1455 2364 1641 2395 Suetonium

296 2411 309 2427 ²
330 2407 375 2438 Er
395 2408 519 2437 ΗΛιοτι
530 2408 542 2444 ]
555 2406 732 2445 Polycletus
742 2430 752 2446 ,
766 2405 909 2440 Vatinius
919 2429 927 2445 ‚
971 2416 1006 2437 m
1020 2405 1122 2438 Galba
1137 2407 1206 2439 XV.

423 2450 529 2490 Tom.
549 2450 627 2490 III.
1438 2445 1472 2487 E
