2209 3047
642 224 727 261 524
839 206 1056 246 NOTAE
1109 203 1194 244 ET
1242 201 1831 250 EMENDATIONES

685 282 810 317 SExTA
839 292 888 316 Ac
919 292 1066 316 Discum
1096 284 1113 326 ]
1146 279 1297 329 Optime
1323 279 1479 316 eruditus
1506 280 1682 325 Savilius,
1711 282 1868 320 Pichena
1888 290 1921 324 &
1945 289 2015 328 Re.

637 330 825 368 centiores.
846 331 945 364 Sexta
970 330 1076 366 etiam
1100 330 1228 379 legitur
1253 330 1288 364 in
1316 329 1382 364 Ms.
1406 329 1503 366 Flor.
1527 331 1715 380 Perperam
1733 332 1793 367 alii
1811 334 1885 371 Mss.
1903 338 1936 372 δ’.
1952 352 2016 376 ve..

634 391 725 417 teres
748 379 928 416 editiones
944 406 953 423 ‚
973 383 1049 424 III,
1068 379 1124 416 vel
1146 393 1251 415 tertia.
1271 379 1341 415 Pro
1368 380 1487 415 decima
1503 408 1513 424 ,
1533 382 1608 417 ΜΠ.
1629 385 1662 418 &
1677 382 1856 420 editiones
1885 396 2018 426 veteres

634 430 769 466 habent
784 433 900 475 prima.
915 429 986 466 Sed
1008 430 1178 467 mendose
1193 458 1201 471 ‚
1228 439 1266 464 ut
1288 440 1387 477 patet
1409 443 1451 467 ex
1474 429 1566 467 Hist.
1593 431 1651 475 V,
1687 444 1727 479 ¹9
1759 433 1852 470 Vide
1871 447 2016 484 quoque

633 481 749 516 Notas
767 482 800 515 &
816 478 1094 517 Emendationes
1112 479 1156 514 ad
1172 478 1263 514 Hist.
1282 480 1318 514 ΙΙ
1332 508 1341 523 ,
1367 481 1401 517 6.
1417 480 1480 515 ubi
1497 481 1628 517 dictum
1637 481 1722 518 satis
1739 481 1783 520 de
1799 483 2014 534 legionibus,

682 528 737 564 Ex
766 529 955 565 HisPANJA
982 534 999 576 ]
1029 529 1094 565 Ms.
1120 528 1234 564 Corb.
1255 529 1292 564 de
1312 531 1481 577 Hispam'd.

680 577 948 617 IusTchomz
976 583 993 625 ]
1021 578 1088 615 Ms.
1113 577 1227 614 Corb.
1255 579 1452 627 instruffore.

680 679 790 717 CAP.
816 679 942 717 LXIX.
975 679 1108 716 JULIUs
1125 680 1276 717 AusPEx
1292 684 1309 728 ]
1329 682 1394 718 Ms.
1414 681 1504 734 Reg.
1522 685 1631 722 Julius
1649 684 1817 732 haruspex.
1839 686 1909 723 Sed
1928 699 2016 726 mox

628 730 760 774 habet,
790 733 944 776 Auspicis.

676 780 733 815 ET
762 780 983 815 VALENT1N1
1010 782 1028 825 ]
1054 780 1120 816 Ms.
1145 778 1212 817 Jes.
1237 793 1272 816 ut
1297 782 1472 817 Valentini.

676 829 895 912 ΟΒςτιῖτιςεε
922 833 940 875 ]
971 829 1025 865 Ita
1040 829 1118 866 Mss.
1143 834 1176 866 ὅς
1202 842 1338 868 veteres
1357 831 1642 884 recentioresque
1660 834 1850 872 editiones.
1870 834 2013 872 Rhena-

628 891 716 921 nus,
745 881 796 925 σὺ]
810 883 850 914 eti
876 880 902 914 ἑ.

675 881 915 964 STETERAſjNT
944 933 962 976 ]
990 929 1057 966 Ms.
1082 930 1195 968 Corb.
1212 932 1382 980 steterunt.

677 977 739 1014 Jus
769 991 1057 1021 AUSPICIUMQUE
1086 984 1103 1027 ]
1131 980 1229 1019 Bene
1265 982 1342 1018 Mff.
1369 982 1466 1019 Flor.
1508 983 1612 1019 Harl.
1649 984 1756 1020 Bodl.
1795 983 1887 1019 Bud.
1924 983 2015 1032 Agr.

627 1027 746 1064 Guelf.
774 1027 888 1065 editio
913 1029 1106 1080 princeps,
1136 1030 1329 1069 Rhenanus
1354 1035 1388 1070 &
1415 1032 1658 1070 Recentiores.
1686 1035 1752 1070 Ml.
1783 1033 1848 1070 Jes.
1881 1034 1914 1068 ὅ(
1942 1034 2018 1068 Pu·-

626 1078 812 1122 teolanus,
843 1082 893 1114 vis
917 1082 1162 1129 auspiciumque.

672 1126 751 1163 PER
781 1140 922 1164 JURGIA
951 1142 1211 1168 jACTANTIBUs
1237 1135 1256 1178 ]
1285 1131 1437 1181 Optim‘e
1469 1132 1515 1168 fic
1548 1133 1753 1170 emendavit
1780 1131 1908 1167 Paulus
1932 1131 2014 1166 Ma-

625 1176 766 1221 nutius,
794 1191 898 1227 quem
924 1178 1059 1228 Lipsius
1089 1182 1269 1232 ceterique
1294 1182 1372 1218 sunt
1404 1182 1542 1226 secuti,
1571 1194 1697 1231 praeter
1725 1181 1924 1230 Ryckium,
1951 1181 2014 1229 qui

622 1238 643 1261 e
662 1226 725 1263 suo
747 1227 815 1264 ΜΓ.
836 1229 922 1278 Agr.
949 1229 1087 1274 edidit,
1107 1245 1167 1278 pro
1185 1235 1259 1280 jure
1276 1233 1487 1280 jaffanttbus.
1509 1233 1551 1268 ld
1576 1246 1720 1282 quoque
1745 1231 1914 1267 laudabat
1931 1229 2015 1279 Lip-

622 1275 687 1312 sius
711 1290 754 1313 ex
773 1279 942 1315 Romano
964 1280 1083 1324 libr03
1110 1294 1184 1330 quo
1206 1282 1356 1318 nomine
1375 1281 1488 1331 vulgo
1506 1282 1675 1332 indigitat
1698 1281 1896 1319 editionem
1917 1281 2014 1328 prin-

623 1326 753 1374 cipem.
772 1330 824 1364 At
848 1328 884 1364 in
908 1329 950 1366 ez}
980 1343 1056 1367 non
1075 1330 1204 1380 legitur
1219 1345 1277 1378 pro
1291 1335 1364 1379 jure
1382 1360 1390 1375 ‚
1416 1331 1476 1368 sed
1490 1336 1634 1378 perjuria
1648 1346 1662 1374 ‚-
1685 1332 1739 1367 uti
1754 1331 1890 1367 habent
1907 1329 2014 1367 etiam

621 1375 702 1412 ΜΠ.
724 1376 822 1414 Flor.
845 1379 934 1428 Reg.
957 1380 1071 1416 Corb.
1093 1381 1170 1417 Mff.
1192 1380 1295 1417 Harl.
1317 1380 1424 1417 Bodl.
1447 1381 1513 1417 Jes.
1536 1385 1570 1417 δε
1591 1381 1809 1417 Puteolanus
1823 1409 1832 1423 ,
1858 1383 2013 1426 perjuria-

621 1438 706 1474 que:
735 1427 835 1474 quod
860 1428 1038 1465 immerito
1065 1430 1223 1477 probant
1255 1429 1485 1478 Superantius
1520 1434 1553 1466 ὃς
1588 1431 1800 1473 Salinerius‚
1831 1429 1924 1479 quali
1952 1429 2013 1465 sua

620 1476 777 1522 perjuria
797 1504 806 1520 ‚
842 1481 875 1514 ὃς
905 1478 982 1515 suas
1010 1491 1030 1513 a
1067 1479 1239 1514 Romanis
1271 1479 1487 1515 defectiones
1520 1481 1737 1527 jactaverint.
1776 1479 2012 1528 Laudantque

621 1524 811 1561 Clafficum
828 1553 836 1567 ‚
859 1527 920 1576 qui
940 1528 974 1565 se
999 1527 1137 1564 hostem
1160 1529 1292 1577 populi
1306 1529 1464 1565 Romani
1483 1529 1633 1578 potius,
1659 1531 1764 1578 quiam
1782 1529 1921 1565 socium
1943 1530 2012 1578 jac⁸

621 1574 746 1620 tabat,
771 1587 811 1613 ut
837 1576 992 1615 vidimus
1012 1577 1117 1627 supra
1139 1591 1218 1628 cap.
1247 1588 1310 1627 55.

673 1675 783 1712 CAP.
810 1676 916 1715 LXX.
943 1679 1251 1726 CAERACATIUM]
1277 1679 1333 1715 lta
1348 1679 1415 1715 Ms.
1429 1679 1525 1716 Flor.
1537 1679 1581 1715 In
1591 1679 1657 1717 Ms.
1671 1678 1782 1716 Corb.
1796 1679 2013 1714 (ternarium.-

620 1724 687 1761 Ms.
708 1727 798 1763 Bud.
817 1731 1036 1765 Ceraecatium.
1060 1730 1127 1766 Ms.
1144 1731 1231 1779 Agr.
1254 1733 1288 1766 &
1308 1729 1422 1766 editio
1444 1729 1633 1778 princepS,
1663 1732 1863 1765 Cerataczum
1889 1744 1901 1763 :
1925 1740 2012 1764 mox

619 1774 711 1811 infrz'i
724 1805 732 1819 ,
747 1780 961 1815 Cerucatibus.
977 1779 1043 1815 Ms.
1056 1777 1143 1829 Reg.
1164 1783 1353 1816 Ceratacum
1366 1794 1379 1822 ,·
1394 1782 1427 1816 &
1442 1792 1527 1815 mox
1542 1806 1550 1821 ,
1573 1779 1788 1815 Ceracatibus.
1815 1777 1891 1814 Mff.
1906 1777 2008 1814 Harl.

619 1824 726 1861 Bodl.
739 1826 804 1864 Jes.
821 1831 850 1863 ὅ(
867 1828 1083 1866 Puteolanus
1095 1857 1106 1873 ,
1121 1832 1302 1865 Caracates.
1318 1829 1602 1878 Suprascriptum
1623 1829 1661 1865 in
1684 1828 1750 1864 Ms.
1767 1827 2010 1865 Harl.Ceraca-

618 1886 664 1909 tes
677 1903 685 1918 ,
705 1879 736 1912 ὅ(
760 1877 871 1922 infru,
890 1881 1105 1915 Ceracazibus.
1125 1881 1167 1915 In
1182 1880 1282 1916 tantu
1304 1881 1476 1916 varietate
1495 1907 1504 1922 ,
1527 1879 1652 1928 potior
1669 1878 1717 1915 est
1735 1877 1922 1914 auctoritas
1939 1876 2008 1912 ΜΓ,

618 1922 715 1961 Flor.
743 1927 873 1977 Sicque
903 1930 972 1975 jam
1001 1929 1116 1966 edidit
1148 1930 1206 1966 Cl.
1235 1929 1456 1966 Lallemand.
1489 1929 1686 1965 Caeracates
1717 1939 1835 1964 autem
1863 1925 2009 1964 eosdem

618 1974 685 2010 effe
711 1989 751 2012 ac
776 1978 938 2015 Carasos
953 2007 962 2023 ,
994 1979 1037 2016 de
1060 1979 1189 2029 quibus
1208 1980 1281 2029 agit
1303 1980 1371 2017 Jul.
1396 1979 1522 2015 Caesar.
1544 1979 1634 2015 Bell.
1656 1978 1749 2014 Gall.
1779 1977 1841 2021 ΙΙ,
1871 1990 1907 2025 4.
1928 1976 2009 2025 opi-

616 2034 720 2060 natur
744 2025 914 2076 Ryckius.
940 2029 989 2065 At
1011 2029 1165 2066 diversas
1189 2030 1354 2079 regiones
1379 2029 1613 2072 incolebant,
1640 2040 1680 2064 ut
1705 2038 1804 2077 patet
1824 2040 1867 2063 ex
1891 2026 2010 2063 Caesa-

618 2075 664 2110 xis
702 2075 893 2127 Tacitique
927 2079 1142 2116 narratione.
1179 2080 1391 2123 Cluverius,
1423 2081 1598 2114 Germania
1623 2080 1790 2127 Antiqua,
1823 2078 1883 2120 II,
1917 2088 1963 2111 12
1995 2101 2008 2119 ,

618 2134 721 2172 putat
749 2139 767 2160 a
793 2127 941 2164 librariis
965 2142 1117 2167 erratum
1150 2129 1248 2166 fuisse
1276 2130 1313 2165 in
1346 2129 1520 2173 nomine,
1558 2131 1591 2165 ὃς
1623 2141 1691 2178 pro
1730 2131 1942 2164 Caeracattum
1973 2128 2008 2162 &

618 2176 831 2212 Caeracatibus
852 2179 1114 2216 emendandum
1138 2182 1306 2216 Nemetum
1332 2183 1364 2215 &
1394 2180 1573 2215 Nemetibus
1588 2194 1602 2214 :
1631 2180 1730 2227 cujus
1754 2176 1899 2227 quidem
1923 2175 2009 2224 opi-

616 2224 722 2260 nioni
746 2225 908 2263 faverunt
931 2229 1059 2266 eruditi
1083 2229 1149 2265 viri
1179 2229 1398 2273 Bucherius,
1418 2231 1566 2276 Belgium
1589 2230 1790 2268 Romanum,
1814 2226 1870 2270 V,
1894 2239 1952 2262 12.
1973 2228 2007 2260 ὃς

617 2273 881 2324 Schocpflinus,
910 2280 1035 2326 Alstm'u
1066 2281 1252 2326 illustrata,
1283 2280 1391 2315 Tom.
1419 2279 1447 2315 I.
1473 2291 1556 2328 pag.
1582 2279 1667 2327 367.
1686 2278 1776 2314 Haec
1793 2287 1912 2312 tamen
1927 2275 2006 2329 sen-

615 2325 727 2359 tentia
753 2338 772 2361 a
800 2338 918 2363 vetere
955 2329 1126 2376 scripture}
1164 2330 1268 2365 nimis
1306 2329 1467 2372 recedit,
1501 2329 1656 2378 ideoque
1687 2326 1848 2363 Cellario
1888 2323 2006 2360 minus

615 2374 777 2420 probata.
807 2376 971 2413 Absurde
994 2389 1112 2414 autem
1139 2379 1324 2415 divinabat
1348 2379 1421 2415 Jac.
1450 2378 1662 2415 Gronovius
1684 2405 1694 2419 ‚
1724 2377 1944 2411 Tabernatium
1971 2376 2005 2409 ὅτε

614 2424 853 2463 lucernalibus.
883 2427 932 2464 At
957 2427 1040 2465 cum
1060 2441 1141 2465 non
1172 2439 1389 2467 memoretur
1420 2428 1604 2479 populus,
1638 2426 1700 2476 qui
1723 2423 2004 2475 Mogontiacum
