2209 3047
408 193 490 236 AD
518 194 743 235 LIBRUM
767 195 820 236 V.
848 192 993 235 HIST.
1023 192 1070 233 C.
1098 193 1278 235 CORN.
1295 192 1505 236 TACITI.
1568 201 1651 249 581

269 273 335 309 bus
361 271 466 308 editis
493 281 574 308 ante
597 270 654 306 Cl.
683 269 866 306 Ernestum
882 300 890 312 ,
923 270 985 319 qui
1000 270 1200 306 Mercerurn
1216 270 1354 307 secutus
1381 271 1453 315 est,
1478 273 1600 309 &XV
1606 276 1628 309 I
1648 301 1661 318 ,

270 323 328 358 vel
345 323 634 368 &sextoedecz'man
662 319 739 357 Jam
755 319 994 356 sextadecima
1009 319 1108 368 legio
1124 331 1198 356 erat
1220 334 1301 356 cum
1313 321 1465 358 Cereali.
1484 322 1659 360 Praeterea

270 374 390 407 auctus
409 370 456 408 est
471 371 566 407 sexta
584 370 728 419 legione
743 397 752 412 ‚
780 382 859 419 quae
876 382 919 405 ex
935 369 1110 417 Hispania
1123 370 1327 414 accesserat,
1356 383 1394 408 ut
1419 383 1517 420 patet
1541 386 1583 409 ex
1599 387 1662 410 ca-

272 421 348 469 pite
369 422 436 464 16,
463 421 499 456 in
523 433 596 470 quo
617 419 774 456 Cerealis
799 419 1133 466 quartadecimanos
1157 446 1166 463 ‚
1188 420 1320 456 sextam
1344 422 1527 470 legionem
1546 425 1579 459 &
1603 423 1660 460 se-

272 471 460 507 cundanos
474 470 644 518 appellat.
659 471 760 517 Saepe
776 469 912 504 librarii
930 469 1115 505 denarium
1134 481 1318 506 numerum
1331 481 1461 509 temere
1475 471 1658 510 addidere.

323 522 614 562 COHORTESQUE
638 532 688 556 ET
710 522 824 565 ΑΜΕ]
844 518 911 555 Ms.
927 518 1014 569 Reg.
1046 522 1079 556 &
1101 518 1215 556 editio
1244 519 1434 571 princeps,
1463 523 1659 572 cohortesque

272 571 403 620 alaeque.

326 669 431 707 CAP.
447 670 526 706 XV.
563 670 815 706 Fmomssmo
847 673 1025 715 chUE]
1057 670 1154 706 Bene
1170 669 1246 706 Mss.
1270 670 1388 706 Vatic.
1412 673 1521 719 1958.
1551 672 1657 711 Harl.

272 719 382 756 Bodl.
407 720 476 757 Jes.
498 719 716 756 Puteolanus
733 722 766 755 ὃς
782 719 1027 756 [recentiores.
1052 719 1095 755 In
1112 719 1178 754 Ms.
1196 719 1310 755 vatic.
1330 721 1424 769 1863
1448 725 1480 756 δε
1495 722 1658 760 editione

272 769 438 818 principe
459 769 641 812 omissum,
656 769 858 816 ferociffimo.
884 769 932 804 At
953 769 989 804 in
1003 768 1070 806 Ms.
1091 769 1206 807 vatic.
1233 768 1280 806 est
1296 769 1413 805 hiatus
1428 798 1437 814 ‚
1466 781 1507 805 ut
1524 785 1656 809 vocem

273 831 381 855 unam
397 819 583 856 defiderari
598 818 824 867 fignificetur.

325 870 465 912 ARMA,
486 881 575 911 EQUI
603 871 927 913 HAURIRENTUR]
963 868 1059 904 Bene
1073 867 1146 904 Jac.
1168 868 1381 905 Gronovius
1407 872 1440 905 ὅ(
1465 869 1657 907 Recentio-

272 930 338 955 res.
365 918 424 954 Sic
438 918 631 967 legendum
647 919 715 964 jam
734 919 939 963 conjecerat
962 917 1155 954 Rhenanus
1176 932 1195 955 e
1216 919 1283 955 Ms.
1301 918 1392 954 Bud.
1421 919 1458 954 in
1482 932 1555 968 quo
1571 934 1658 956 arnze

271 972 325 1016 qui
350 969 566 1004 haurirentur.
612 967 668 1004 Ita
695 970 728 1003 &
761 966 876 1004 editio
902 967 1080 1016 princepS.
1105 967 1184 1004 Nec
1211 968 1313 1005 aliter
1350 968 1417 1004 Ms.
1446 968 1543 1005 Flor.
1571 969 1659 1007 licet

272 1018 444 1066 corrupte
463 1017 595 1055 habeat
609 1019 804 1054 aurirentur.
825 1016 902 1054 ΜΠ.
920 1017 1025 1054 Harl.
1041 1017 1149 1054 Bodl.
1165 1018 1232 1055 Jes.
1249 1021 1282 1055 ὅς
1296 1018 1514 1056 Puteolanus
1528 1046 1539 1062 ,
1566 1033 1658 1056 arma

270 1070 401 1116 equique
415 1070 634 1104 haurirentur.

321 1117 661 1163 PERSULTABANT]
684 1117 728 1153 In
744 1117 811 1154 Ms.
831 1117 917 1167 Reg.
931 1121 965 1154 &
979 1118 1313 1167 editIOneprincipe
1329 1146 1338 1161 ‚
1357 1120 1558 1155 exultabant.

319 1168 501 1204 Commus
530 1179 674 1204 ῈΜΙΝυε
697 1180 958 1204 CERTABATUR
981 1171 997 1213 ]
1029 1167 1072 1203 In
1097 1169 1173 1204 ΜΠ.
1193 1168 1291 1205 Flor.
1315 1168 1403 1217 Reg.
1429 1171 1462 1204 ὃς
1493 1169 1658 1207 editione

269 1216 437 1266 principe
453 1245 464 1262 ,
484 1221 624 1253 cominus
640 1221 744 1253 minus
756 1219 949 1254 certabatur.
969 1217 1059 1254 Inde
1077 1219 1168 1255 recle
1182 1218 1326 1255 monuit
1349 1217 1422 1254 Jac.
1441 1218 1656 1256 Gronovius

268 1266 482 1316 legendum,
499 1271 638 1303 cominus
661 1271 791 1303 eminus.
817 1267 1035 1305 Puteolanus
1057 1271 1092 1305 ὃς
1116 1268 1226 1307 ceteri
1250 1280 1374 1306 omnes
1392 1295 1404 1314 ,
1432 1272 1570 1304 cominus
1596 1283 1658 1306 cer-

268 1319 412 1353 tabatur.
437 1317 505 1354 Ms.
529 1317 598 1354 Jes.
628 1319 842 1352 certabantur.

321 1366 451 1404 INTER
486 1371 648 1413 UNDAS]
680 1366 748 1402 Ms.
762 1366 830 1404 Jes.
846 1370 931 1404 intus
946 1368 1057 1406 undas.

316 1465 421 1502 CAP.
449 1465 548 1502 XVI.
578 1465 796 1512 GUGERNI]
821 1466 918 1502 Male
933 1466 1000 1502 Ms.
1017 1465 1106 1515 Reg.
1122 1468 1156 1501 ὃς
1171 1466 1286 1503 editio
1303 1467 1471 1515 princeps
1488 1494 1497 1512 ‚
1512 1468 1658 1517 Eugem‘i.

265 1514 344 1551 Mff.
360 1515 463 1552 Harl.
483 1514 591 1553 Bodl.
608 1515 676 1552 Jes.
699 1518 733 1551 ὃς
750 1513 994 1560 Puteolanus,
1022 1518 1173 1564 Cugerni.
1200 1516 1249 1553 At
1266 1516 1369 1567 supra
1393 1516 1484 1554 Hist.
1509 1518 1574 1562 IV,
1592 1519 1656 1556 26.

266 1565 502 1601 Guerernorum.
682 1601 686 1604 .

318 1594 510 1662 t'QtJosQUE
538 1618 728 1662 suorum]
759 1615 814 1652 Ita
836 1615 914 1652 Mff.
942 1615 1040 1651 Flor.
1064 1614 1151 1664 Reg.
1177 1614 1280 1651 Harl.
1315 1617 1423 1653 Bodl.
1441 1616 1508 1654 Jes.
1533 1617 1656 1656 Guelf.

264 1663 351 1714 Agr.
368 1664 483 1701 editio
502 1665 670 1714 princeps
687 1668 720 1701 &
740 1665 969 1702 recentiores,
990 1664 1209 1701 Puteolanus
1222 1693 1231 1708 ,
1252 1667 1383 1715 quosque
1403 1681 1520 1702 eorum.

312 1714 644 1752 ADVEHEBANTUR
671 1719 689 1761 ]
716 1715 792 1754 Mss.
816 1715 933 1752 Vatic.
958 1717 1054 1764 1863
1077 1718 1110 1752 δε
1134 1717 1246 1763 1958.
1267 1713 1357 1766 Reg.
1375 1720 1409 1753 ὃς
1428 1716 1542 1755 editio
1561 1718 1656 1769 prin·

264 1775 373 1813 ceps,
400 1766 609 1801 advehebant.

316 1814 549 1859 PERHDUM,
580 1826 762 1852 IGNAVUM
790 1820 808 1862 ]
836 1815 905 1852 Ms.
929 1816 1018 1864 Reg.
1039 1815 1160 1863 perfici&
1185 1818 1354 1865 ignavum.

316 1863 574 1901 EXCIDERENT
602 1868 619 1910 ]
644 1865 701 1900 Ita
726 1865 801 1902 Mss.
827 1865 925 1902 Flor.
952 1867 1037 1915 Agr.
1067 1865 1181 1901 editio
1211 1865 1379 1915 princeps
1405 1870 1439 1903 ὃς
1464 1866 1659 1905 Recentio-

263 1925 330 1953 res,
353 1914 431 1951 ΜΠ.
456 1915 557 1951 Harl.
581 1915 690 1952 Bodl.
711 1914 779 1953 Jes.
803 1915 924 1953 Guelf.
949 1919 982 1952 ὃς
1004 1915 1222 1952 Puteolanus
1237 1943 1246 1959 ‚
1274 1917 1485 1952 excinderent.

316 1965 377 2000 Ac
405 1977 541 2001 TAMEN
571 1978 681 2001 r-Usos
710 1967 924 2002 GERMANos
949 1970 966 2012 ]
992 1964 1047 2001 Ita
1064 1965 1129 2001 Ms.
1150 1965 1247 2002 Flor.
1266 1966 1324 2002 Sic
1341 1979 1487 2016 quoque
1508 1966 1658 2003 volebat

264 2014 437 2051 Muretus.
463 2015 506 2050 In
530 2015 596 2050 Ms.
622 2016 711 2064 Reg.
735 2030 771 2051 ac
797 2029 875 2052 tum.
903 2015 947 2051 In
970 2015 1068 2050 libris
1092 2015 1219 2058 editis'‚
1243 2028 1397 2052 attamen.
1422 2019 1492 2053 Pro
1517 2018 1656 2053 Germa-

265 2077 321 2100 nos
335 2090 344 2105 ‚
369 2064 462 2101 male
484 2064 600 2101 editio
625 2061 792 2114 princeps
813 2066 921 2102 habet
934 2067 1105 2102 Romanos.

314 2113 421 2150 Hlnc
451 2126 684 2152 PRAEVECTus
711 2118 728 2161 ]
754 2115 833 2151 ΜΠ.
850 2116 970 2152 Varie.
992 2116 1088 2165 1863
1111 2120 1144 2153 ὃς
1175 2118 1287 2166 1958.
1303 2117 1482 2163 provecffus.
1500 2116 1567 2152 Ms.
1585 2115 1654 2153 Jes.

260 2176 456 2211 praeventus.
482 2163 550 2201 Ms.
575 2165 660 2214 Agr.
684 2167 859 2210 perveffies.

318 2213 428 2250 PAcm
455 2225 565 2249 AMOR
592 2218 609 2260 ]
633 2215 699 2251 Ms.
725 2214 812 2264 Reg.
840 2218 873 2252 ὃς
897 2215 1013 2251 editio
1038 2216 1229 2263 princeps,
1255 2217 1292 2252 ξφ
1311 2219 1399 2263 pacis
1425 2230 1524 2252 amor.

318 2263 601 2300 SPERABANTUR
632 2267 649 2309 ]
676 2264 774 2300 Male
797 2265 866 2301 Ms.
887 2264 973 2315 Reg.
997 2268 1031 2302 &
1054 2265 1170 2302 editio
1195 2266 1388 2316 princeps,
1412 2268 1589 2316 ferebatur.
1610 2265 1654 2301 In

265 2312 331 2349 Ms.
357 2312 424 2350 Jes.
441 2314 680 2361 spec‘lahantur.

319 2413 425 2454 CAP.
453 2416 574 2457 XVII.
605 2416 804 2457 Sannum
833 2428 997 2457 srrzvxff
1021 2428 1141 2458 Acrrm
1166 2420 1184 2463 ]
1224 2416 1380 2461 Melicis,
1403 2414 1503 2462 filens
1529 2413 1658 2463 struxit
