2230 3047
475 318 578 343 A.U.C

497 366 568 394 822.

492 417 513 441 J.
533 417 562 440 C.

506 471 557 502 69.

613 193 674 238 96
869 188 918 228 C.
978 186 1389 230 CORNELII
1444 185 1726 227 TACITI

610 271 761 324 ripam,
792 267 956 323 repente
993 268 1146 309 effudit.
1172 268 1350 310 Turbata
1382 266 1438 307 ibi
1465 264 1777 308 Vitellianorum
1816 262 1986 315 auxilia,

613 336 653 371 ὅ(
674 332 815 372 ceteris
845 330 1088 372 Cremonam
1110 331 1356 386 fugientibus
1380 359 1393 380 ,
1428 329 1511 370 caesi
1542 329 1609 382 qui
1645 328 1875 367 restiterant.
1905 327 1986 368 Sed

610 394 800 450 repressus
823 395 1070 442 vincentium
1098 396 1269 449 impetus
1283 423 1296 443 ‚
1316 407 1366 433 ne
1386 393 1501 433 novis
1529 390 1702 431 subfidiis
1729 390 1873 430 firmati
1892 389 1986 430 hos-

610 472 668 498 tes
680 487 693 507 ,
717 457 918 498 fortunam
935 456 1067 513 proelii
1085 469 1296 497 mutarent.
1319 455 1553 511 Suspefifflm
1567 454 1609 494 id
1625 453 1869 494 Othonianis
1885 452 1984 502 fuit,

612 521 747 561 omnia
782 535 1039 574 quaecumque
1070 520 1168 560 facia
1203 519 1323 575 prave
1365 516 1654 559 aestimantibus.
1688 516 1908 566 Certatim,
1939 528 1986 556 ut

611 583 774 637 quisque
811 584 945 624 animo
972 585 1164 637 ignavus,
1199 595 1350 637 procax
1374 596 1468 632 ore,
1505 581 1685 621 Annium
1724 576 1916 628 Gallum,
1943 583 1984 619 &

610 648 847 688 Suetonium
874 645 1127 695 Faustinum,
1155 650 1194 686 ὃς
1214 646 1391 685 Marium
1420 643 1583 686 Celsum
1617 646 1741 693 (nam
1772 656 1840 682 eos
1867 642 1985 682 Otho

611 724 769 764 quoque
799 709 1054 764 praefecerat)
1085 710 1201 749 variis
1235 706 1466 749 criminibus
1491 705 1747 747 incessebant.
1777 705 1986 745 Acerrima

611 772 852 813 seditionum
888 787 933 813 ac
965 771 1167 812 discordiae
1204 772 1488 820 incitamenta,
1520 768 1791 809 interfectores
1823 766 1983 809 Galbae:

613 834 761 876 scelere
779 839 943 876 &metu
967 834 1185 884 vecordes,
1213 834 1378 874 miscere
1405 834 1545 873 cuntTta
1561 862 1574 882 ‚
1594 832 1717 872 modo
1745 828 1874 886 palam
1901 844 1984 870 tur-

613 897 714 940 bidis
739 897 933 947 vocibus,
965 898 1088 938 modo
1124 896 1297 938 occultis
1322 896 1371 937 ad
1404 897 1614 937 Othonem
1644 893 1793 934 literis:
1824 894 1890 946 qui
1916 895 1987 932 hu-

611 960 784 1001 millimo
806 962 950 1014 cuique
972 958 1182 1010 credulus,
1209 959 1337 1000 bonos
1360 972 1540 999 metuens
1555 987 1566 1006 ,
1591 955 1839 1012 trepidabat3
1868 954 1986 996 rebus

613 1024 807 1079 prosperis
842 1024 1042 1072 incertus,
1068 1026 1107 1063 ὅ(
1133 1023 1236 1062 inter
1269 1021 1429 1061 adversa
1452 1019 1608 1060 melior.
1630 1019 1757 1073 Igitur
1778 1018 1987 1059 Titianum

611 1087 773 1127 fratrem
800 1087 973 1127 accitum
996 1091 1007 1107 ¹
1023 1115 1036 1135 ,
1054 1083 1163 1125 bello
1193 1084 1413 1141 praeposuit.
1436 1083 1614 1133 Interea,
1634 1079 1807 1123 Paullini
1823 1085 1862 1123 ὃς
1879 1080 1984 1124 Celsi

614 1150 731 1189 ἀηδία
746 1179 758 1199 ,
785 1164 845 1190 res
870 1150 1036 1203 egregiae
1055 1150 1180 1203 gestae.

675 1210 855 1253 XXIV.
889 1213 1163 1251 ANGEEANT
1192 1211 1416 1262 Caecinam,
1434 1210 1702 1265 nequidquam
1722 1208 1857 1250 omnia
1879 1223 1985 1265 coep-

614 1290 654 1316 ta
664 1279 694 1326 ²,
710 1280 750 1316 ὅ(
763 1274 970 1316 senescens
987 1275 1182 1315 exercitus
1201 1274 1258 1314 sui
1270 1275 1374 1315 fama
1388 1291 1395 1314 :
1410 1273 1544 1330 pulsus
1557 1270 1782 1322 Placentia,
1799 1272 1899 1312 caesis
1914 1287 1986 1311 nu-

614 1353 685 1394 per
714 1338 870 1379 auxiliis
889 1367 903 1388 ,
941 1339 1060 1378 etiam
1094 1352 1164 1393 per
1189 1338 1429 1378 concursum
1451 1336 1751 1393 exploratorum
1779 1340 1788 1363 3
1808 1365 1821 1385 ,
1849 1334 1987 1376 crebra

613 1403 739 1456 magis
762 1400 880 1455 quam
902 1401 1021 1455 digna
1042 1414 1264 1441 memoratu
1290 1399 1458 1456 proelia,
1481 1400 1669 1449 inferior,
1693 1398 1987 1454 propinquante

613 1464 741 1507 Fabio
769 1463 943 1507 Valente
958 1493 971 1513 ,
993 1478 1042 1504 ne
1059 1479 1178 1504 omne
1205 1462 1303 1503 belli
1330 1464 1451 1504 decus
1474 1461 1572 1504 illuc
1593 1461 1862 1510 concederet,
1880 1461 1984 1501 reci-

614 1541 751 1584 perare
771 1526 942 1582 gloriam
969 1555 982 1577 ‚
1008 1527 1159 1567 avidius
1190 1525 1308 1580 quam
1339 1524 1560 1567 consultius
1588 1555 1600 1576 ,
1638 1522 1886 1581 properabat.
1921 1523 1988 1564 Ad

614 1590 900 1631 duodecimum
932 1606 952 1631 a
983 1587 1184 1630 Cremona
1210 1587 1358 1639 (locus
1391 1589 1597 1630 Castorum
1628 1590 1855 1637 vocatur4)
1883 1586 1989 1627 fero-

615 1653 784 1695 ciffimos
803 1652 1051 1695 auxiliarium
1072 1651 1372 1694 imminentibus
1395 1653 1466 1693 viae
1491 1650 1592 1692 lucis
1615 1648 1801 1692 occultos
1825 1664 1990 1706 compo-

616 1718 698 1757 nit:
718 1718 869 1770 equites
893 1734 915 1753 «
941 1716 1159 1772 procedere
1178 1713 1372 1770 longius»
1401 1713 1485 1767 juffi
1499 1745 1511 1765 ,
1539 1731 1560 1751 «
1590 1717 1630 1755 ὃ(
1652 1714 1814 1754 inritato
1841 1712 1988 1768 proelio

615 1780 790 1834 »sponte
812 1779 967 1834 refugi,
991 1779 1282 1819 festinationem
1310 1778 1559 1832 sequentium
1583 1775 1728 1818 elicere
1743 1805 1757 1826 ,
1785 1776 1915 1816 donec
1930 1777 1988 1816 in-

615 1843 747 1883 »fidiae
785 1843 1046 1882 coorirentur.
1071 1859 1092 1878 »
1134 1841 1340 1882 Proditum
1369 1841 1409 1881 id
1451 1841 1694 1881 Othonianis
1726 1837 1917 1879 ducibus:
1947 1843 1989 1880 &

619 1921 753 1948 curam
784 1905 963 1960 peditum
986 1902 1215 1953 Paullinus,
1248 1905 1426 1957 equitum
1457 1902 1622 1952 Celsus,
1650 1902 1861 1957 sumpsere.
1885 1903 1989 1942 Ter-

618 1969 844 2009 tiaedecimae
866 1967 1039 2023 legionis
1063 1966 1284 2017 vexillum,
1313 1980 1482 2021 quatuor
1506 1964 1745 2007 auxiliorum
1773 1965 1960 2008 cohortes
1972 1976 1989 2017 ,‘

659 2082 667 2096 ¹
693 2077 853 2108 FRATREM
877 2087 1018 2107 accrum
1047 2079 1061 2114 ]
1094 2076 1284 2107 Profecturus
1321 2075 1361 2106 est
1379 2076 1415 2104 ad
1432 2076 1560 2116 Castorir.
1581 2074 1693 2115 Supple
1714 2074 1830 2111 aedem,
1844 2072 1895 2103 vel
1910 2081 1988 2104 tem-

618 2115 705 2148 Otho
717 2140 724 2152 ‚
742 2116 879 2155 quietem
897 2115 986 2146 Urbis
998 2140 1006 2152 ‚
1024 2116 1169 2156 curasque
1185 2118 1285 2153 Impe-
1321 2116 1417 2148 plum.
1436 2115 1602 2147 Suetonius
1613 2115 1646 2144 in
1663 2114 1737 2145 Oth.
1752 2115 1813 2150 lx,
1830 2113 1915 2144 Otho
1934 2113 1990 2141 rri-

617 2155 678 2192 rii,
691 2155 819 2185 Titiano
838 2154 925 2184 fratri
942 2155 1135 2194 permiserat,
1148 2163 1181 2186 ut
1199 2155 1284 2185 vidi-
1321 2150 1369 2183 bus
1391 2155 1516 2194 quidem,
1549 2155 1641 2184 verum
1661 2153 1839 2182 mediocribus
1862 2151 1989 2189 praeliis,

620 2205 686 2225 mus
713 2194 799 2232 supra
819 2193 892 2223 Hist.
912 2195 946 2229 1,
965 2205 1016 2230 90.
1321 2193 1392 2230 apud
1415 2194 1520 2232 Alpes,
1544 2194 1667 2233 circaque
1687 2192 1879 2229 Placentiam,
1901 2190 1930 2220 ὓ*
1952 2189 1990 2220 ad

662 2238 671 2277 ᾖ
696 2233 839 2270 CuszA]
870 2234 980 2272 Coepta
1009 2233 1115 2265 omnia
1141 2233 1285 2264 hathnus
1321 2233 1461 2272 Castoris,
1482 2233 1549 2273 quod
1564 2233 1619 2262 loco
1641 2243 1736 2262 nomen
1760 2231 1795 2271 est
1811 2255 1819 2268 ‚
1843 2231 1920 2261 vicit.
1944 2231 1990 2262 Ex

620 2274 716 2303 irrita.
1321 2273 1426 2303 Taciti
1451 2273 1627 2304 narratione
1646 2271 1770 2302 videtur
1787 2271 1891 2301 locum
1913 2269 1990 2300 Cas-

651 2318 669 2355 }
692 2313 957 2355 Eyrnonaronum
978 2312 992 2348 ]
1016 2311 1285 2342 Concurrentibus
1322 2321 1426 2343 torum
1441 2313 1474 2343 &
1493 2323 1600 2352 pugnae
1609 2311 1695 2342 fuisse
1711 2311 1792 2341 inter
1812 2310 1925 2340 fluvios
1938 2310 1990 2339 Pa-

618 2351 860 2382 Vitelhanorum
885 2351 919 2381 &
949 2350 1204 2382 Othonianorum
1230 2361 1285 2381 ex-
1323 2352 1396 2382 dum
1408 2375 1416 2387 ,
1428 2351 1452 2381 le
1469 2351 1511 2381 Ρό
1522 2376 1530 2387 ,
1543 2355 1576 2382 ὅ(
1590 2351 1731 2381 Adduam
1744 2374 1752 2386 ‚
1768 2348 1887 2384 PAdda,
1908 2348 1990 2378 haud

621 2390 845 2431 plorator-ibus.
1324 2391 1431 2429 procul
1447 2392 1585 2430 oppido,
1599 2390 1685 2430 quod
1701 2399 1785 2420 nunc
1797 2387 1909 2419 dicitur
1927 2386 1991 2427 Piz-

658 2434 674 2453 4
693 2430 798 2461 Locus
827 2430 1001 2460 Cssromm
1031 2440 1183 2463 voci-an
1205 2429 1220 2467 ]
1251 2429 1286 2460 Id
1322 2429 1470 2470 {iglzitonm

1713 2476 1753 2513 ὅ(
1783 2470 1993 2526 quingenti

2019 833 2074 864 10'

2021 1158 2070 1199 15

2017 1474 2038 1498 2
2047 1473 2077 1503 Ο.
