2209 3047
370 159 451 201 AD
476 158 703 201 LIBRUM
730 158 783 200 V.
810 156 956 199 HIST.
991 157 1040 198 C.
1067 157 1248 199 CORN.
1275 154 1485 198 TACITI.
1561 171 1645 210 555

305 236 440 273 szcm
470 249 680 274 ‘romszAM
708 239 726 282 ]
766 235 865 272 Bene
900 232 977 270 Mss.
1013 237 1046 270 δε
1082 234 1165 270 libri
1197 233 1287 271 editi
1311 234 1449 272 habent
1479 235 1648 273 torridam.

249 286 339 324 Non
368 287 418 323 ita
439 287 532 324 bene
555 287 730 331 Orosius,
748 287 903 334 sblidam.
930 283 1025 321 Vide
1051 285 1240 331 Testimonia
1269 286 1428 321 Veterum.

304 338 392 374 S1v1³
422 350 550 375 HERBA
579 350 706 374 TENUs
734 349 815 373 AUT
844 347 969 373 FLORE
996 338 1015 381 ]
1043 333 1232 382 Perperam
1259 335 1374 372 editio
1400 335 1592 384 princep8‚
1615 337 1649 372 &

249 387 470 432 Beroaldus,
488 389 561 436 five
584 389 695 424 herbas
721 399 826 424 tenues
850 398 907 422 aut
925 386 1038 435 flores.
1064 384 1143 421 Mff.
1183 398 1330 435 quoque
1367 389 1401 423 δε
1429 385 1651 422 Puteolanus

248 438 386 475 habent
410 440 518 474 herbas
546 442 579 475 ὃς
602 439 716 485 flores.
741 438 789 474 At
809 438 848 473 in
882 436 926 472 iis
963 449 1030 485 pro
1056 447 1161 472 tenues
1198 436 1370 484 scriptum
1404 449 1504 471 tenus.
1537 435 1649 472 Unde

250 489 345 525 reete
365 488 573 526 emendavit
594 489 812 532 Rhenanus,
832 487 905 536 five
925 488 1021 523 herbd
1043 499 1131 522 tenus
1154 498 1211 521 aut
1223 487 1321 533 flore.
1346 486 1508 537 Ryckius
1526 496 1647 523 tamen

250 551 271 577 e
295 539 362 575 Ms.
391 540 456 576 suo
480 540 570 589 Agr.
598 539 738 582 edidit,
766 539 830 583 sive
854 538 956 573 herbae
978 549 1084 574 tenues
1107 548 1163 572 auc
1180 536 1294 583 flores.

298 590 376 626 SEU
402 601 573 626 soL1TAM
599 593 617 636 ]
644 589 688 625 In
712 589 788 625 Mss.
819 587 932 625 Corb.
956 589 1045 639 Agr.
1083 589 1117 624 δε
1143 585 1304 624 editione
1320 587 1508 637 principe,
1539 598 1574 622 ut
1591 586 1647 634 sb-

248 639 355 677 litam.
384 639 443 676 Sic
467 653 615 689 quoque
641 639 757 676 edidit
782 638 953 686 Ryckius.

298 689 416 726 Srcu‘r
446 702 623 726 menn-AS
651 694 669 737 ]
695 689 754 726 Sic
777 689 856 725 Mss.
881 689 995 726 Corb.
1011 689 1096 738 Agr.
1125 686 1241 723 editio
1269 686 1457 735 princepS,
1488 685 1648 723 Pichena

249 741 284 776 &
307 738 552 777 Recenciores.
578 740 638 776 Sic
662 752 809 790 quoque
832 739 981 776 Orosius
996 766 1006 782 ‚
1033 750 1140 788 quem
1163 736 1247 773 vide
1272 737 1366 773 inter
1387 736 1573 782 'I'estimonia
1593 738 1648 772 Ve-

248 800 367 827 terum.
389 790 433 825 In
458 790 536 825 Mss.
558 789 655 827 Flor.
681 793 715 826 ὃς
736 789 803 828 Jes.
819 789 907 838 ficut
933 790 1066 825 indicas.
1087 787 1131 823 In
1154 786 1233 823 ΜΠ.
1261 786 1365 823 Harl.
1389 784 1497 822 Bodl.
1525 789 1557 821 ἃ
1580 787 1648 821 Pu-

248 839 416 876 teolanus
429 868 438 883 ,
456 840 543 887 ficut
565 841 728 878 Iudaicas.

305 890 535 927 CONLECTAE
565 902 708 926 ARENAE
735 894 752 937 ]
778 889 834 926 Ita
856 888 991 937 Lipfius
1013 891 1046 924 &
1065 887 1313 925 Recentiores.
1331 885 1428 922 Male
1446 884 1523 920 ΜΠ.
1542 883 1646 919 Harl.

248 940 359 976 Bodl.
380 940 449 977 Jes.
473 943 507 977 &
528 939 749 977 Puteolanus
764 969 774 984 ‚
801 941 947 983 conjeffiae
968 952 1083 975 arenae.
1106 939 1150 974 In
1173 937 1249 974 Mss.
1269 936 1367 973 Flor.
1390 935 1480 985 Reg.
1501 934 1646 971 Fames.

250 990 365 1027 Corb.
388 992 476 1041 Agr.
502 994 535 1027 &
560 990 726 1028 editione
752 990 916 1039 principe
933 1018 942 1033 ,
974 990 1060 1024 125}ae
1087 1001 1202 1024 aretur.
1227 986 1343 1033 Quod
1366 986 1491 1022 melius
1516 995 1622 1034 puto.

301 1041 494 1077 ADMxxTo
526 1053 648 1078 NITRo
678 1046 695 1088 ]
723 1041 821 1078 Bene
848 1040 917 1076 Ms.
936 1039 1023 1088 Reg.
1043 1038 1238 1074 Rhenanus
1255 1041 1289 1074 ὅς
1308 1035 1551 1073 Recentiores.
1573 1035 1649 1071 Per-

247 1103 371 1140 peram
383 1092 495 1141 vulgo
511 1092 548 1127 in
560 1091 873 1128 Mss.&veteribus
895 1088 1118 1127 editionibus
1134 1117 1142 1131 ‚
1169 1091 1267 1124 vitro.
1293 1088 1336 1124 In
1366 1086 1431 1122 Ms.
1457 1085 1526 1122 Jes.
1551 1087 1649 1121 intro.

301 1141 379 1177 SED
408 1146 715 1188 EGERENTOEUS]
753 1143 808 1178 Ita
844 1140 1037 1177 Rhenanus
1061 1167 1071 1182 ,
1111 1137 1274 1187 Lipsius,
1317 1136 1477 1186 Ryckius
1515 1135 1649 1185 aliique

250 1190 408 1239 plurimi.
436 1192 478 1228 In
513 1192 590 1229 Mss'.
617 1195 651 1229 &
673 1191 855 1229 veteribus
880 1189 1125 1233 editionibus,
1153 1190 1190 1225 ἐπ’
1208 1190 1415 1236 egerentibus.
1452 1185 1568 1234 Quod
1592 1184 1651 1222 Cl.

249 1241 400 1279 Ernesto
425 1243 631 1292 probatum.

304 1340 412 1377 CAP.
466 1341 570 1378 VIII.
600 1345 731 1379 GENTr
759 1354 889 1379 CAPUT
919 1344 936 1386 ]
966 1339 1026 1376 Sic
1050 1339 1245 1377 Rhenanus
1268 1343 1302 1376 δε
1331 1338 1575 1376 Recentiores.
1608 1335 1654 1373 In

250 1390 327 1427 Mff.
357 1394 392 1427 δε
415 1392 592 1428 veteribus
614 1392 863 1434 editionibus,
894 1393 999 1439 gentis
1029 1402 1136 1435 caput.
1199 1419 1201 1423 Α

300 1440 490 1477 IMMENSAE
523 1454 758 1479 OPULENTlffi
788 1452 981 1477 TEMPLUM
1007 1443 1024 1483 ]
1053 1440 1149 1484 Quae
1182 1438 1289 1475 fuerit
1324 1438 1388 1474 illa
1424 1435 1614 1488 opulentia
1639 1460 1653 1482 ,

251 1502 361 1539 quam
384 1490 595 1528 immensam
624 1491 715 1527 dixit
738 1491 911 1534 Tacitus,
941 1488 1190 1526 indicandum.

489 1579 587 1636 De
618 1582 883 1636 immensci
914 1576 1423 1656 templippulemid.

305 1692 493 1735 PRIMUM,
526 1702 566 1729 ut
599 1705 680 1743 quae
714 1693 869 1730 dicenda
902 1693 1010 1735 sunt,
1041 1691 1290 1741 intelligantur
1308 1717 1317 1733 ,
1347 1689 1579 1726 abducendus
1605 1687 1655 1725 est

252 1741 394 1778 animus
419 1755 439 1778 a
463 1742 590 1778 nostris
612 1743 793 1787 ecclesiis,
832 1756 912 1792 quae
939 1742 1033 1778 nihil
1058 1742 1195 1779 habent
1216 1754 1298 1777 cum
1325 1737 1655 1788 Hierosolymitani

253 1792 381 1841 templi
406 1792 656 1842 magnitudine
682 1797 716 1830 ὃς
739 1793 1011 1843 magnificentia
1037 1804 1252 1828 commune:
1282 1790 1400 1826 intimi
1423 1791 1564 1826 tantum
1587 1801 1655 1837 pe·

251 1842 397 1879 netralis
423 1842 691 1880 similitudinem
713 1844 870 1893 aliquam
895 1842 1077 1886 referunt,
1106 1855 1148 1878 ac
1174 1840 1328 1877 maxime
1349 1840 1563 1876 Graecorum
1586 1838 1656 1874 Ec-

251 1892 378 1930 elefiae.
404 1893 567 1930 Grandia
595 1907 683 1944 ergo
709 1893 907 1945 cogitanda
928 1893 1009 1929 sunt
1032 1892 1168 1941 spatia:
1196 1890 1448 1928 circumdustoe
1471 1889 1655 1939 undequa-

253 1956 326 1994 que
349 1943 512 1992 porticus
546 1957 756 1982 marmoreae
773 1973 784 1989 ,
813 1944 969 1981 cedrinis
1000 1942 1227 1993 laquearibus
1261 1943 1392 1978 tedae:
1428 1953 1518 1977 areae
1547 1939 1656 1976 variis

254 1994 489 2044 pretiosisque
516 1995 698 2044 lapidibus
722 1995 1000 2032 discriminatae:
1028 2006 1090 2030 ara
1111 1992 1175 2029 sub
1203 1991 1292 2028 dio:
1331 1991 1371 2026 in
1405 1990 1536 2029 recessu
1568 1989 1656 2025 inti-

256 2055 356 2080 mum
383 2045 578 2094 penetrale.

305 2093 432 2143 Itaque
449 2095 583 2144 duplex
600 2095 668 2131 fuit
681 2095 858 2144 templum
873 2093 1251 2144 Hierosolymitanum
1269 2106 1278 2130 :
1306 2091 1454 2128 interius
1482 2090 1628 2125 alterum
1642 2114 1652 2131 ‚

257 2143 410 2180 alterurn
431 2146 596 2182 exterius.
621 2145 809 2182 Interioris
834 2145 961 2194 templi
984 2145 1097 2195 figura
1141 2144 1310 2187 uacuam,
1336 2145 1370 2179 &
1392 2140 1526 2189 singula
1546 2139 1656 2174 latera

256 2193 544 2244 quingentorum
571 2195 790 2234 cubitorum.
816 2195 1010 2238 Ezechiel,
1042 2194 1126 2231 XLI
1165 2223 1174 2238 ‚
1208 2206 1271 2231 20.
1307 2197 1321 2240 (
1354 2191 1507 2229 Cubitus
1535 2199 1653 2224 autem

259 2243 372 2294 vulgo
398 2258 474 2282 uno
495 2246 589 2295 pede
612 2250 646 2283 δε
669 2249 753 2283 osto
779 2246 999 2295 pollicibus,
1023 2245 1186 2282 mensura
1210 2241 1389 2280 Parifienfi
1404 2270 1414 2285 ,
1445 2239 1655 2284 definitur.)

259 2293 424 2332 Exterius
448 2296 646 2344 templum,
677 2309 752 2346 quo
776 2296 924 2333 interius
958 2295 1212 2332 continebatur
1227 2322 1237 2338 ‚
1276 2293 1488 2344 quadratum
1510 2300 1657 2339 quoque

261 2344 330 2380 fuit
347 2373 358 2389 ,
388 2346 475 2382 licet
500 2347 549 2383 ob
568 2348 720 2395 junnam
746 2348 871 2383 turrim
895 2346 1096 2383 Antoniam
1115 2345 1329 2395 quadratum
1356 2355 1431 2378 non
1457 2340 1658 2376 haberetur.

261 2393 348 2442 Ejus
369 2397 584 2448 magnitudo
604 2397 703 2434 haud
726 2397 778 2434 ita
798 2408 1008 2448 comperta,
1029 2396 1129 2448 quod
1151 2394 1334 2433 manifeste
1354 2402 1445 2428 errat
1465 2389 1660 2440 josephus,

1266 2466 1415 2505 Aaaa
1447 2460 1474 2514 ij
