2209 3047
321 160 800 207 HISTORIARUM
838 158 1035 202 LIBER
1068 160 1388 217 QUARTUS.
1471 176 1555 215 259

166 245 290 297 culo,
317 245 483 287 obvium
507 245 611 286 forte
636 244 820 293 servum,
847 258 869 280 «
891 241 1097 296 quisnam,
1125 247 1163 283 ὅ(
1187 242 1255 282 ubi
1283 243 1377 284 effet
1395 244 1486 285 Piso
1509 245 1554 283 »ἓ
1634 295 1639 298 ¹

166 312 477 364 interrogavere.
493 311 661 359 Servus,
679 308 843 363 egregio
860 305 1095 354 mendacio,
1119 322 1138 340 «
1161 306 1198 346 se
1217 306 1402 347 Pisonem
1425 308 1502 349 effe
1525 325 1547 345 »
1577 294 1692 372 Age·

166 373 397 430 respondit3
418 388 464 413 ac
487 373 613 412 statim
637 370 921 412 obtruncatur:
944 383 1022 409 nec
1043 366 1173 408 multo
1195 370 1305 424 post,
1326 371 1415 412 Piso
1438 373 1556 412 inter-
1601 351 1671 418 ,ἐ

167 438 315 478 ficitur.
337 438 525 490 Namque
551 435 710 485 aderat,
735 435 804 487 qui
829 433 1042 482 nosceret,
1066 430 1213 472 Bebius
1244 433 1372 473 Massa
1387 465 1399 484 ,
1424 449 1445 475 e
1469 450 1556 490 pro·
1610 450 1662 478 70·

113 510 138 552 5
169 498 418 542 curatoribus
442 499 588 540 Africae
601 528 614 549 ,
639 495 719 550 jam
741 510 840 537 tunc
861 498 1018 553 optimo
1043 497 1187 549 cuique
1210 496 1425 547 exitiosus,
1448 502 1487 538 ὃ(
1510 500 1554 538 in

168 564 303 605 causas
327 562 526 603 malorum
540 592 553 612 ‚
578 575 661 615 quae
682 573 781 600 mox
794 559 960 600 tulimus
973 588 986 610 ,
1003 559 1138 615 saepius
1158 558 1355 599 rediturus
1368 564 1395 599 ¹.
1423 561 1557 602 Festus

169 627 395 668 Adrumeto
416 630 430 646 ²
445 656 457 675 ,
479 624 548 665 ubi
568 622 889 680 speculabundus
909 622 1130 663 substiterat
1143 651 1156 673 ‚
1174 621 1224 663 ad
1242 620 1447 675 legionem
1465 639 1557 665 con-

167 690 325 739 tendit,
353 688 658 745 praefet]umque
686 687 902 727 castrorum
918 716 931 736 ‚
959 686 1200 726 Cetronium
1225 685 1438 735 Pisanum,
1468 688 1559 727 vin-

169 754 242 794 ciri
260 750 363 803 jussit
378 780 392 802 ,
417 751 595 806 proprias
625 749 678 790 ob
698 748 939 795 simultates;
963 749 1031 789 sed
1056 766 1077 785 (ι
1105 749 1260 789 Pisonis
1288 747 1502 788 satellitem
1529 765 1551 785 »

91 830 142 858 ιο
168 813 356 856 vocabat:
377 813 604 867 militesque
625 817 665 854 &
687 813 943 854 centuriones
965 812 1156 866 quosdam
1177 813 1328 867 puniit,
1351 810 1450 852 alios
1471 825 1562 867 prae-

169 880 260 919 miis
287 878 457 919 adfecit:
495 890 683 918 neutrum
710 889 761 917 ex
789 877 963 925 merito,
994 875 1062 916 sed
1085 889 1130 916 ut
1155 874 1377 931 oppresliss‘e
1406 873 1557 915 bellum

170 941 412 984 crederetur.
427 941 534 981 Mox
549 940 767 981 Oeensium
782 939 1172 995 Leptitanorumque
1190 943 1200 966 ³
1222 938 1439 979 discordias
1454 953 1563 979 com-

170 1006 312 1062 ponit,
340 1020 422 1059 quae
438 1033 450 1054 ‚
481 1017 597 1060 raptu
615 1003 776 1059 frugum
799 1007 839 1044 &
867 1017 1061 1059 pecorum
1089 1003 1192 1042 inter
1218 1002 1413 1056 agrestes,
1437 1001 1564 1041 modi-

173 1069 230 1109 cis
261 1069 493 1124 principiis,
519 1066 599 1120 jam
624 1082 695 1123 per
722 1083 830 1108 arma
855 1080 973 1120 atque
997 1067 1102 1106 acies
1128 1064 1430 1106 exercebantur.
1453 1066 1564 1105 Nam

94 1139 142 1180 15
172 1130 347 1187 populus
377 1131 571 1181 Oeensis,
601 1129 861 1172 multitudine
889 1129 1082 1180 inferior,
1111 1129 1372 1169 Garamantas
1403 1129 1566 1169 excive-

171 1207 232 1235 rat
245 1224 258 1245 ,
283 1207 445 1250 gentem
467 1194 707 1235 indomitam
732 1199 752 1222 4
765 1224 778 1244 ,
807 1198 848 1234 &
870 1194 974 1234 inter
995 1191 1155 1234 accolas
1177 1190 1400 1233 latrociniis
1422 1191 1568 1232 fecun-

173 1257 278 1299 dam.
301 1258 419 1299 Unde
441 1259 550 1300 arffle
572 1257 798 1314 Leptitanis
820 1272 882 1298 res
896 1286 909 1307 ‚
938 1256 1097 1310 late'que
1124 1256 1279 1296 vastatis
1308 1256 1410 1310 agris
1424 1284 1437 1305 ,
1462 1255 1565 1294 intra

173 1323 326 1363 moenia
351 1321 629 1378 trepidabant:
657 1321 791 1362 donec
817 1322 1049 1361 interventu
1076 1320 1308 1360 cohortium
1335 1317 1567 1371 alarumque

171 1384 245 1424 fusi
268 1385 532 1425 Garamantes
545 1413 558 1435 ,
581 1388 622 1425 ὅ(
642 1397 806 1440 recepta
825 1384 956 1424 omnis
978 1382 1106 1439 praeda
1119 1412 1132 1432 ‚
1152 1382 1222 1422 nisi
1243 1396 1361 1436 quam
1381 1381 1472 1436 vagi
1498 1394 1569 1437 per

91 1457 146 1486 20
172 1448 371 1489 inaccessa
398 1446 617 1504 mapalium
644 1452 656 1479 5
681 1445 938 1488 ulterioribus
959 1446 1236 1487 vendiderant.

236 1511 314 1552 LI.
348 1511 420 1552 AT
442 1511 686 1568 Vespasiano
700 1541 713 1562 ‚
734 1512 820 1568 post
839 1508 1158 1551 Cremonensem
1178 1523 1355 1565 pugnarn
1369 1537 1382 1559 ,
1405 1511 1444 1549 δε
1464 1505 1570 1563 pros-

175 1589 292 1631 peros
314 1575 491 1629 undique
514 1576 702 1626 nuntios,
730 1591 752 1612 «
779 1572 965 1616 cecidisse
987 1570 1202 1614 Vitellium
1223 1589 1268 1622 »,
1295 1570 1413 1611 multi
1436 1568 1569 1622 cujus-

177 1653 254 1692 que
271 1638 424 1679 ordinis
437 1668 451 1689 ,
476 1639 562 1694 pari
582 1636 747 1680 audacia
763 1634 1003 1690 fortunaque
1025 1634 1238 1676 hibernum
1252 1650 1360 1675 mare
1380 1633 1544 1689 adgreffi
1553 1662 1568 1684 ,

178 1702 426 1743 nuntiavere.
445 1701 625 1742 Aderant
643 1700 767 1756 legati
788 1702 892 1756 regis
913 1698 1134 1755 Vologesi,
1161 1716 1183 1736 «
1203 1698 1463 1753 quadraginta
1481 1697 1570 1737 Par-

95 1771 147 1812 25
176 1766 372 1806 »thorum
393 1766 574 1819 equitum
596 1764 613 1787 ⁶
630 1764 758 1805 millia
780 1781 802 1801 >›
824 1765 1053 1806 offerentes.
1072 1763 1340 1818 Magnificum
1356 1761 1571 1814 laetumque

219 1877 228 1892 ¹
253 1873 367 1904 Sm’ius
386 1875 586 1912 urnii-unus]
604 1875 799 1906 Memoratur
809 1872 857 1904 in-
932 1877 948 1897 4
968 1874 1183 1906 ΙιωοΜιτΑΜ]
1214 1871 1302 1902 Olim
1330 1878 1437 1901 tamen
1463 1869 1571 1901 trIum-

180 1911 227 1942 ίτὲ
241 1911 274 1942 in
290 1912 356 1943 Vit.
371 1914 474 1953 Agric.
491 1915 589 1944 XLV.
895 1912 1019 1951 phatam
1034 1922 1051 1942 a
1073 1910 1226 1943 Cornelio
1246 1912 1344 1941 Balbo
1356 1932 1365 1945 ,
1381 1910 1460 1940 Plin.
1481 1912 1507 1941 V
1520 1933 1529 1946 ,
1541 1918 1569 1949 5.

219 1956 232 1970 ²
255 1953 468 1991 Ananiam-0]
495 1954 578 1984 Urbe
592 1952 720 1988 Africae,
737 1953 776 1984 de
796 1952 856 1993 qua
895 1951 1074 1991 Clariffimum
1109 1950 1260 1990 oppidum
1299 1949 1425 1979 Garama
1444 1973 1453 1986 ,
1486 1959 1570 1979 nunc

182 1990 244 2029 jam
261 1991 377 2021 dmum
397 1992 484 2032 supra
502 1993 614 2023 Annal.
629 1993 689 2029 XI,
707 2003 758 2022 21.
895 1991 1018 2022 Gherma
1031 2014 1040 2028 ‚
1060 2000 1141 2027 caput
1160 1989 1383 2023 Garamantum,
1400 1988 1490 2017 omnia
1517 1998 1569 2016 ar-

222 2035 232 2056 3
256 2032 425 2062 Oai-:mmm
442 2032 782 2068 szrxnuonumqun]
793 2030 859 2061 Bel-
895 2030 947 2059 mis
968 2030 1102 2059 Romanis
1110 2030 1262 2069 superata,
1279 2028 1308 2058 ἰν
1324 2039 1341 2057 α
1361 2026 1487 2057 Cornelio
1500 2026 1570 2056 Bal-

183 2066 247 2098 lum
264 2068 342 2100 illud
352 2079 506 2102 memorat
515 2071 632 2102 Plinius
644 2073 683 2108 V,
702 2081 728 2111 5.
744 2070 790 2100 Ad
802 2070 860 2099 Ga-
896 2070 928 2099 bo
946 2069 1134 2106 triumphata.-
1159 2069 1206 2097 urzi
1230 2069 1291 2097 huic
1313 2067 1430 2096 omnium
1456 2076 1570 2096 externo

182 2117 329 2137 ramantas
343 2109 395 2139 iter
409 2110 602 2148 inexplicabile
614 2109 776 2148 adhucfuit.
789 2109 860 2139 Pro·
897 2119 978 2138 curru
989 2108 1019 2138 ἓν
1033 2108 1186 2148 Quiritium
1195 2108 1256 2147 jure
1269 2107 1370 2136 donato
1381 2119 1391 2135 .·
1404 2107 1498 2146 quippe
1511 2105 1571 2134 Ga-

182 2146 256 2176 ximo
265 2147 332 2177 hello
344 2172 354 2185 ,
369 2150 505 2186 quodcum
518 2150 667 2190 Oeenfibus
675 2149 792 2179 Romani
802 2150 860 2189 gest
897 2149 977 2178 dibus
991 2149 1086 2189 genito
1111 2149 1213 2177 civitas
1240 2146 1366 2177 Romana
1396 2156 1456 2175 cum
1483 2144 1571 2174 Balbo

173 2186 358 2226 ftre,initiis
370 2187 530 2228 Vespasiani
540 2190 729 2229 Imperatoris,
739 2199 860 2226 compen-
898 2189 999 2227 majore
1018 2198 1115 2225 patruo
1135 2187 1202 2216 dara
1220 2186 1264 2226 est.

184 2225 259 2255 dium
277 2227 330 2257 νίζε
355 2228 494 2267 quatridui
519 2229 707 2268 deprehenfitm
739 2229 785 2269 est.
813 2230 861 2260 De
938 2233 947 2256 5
971 2229 1145 2258 ΜΑΡΑιιυΜ
1161 2230 1174 2266 ]
1191 2227 1239 2257 De
1265 2225 1312 2256 his
1332 2223 1508 2264 mapalibus
1523 2221 1571 2253 vi-

132 2306 137 2311 ·
184 2266 362 2305 Leptitanis
384 2269 418 2300 ὃς
447 2269 687 2300 Garamantibus
714 2271 776 2308 jam
792 2269 861 2299 dic-
900 2268 938 2298 de
959 2268 1072 2298 Annal.
1094 2269 1157 2304 111,
1182 2277 1232 2305 74.

184 2313 258 2351 tum·
270 2306 357 2346 supra
381 2309 495 2340 Annal.
513 2310 574 2345 ΙΙΙ,
599 2320 650 2348 74.
667 2308 779 2348 Oeenfis
793 2308 862 2338 civi·
939 2308 952 2326 ⁶
972 2309 1170 2338 pannonum
1187 2315 1328 2341 noun-um
1344 2304 1358 2340 ]
1374 2305 1418 2333 lta
1441 2310 1572 2341 quoque

186 2352 232 2389 tuf
251 2355 334 2378 mter
351 2347 425 2378 duas
442 2351 460 2379 S
485 2357 545 2380 rtes
561 2357 753 2380 memoratur
768 2359 784 2380 a
802 2348 862 2378 Pli-
899 2347 1067 2378 Suetonius
1083 2347 1115 2377 in
1132 2345 1197 2378 Ves
1214 2345 1251 2375 as.
1270 2345 1324 2375 Vl.
1338 2342 1484 2380 Voloqefizs
1496 2341 1574 2384 Rar-

188 2393 250 2428 mo.
265 2387 313 2423 v,
336 2398 366 2424 4·
385 2387 432 2418 lbi
466 2388 618 2428 uitOea,
642 2389 714 2421 urbs
738 2387 864 2428 Episco-
900 2386 962 2415 thus
983 2386 1104 2428 premiss:
1133 2396 1184 2427 qua
1208 2383 1321 2425 raginta
1353 2376 1439 2410 millia
1452 2381 1578 2419 sagitta-

189 2423 267 2461 pahs
277 2445 288 2462 ‚
301 2435 384 2459 nunc
403 2425 518 2466 Tripoli.
900 2427 1013 2458 riorum.

1266 2461 1392 2517 Kkij
