2209 3047
116 503 142 547 '5

83 830 144 857 .10

94 1149 144 1189 ¹5

91 1469 149 1497 20

318 167 792 212 HISTORIARUM
828 165 1022 209 LIBER
1062 161 1381 223 QUARTUS.
1469 183 1556 222 257

169 246 215 291 ea
243 250 292 291 de
332 251 437 292 caede
474 250 593 305 quam
627 249 821 291 verissime
856 248 1095 304 expediam,
1137 250 1161 288 fi
1182 265 1309 305 pauca
1340 249 1454 307 supra
1487 265 1557 306 pe-

168 315 299 364 tiero,
332 314 379 355 ab
411 315 527 355 initio
570 314 770 368 causisque
812 311 953 354 talium
984 311 1211 352 facinorum
1251 330 1334 355 non
1377 314 1554 355 absurda.

167 376 302 432 Legio
327 379 368 417 in
395 375 533 418 Africa
558 376 808 431 auxiliaque,
831 375 1006 416 tutandis
1031 376 1187 431 imperii
1210 376 1380 427 finibus,
1408 376 1477 416 sub
1501 378 1556 418 di-

171 455 224 481 vo
260 441 442 495 Augusto
469 440 715 494 Tiberioque
750 437 1001 495 Principibus
1026 468 1040 489 ,
1081 438 1314 493 proconsuli
1350 439 1553 494 parebant.

172 503 277 544 Mox
302 503 422 544 Caius
447 503 575 544 Caesar
602 509 612 525 ¹
628 532 643 554 ,
668 501 848 543 turbidus
875 502 1022 551 animi,
1053 516 1100 542 ac
1126 501 1187 541 M.
1211 499 1393 542 Silanum
1418 508 1431 523 ²
1447 533 1459 553 ,
1488 503 1556 544 ob-

169 567 368 608 tinentem
388 566 595 617 Africam,
621 579 803 615 metuens
820 594 831 615 ,
858 564 1029 606 ablatam
1054 562 1287 620 proconsuli
1314 563 1517 619 legionem
1541 576 1557 618 ,‘

169 630 284 671 miffo
309 632 351 670 in
376 645 463 671 eam
488 645 572 670 rem
597 628 733 683 legato
757 628 942 669 tradidit:
972 641 1143 682 aequatus
1170 628 1274 667 inter
1302 627 1403 668 duos
1432 627 1555 670 bene-

170 694 355 734 ficiorum
377 708 564 734 numerus
591 697 632 742 ³,
660 696 701 732 &
728 692 862 732 mixtiS
887 692 1090 745 utriusque
1112 690 1332 741 mandatis,
1359 690 1557 733 discordia

172 756 327 810 quaesita
351 758 540 810 au&aque
569 770 695 812 pravo
725 755 955 796 certamine.
981 754 1229 809 Legatorum
1254 751 1314 804 jus
1343 752 1521 794 adolevit
1543 783 1558 805 ,

173 819 434 860 diuturnitate
455 819 581 860 officii
594 849 607 869 ‚
627 817 694 859 vel
715 820 806 872 quia
828 816 1048 857 minoribus
1068 815 1194 868 major
1212 815 1424 858 aemulandi
1442 831 1557 858 cura:

172 881 460 939 proconsulum
482 881 813 939 splendidissimus
833 880 1022 935 quisque,
1045 880 1248 922 securitati
1266 882 1392 936 magis
1406 911 1419 932 ,
1440 879 1560 935 quam

174 947 363 1003 potentiae
390 944 667 987 consulebant.

239 1009 410 1050 XLIX.
443 1011 536 1050 SED
573 1023 659 1050 tum
688 1007 895 1064 legionem
920 1013 938 1038 4
963 1010 1004 1050 in
1026 1004 1164 1050 Africa
1186 1006 1350 1062 regebat
1376 1005 1562 1050 Valerius

174 1073 310 1114 Festus
335 1078 378 1123 5,
407 1073 644 1129 sumptuosae
667 1071 974 1123 adolescentiae,
1003 1087 1130 1127 neque
1159 1071 1321 1111 modica
1355 1071 1520 1126 cupiens
1548 1101 1562 1122 ,

175 1139 216 1177 ὅ(
243 1136 447 1176 adfinitate
469 1135 628 1178 Vitellii
651 1138 803 1178 anxius.
827 1137 864 1178 Is
886 1135 1034 1178 crebris
1058 1134 1307 1176 sermonibus
1330 1135 1566 1175 tentaverit-

174 1214 226 1241 ne
254 1200 441 1240 Pisonem
471 1200 520 1241 ad
547 1215 608 1241 res
632 1215 783 1250 novas,
811 1215 860 1240 an
887 1201 1058 1241 tentanti
1086 1198 1293 1247 restiterit,
1322 1198 1521 1238 incertum
1550 1211 1564 1245 3

175 1264 367 1318 quoniam
392 1264 550 1306 secreto
573 1279 714 1306 eorum
751 1278 873 1304 nemo
908 1263 1061 1313 adfuit,
1104 1265 1173 1313 &‚
1211 1261 1348 1302 occiso
1377 1260 1521 1301 Pisone
1550 1290 1563 1312 ,

174 1326 355 1383 plerique
379 1327 427 1368 ad
448 1329 615 1382 gratiam
645 1327 907 1368 interfe8mris
937 1325 1197 1367 inclinavere.
1226 1326 1320 1365 Nec
1350 1322 1566 1379 ambigitur

174 1391 429 1446 provinciam
448 1419 461 1441 ,
496 1395 537 1432 ὃς
564 1389 761 1440 militem,
790 1388 1089 1444 alienatoerga
1118 1388 1402 1444 Vespasianum
1429 1388 1565 1428 animo

176 1452 314 1500 fuiffe3
351 1457 391 1494 &
418 1454 579 1508 quidam
605 1469 626 1494 e
655 1451 913 1503 Vitellianis,
953 1452 1060 1493 Urbe
1093 1451 1281 1508 profugi,
1316 1450 1566 1492 ostentabant

175 1516 311 1558 Pisoni
334 1532 357 1554 <c
383 1530 569 1559 nutantes
591 1515 770 1567 Gallias,
798 1529 975 1574 paratam
1000 1516 1258 1556 Germaniam
1274 1545 1286 1565 ,
1309 1513 1487 1571 pericula
1510 1516 1566 1570 ip-

178 1579 313 1630 »sius,
338 1584 379 1621 &
401 1582 443 1620 in
468 1596 567 1638 pace
589 1579 764 1636 suspeeffi
789 1581 913 1621 tutius
948 1578 1101 1620 bellum
1126 1596 1168 1620 ».
1194 1579 1303 1619 Inter
1329 1593 1411 1632 quae
1438 1576 1565 1619 Clau-

223 1684 232 1698 ¹
256 1679 355 1709 Cmus
377 1679 513 1716 Casan]
527 1678 851 1718 Caligula-VideSup-

183 1719 381 1758 plementum
404 1719 517 1748 Annal.
534 1720 604 1749 VIII
619 1741 627 1753 ‚
650 1729 700 1748 21.

223 1763 235 1777 ²
258 1759 302 1788 M.
318 1759 482 1794 Sannum]
502 1758 580 1795 Quis
604 1757 701 1787 fitliic
718 1758 760 1787 M.
782 1757 852 1787 Sila-

182 1806 259 1831 κως,
292 1796 464 1834 incertum,
490 1798 532 1827 ob
563 1797 715 1827 incuriam
741 1796 853 1827 Dionis

181 1837 269 1866 LIX.
290 1846 358 1875 pag.
381 1840 456 1876 656,
477 1837 515 1866 de
533 1837 569 1866 L.
584 1837 692 1867 Pisone
706 1860 714 1872 ‚
734 1847 800 1876 quae
816 1837 853 1867 ad

182 1876 227 1906 M.
237 1875 378 1906 Silanum
392 1875 564 1914 pertinent,
578 1876 738 1906 narrantis.
750 1878 855 1906 Praete-

184 1924 238 1946 rea
258 1925 317 1946 nec
331 1915 355 1946 is
376 1916 420 1946 M.
446 1914 565 1946 Silanus
587 1916 672 1946 idem
693 1915 750 1946 effe
767 1915 853 1946 vide-

183 1963 234 1986 tur
245 1978 255 1992 ‚
270 1954 324 1994 qui
345 1955 432 1986 socer
453 1955 513 1986 fuit
529 1955 618 1992 Caii,
637 1966 794 1995 quemque
809 1955 855 1984 in-

184 2001 372 2034 teremptum
393 2005 412 2026 a
433 1994 512 2025 Caio
529 1995 663 2026 diximus
679 1994 711 2024 in
731 1995 856 2033 Supple-

184 2042 294 2064 mento
311 2035 423 2066 Annal.
438 2035 512 2069 VII,
525 2045 575 2072 23.
594 2035 655 2066 Vix
669 2034 756 2065 enim
768 2034 856 2065 cons-

185 2080 429 2116 tantyempora:
450 2075 537 2113 quod
549 2085 616 2105 non
629 2073 697 2105 satis
712 2074 856 2104 animad—

187 2119 284 2155 vertit
298 2113 434 2144 eruditus
458 2114 616 2147 Reimarus
641 2114 674 2144 in
698 2113 792 2145 Notis
820 2114 857 2143 ad

185 2150 414 2196 Dionem‘pag.
439 2155 458 2182 6
482 2156 511 2184 6.
544 2162 612 2184 not.
646 2164 717 2184 220.
753 2153 858 2184 Potius

187 2191 376 2222 crediderim
396 2191 441 2222 fui
466 2202 482 2222 e
502 2193 544 2223 M.
560 2193 657 2224 Silani
684 2193 795 2223 filium.

230 2235 240 2257 3
265 2231 505 2262 Bumzrrcionum
533 2238 706 2267 nummus]
739 2231 860 2263 Benefi-

135 2310 139 2315 ὓ
189 2268 238 2300 cia
264 2269 406 2310 intellige
431 2270 469 2301 de
492 2271 611 2302 militiae
637 2272 780 2311 gradibus
796 2294 805 2307 ‚
823 2272 860 2301 ad

190 2318 270 2347 quos
292 2310 478 2348 proconsul,
502 2310 674 2350 legatusve,
691 2321 862 2350 promove—

891 1678 1062 1714 mandatis,
1081 1676 1203 1717 quaefita
1221 1676 1374 1707 discordia
1388 1700 1396 1712 ‚
1417 1678 1566 1715 autlaque

891 1729 988 1757 pravo
1008 1717 1253 1747 certamine.Jus
1271 1725 1374 1746 tamen
1391 1717 1566 1754 legatorum

890 1757 1054 1793 adolevit,
1074 1757 1125 1787 vel
1153 1755 1225 1795 quia
1257 1755 1435 1786 minoribus
1466 1755 1566 1792 major

892 1798 932 1828 est
949 1796 1114 1827 aemulandi
1133 1805 1203 1826 cura
1216 1817 1225 1830 ,
1247 1795 1298 1825 vel
1323 1795 1385 1833 ipsa
1410 1794 1567 1824 diuturni-

892 1845 954 1867 tate
971 1835 1076 1867 officii.
1095 1834 1204 1873 Legati
1224 1834 1309 1865 enim
1326 1845 1379 1873 per
1394 1834 1495 1872 plures
1509 1844 1567 1864 an-

892 1887 949 1907 nos
980 1875 1166 1915 dignitatem
1199 1874 1407 1905 obtinebant:
1430 1884 1566 1911 procon-

894 1916 972 1946 l'ules
994 1917 1071 1946 vero
1095 1915 1170 1952 saepe
1187 1914 1306 1951 annui3
1330 1914 1364 1944 &
1387 1912 1568 1951 splendidis-

895 1955 983 1985 limus
1011 1954 1140 1994 quisque
1163 1952 1316 1984 securitati
1334 1952 1449 1990 magis,
1471 1954 1566 1991 quam

894 1995 1043 2034 potentiae
1062 1993 1276 2025 consulebant.
1292 1993 1339 2022 De
1357 1991 1518 2021 beneficiis
1531 1992 1566 2023 δε

894 2034 1100 2065 beneficiariis
1123 2034 1208 2071 plura
1227 2032 1368 2062 dicentur
1380 2031 1411 2060 in
1426 2031 1519 2062 Notis
1532 2033 1567 2063 &t

895 2073 1174 2105 Emendationibus
1194 2072 1232 2102 ad
1252 2071 1326 2101 Hist.
1342 2072 1403 2104 lv,
1421 2072 1472 2106 48.

935 2119 949 2137 4
971 2115 1167 2150 Lrtciomzm]
1195 2111 1335 2141 Tertiam
1361 2108 1446 2140 fuiss'e
1472 2109 1569 2146 legio-

897 2163 969 2183 nem
994 2152 1127 2183 diximus
1145 2152 1174 2181 in
1202 2150 1294 2181 Notis
1317 2150 1351 2181 &
1367 2149 1566 2180 Emendatio-

898 2192 1006 2228 nibm,
1023 2192 1061 2223 ad
1082 2191 1153 2221 Hist.
1175 2192 1220 2226 11,
1242 2194 1271 2220 6.

940 2238 948 2260 5
972 2235 1132 2263 vlumus
1154 2229 1302 2265 Fvsws]
1334 2228 1381 2258 De
1406 2238 1470 2268 quo
1504 2227 1568 2257 Pli-

900 2271 966 2302 niiis
983 2272 1111 2308 111‚Ep.
1131 2280 1160 2308 7.
1182 2270 1279 2306 Nuper
1292 2267 1397 2296 Lucius
1417 2267 1479 2305 Pis)
1493 2290 1500 2301 ‚
1516 2276 1570 2302 [nz-

900 2320 939 2340 rer
956 2311 1061 2350 Pifimis
1078 2309 1169 2345 illius,
1186 2309 1228 2347 qui
1251 2319 1267 2337 a
1291 2306 1402 2337 Valerio
1424 2305 1497 2343 Festa
1522 2315 1570 2341 per

190 2347 277 2392 bant.
301 2348 424 2379 Divisus
447 2349 487 2380 est
511 2350 545 2381 ὃς
574 2359 711 2390 aequatus
741 2350 862 2381 benefi-
892 2351 1025 2389 fiaemmum
1041 2349 1156 2387 facinur
1174 2359 1201 2378 ιη
1219 2347 1313 2385 Africi
1329 2347 1430 2385 ncriflcs
1454 2344 1508 2378 esf,
1532 2344 1573 2372 [⁴¹1⁵-

192 2395 316 2417 ciorum
331 2388 459 2419 illorum
474 2399 619 2420 numerus
634 2390 715 2420 inter
728 2400 861 2428 procori·
902 2389 1069 2430 cerefiilebar
1082 2402 1091 2417 .·
1114 2388 1258 2417 Neminem
1272 2387 1301 2425 se
1315 2385 1405 2414 ridere
1422 2385 1574 2428 isi-(mnu,

192 2424 288 2459 sulem
307 2427 342 2458 ὃς
357 2427 492 2467 legatum
504 2440 514 2468 ;
527 2430 562 2463 δε
579 2429 685 2463 mixtis
706 2429 862 2469 utriusque
901 2440 977 2470 quem
1000 2428 1089 2470 consul
1109 2428 1162 2468 ipse
1173 2426 1338 2468 sententiam
1364 2423 1516 2463 rogaixffl'et.

286 2470 323 2510 T
320 2486 393 2514 om.
425 2473 505 2516 III.

1314 2468 1392 2511 Kk

1580 262 1694 284 Ξ

1580 297 1609 321 Α.
1621 298 1651 320 U.
1663 298 1693 321 C.

1603 345 1673 380 823.

1601 396 1623 419 J.
1636 396 1665 419 C.

1611 451 1663 480 70.
