2209 3047
364 143 445 185 AD
471 143 695 186 LIBRUM
719 145 771 186 V.
797 144 942 186 HIST.
969 145 1017 186 C.
1043 145 1222 187 CORN.
1256 144 1465 187 TACITI.
1537 161 1588 200 55
1601 164 1621 200 3

237 223 275 258 in
292 221 493 258 Turcarum
521 222 753 271 Imperatoris
783 221 1070 270 optimatumque
1095 223 1175 259 usus
1208 226 1242 259 &
1266 222 1412 260 delicias
1439 223 1560 260 cedit:
1581 225 1628 262 ad

237 285 306 308 nos
330 272 570 309 adulterinum
595 273 761 309 defertur.
793 272 882 308 lnde
901 271 1008 308 nobis
1029 272 1138 309 ferme
1163 274 1390 324 incomperta
1416 275 1547 312 eximia
1563 275 1627 312 illa

238 322 293 359 vis
309 350 318 365 ,
349 323 420 372 qu&
436 336 504 372 pro
519 322 707 360 stomacho
728 326 762 359 ὅ(
778 322 985 359 vulneribus
1001 323 1202 371 praepollet.

292 371 454 416 Plinius,
482 373 698 421 Vespasiano
725 372 894 422 placendi
915 373 1013 408 haud
1035 372 1234 409 incuriosus
1260 402 1270 418 ,
1300 375 1413 411 multa
1441 375 1550 412 habet
1581 376 1627 413 de

237 422 414 460 balsamo.
440 422 598 459 Sufficiat
620 423 804 473 praecipua
827 422 996 473 seligere,
1020 435 1099 473 quae
1114 422 1283 459 Tacitum
1310 425 1494 462 illustrent.
1531 425 1625 462 Haec

238 482 358 508 autem
382 472 535 517 Plinius,
561 473 656 518 Xll,
680 485 742 523 25.
770 474 926 509 Omnibus
953 474 1098 509 odoribus
1115 473 1285 520 praefertur
1321 476 1497 523 balsamum
1520 504 1530 519 ,
1570 479 1627 512 uni

237 533 399 558 terrarum
422 523 540 559 Judceae
564 525 731 573 conceffiim
745 550 755 566 ‚
779 524 937 572 quondam
959 527 992 558 in
1007 523 1125 559 duobus
1143 524 1267 558 tantum
1282 525 1380 560 hortis
1395 553 1404 569 ,
1424 538 1553 576 utroque
1568 540 1624 562 re·-

236 575 292 620 gio
310 603 318 614 ,
347 575 447 608 altero
460 577 613 623 jugerum
628 575 702 611 XX.
727 586 789 608 non
805 575 942 620 amplius
956 604 964 616 ‚
985 575 1086 610 altero
1098 576 1297 620 pauciorum.
1327 575 1496 622 ostendere
1514 577 1624 624 arbufi

239 625 345 658 culam
377 625 458 659 lianc
482 625 561 659 Urbi
585 626 794 670 Imperatores
817 624 1007 672 Vespasiani.
1047 625 1238 672 Clarumque
1270 624 1356 659 ditia
1379 652 1389 667 ,
1421 639 1440 660 a
1474 628 1623 674 Pompeio

239 673 366 720 Magno
390 676 425 708 in
447 675 605 720 triumpho
633 673 760 708 arbores
795 687 914 722 quoque
945 674 1107 710 duximus.
1140 675 1248 710 Servit
1270 687 1352 708 nunc
1380 677 1462 718 haec,
1492 677 1529 711 θ’
1555 680 1625 712 tri-

239 722 317 757 buta
330 722 442 768 pendit
465 723 610 770 cumsud
634 735 726 772 gente
741 752 751 767 ,
777 726 810 758 in
829 734 930 759 totum
948 724 1017 758 alid
1045 725 1162 759 naturii
1174 751 1184 767 ‚
1205 724 1300 773 qutim
1325 723 1423 772 nostri
1441 730 1625 774 externique

233 771 457 818 prodiderant.
494 774 618 820 Quippe
642 776 705 809 viti
722 773 865 821 similior
883 773 926 820 est
941 800 950 816 ,
986 774 1083 822 qua'm
1106 786 1221 822 myrto.
1263 775 1429 809 Malleolis
1455 774 1627 816 (Gallice

240 821 294 856 des
312 825 503 869 marcottes)
529 823 596 870 seri
618 823 755 866 dicitur,
781 836 877 869 nuper
896 825 1006 858 vineta
1023 851 1034 867 ,
1063 836 1098 859 ut
1125 827 1204 859 vitis
1229 839 1242 858 .·
1263 825 1300 860 ξφ
1321 825 1432 870 implet
1455 825 1547 859 colles
1573 829 1623 861 vi-

241 884 376 906 nearum
404 872 494 907 modo
518 899 528 915 ,
568 887 636 922 quae
654 873 725 921 fine
743 872 998 920 adminiculisse
1020 875 1092 920 ipsae
1108 874 1277 921 sustinent.
1304 873 1626 922 Tondeturfimiliter

232 921 422 968 fruticans,
442 935 478 958 ac
495 922 604 970 rastris
619 924 743 970 nitescit
756 951 766 966 ,
791 935 1000 972 properatque
1017 925 1100 970 nasci
1115 951 1125 967 ,
1150 927 1239 959 intra
1256 927 1384 959 tertium
1412 937 1531 959 annum
1546 925 1627 972 fru-

242 971 369 1019 Hifera.
392 973 518 1007 Folium
532 975 719 1019 proximum
735 985 815 1008 rutae
841 1001 850 1017 ‚
880 985 1035 1020 perpetua
1061 987 1159 1009 coma.
1191 975 1327 1009 Saeviere
1355 977 1387 1009 in
1416 988 1483 1009 eam
1501 975 1629 1018 Iudaei,-

232 1021 322 1070 Jicut
352 1025 386 1056 in
411 1025 516 1057 vitam
534 1037 652 1072 quoque
667 1024 776 1071 suam.
801 1024 922 1059 Contra
940 1023 1102 1072 defendere
1127 1027 1287 1067 Romani,
1307 1025 1344 1059 δῖ’
1372 1025 1556 1060 dimicatum
1569 1039 1629 1073 pro

236 1072 358 1120 frutice
389 1071 443 1119 est.
489 1073 632 1122 Seritque
663 1087 745 1109 nunc
771 1087 840 1108 eum
852 1073 954 1121 fifius
973 1089 987 1108 .·
1015 1087 1069 1109 nec
1091 1087 1239 1122 umquam
1264 1074 1336 1121 suit
1363 1074 1554 1123 numerosior
1571 1087 1631 1111 aut

238 1125 412 1168 procerior.
427 1124 607 1159 Proceritas
622 1127 709 1159 intra
728 1125 804 1159 hina
822 1125 928 1159 cubita
937 1124 1099 1171 subfistit.
1115 1150 1142 1159 ..
1156 1151 1164 1160 .
1182 1152 1189 1160 .
1203 1124 1360 1160 Inciditur
1375 1128 1479 1167 vitro,
1502 1126 1631 1172 lapide,

242 1172 368 1220 oſjeisve
395 1174 544 1210 cultellis.
563 1175 658 1209 Ferro
679 1175 752 1209 laea'i
770 1176 891 1210 vitalia
911 1175 988 1209 odit.
1021 1175 1188 1209 Emoritur
1203 1177 1353 1220 protinus
1367 1205 1375 1217 ‚
1395 1175 1501 1210 eadem
1518 1189 1633 1222 ampu-

244 1225 310 1259 tari
328 1223 530 1269 supervacua
549 1227 687 1270 patiens.
716 1225 889 1259 Incidentis
919 1237 1031 1259 manus
1060 1225 1199 1259 libratur
1219 1224 1341 1271 artifici
1365 1237 1634 1272 temperamento,

243 1285 282 1308 ne
308 1274 384 1321 quid
410 1274 499 1308 ultra
520 1277 662 1310 corticem
689 1276 801 1310 violet.
819 1276 934 1310 Saccus
957 1289 971 1310 e
987 1275 1092 1322 plagd
1117 1286 1228 1310 manat
1244 1302 1254 1318 ‚
1281 1288 1372 1323 quem
1399 1277 1634 1323 opobalsamum

243 1334 386 1366 vocant,
408 1324 588 1370 fiiavitatis
611 1327 738 1360 eximite
762 1355 771 1367 ,
786 1326 846 1370 sed
870 1327 957 1360 tenui
972 1336 1069 1371 gutta
1093 1326 1245 1371 ploratu,
1274 1326 1358 1359 lanis
1378 1338 1485 1370 parva
1509 1328 1635 1375 colligi<

244 1383 300 1408 tur
325 1375 359 1407 in
387 1386 516 1409 cornua.
546 1376 601 1409 Ex
621 1376 668 1408 his
691 1387 773 1409 novo
792 1374 895 1424 fictili
922 1374 1067 1409 conditur
1093 1399 1102 1415 ,
1131 1373 1271 1420 craffiori
1286 1374 1408 1420 similis
1431 1376 1517 1418 oleo,
1543 1377 1580 1412 ἕν’
1602 1379 1636 1411 in

244 1421 346 1469 musto
363 1423 512 1459 candida.
534 1424 684 1470 Rubefcit
697 1423 806 1459 deinde
820 1424 1001 1472 ‚simulque
1025 1423 1160 1470 durescit
1181 1438 1195 1459 e
1216 1424 1422 1471 translucido.
1444 1426 1636 1462 Alexandro

245 1473 372 1519 Magno
407 1486 454 1508 res
487 1473 531 1507 ibi
562 1485 690 1520 gerente
719 1500 729 1516 ,
769 1484 834 1508 toto
868 1474 918 1508 die
942 1473 1050 1520 aestivo
1078 1486 1175 1508 unam
1196 1475 1345 1508 concham
1368 1476 1494 1521 impleri
1511 1476 1637 1523 justum

246 1533 328 1557 erat.
351 1522 452 1556 Omni
470 1526 543 1557 verb
552 1523 753 1569 fecunditate
777 1537 791 1558 e
815 1526 935 1571 majore
954 1524 1043 1558 horto
1067 1526 1192 1572 congios
1205 1524 1320 1570 senos,
1339 1524 1636 1574 minorestngulos‚

245 1584 317 1607 cum
333 1571 429 1618 duplo
454 1572 680 1618 rependebatur
699 1584 879 1620 argentum.
908 1574 1002 1608 Nunc
1015 1576 1112 1608 etiam
1130 1573 1337 1622 fingularum
1353 1575 1501 1610 arborum
1516 1577 1638 1625 largior

246 1634 330 1658 vena
352 1651 360 1664 ‚
399 1633 446 1657 ter
474 1622 618 1657 omnibus
641 1626 820 1670 percutitur
845 1623 1006 1671 aestatibus
1022 1649 1032 1666 ‚
1069 1623 1181 1670 postea
1213 1624 1397 1670 deputatur.
1411 1625 1455 1660 Et
1470 1625 1639 1670 sarmenta

248 1684 368 1721 quoque
386 1673 419 1706 in
446 1685 543 1707 merce
556 1672 648 1720 fiant.
682 1689 765 1709 occ
791 1675 866 1709 111.
901 1675 1080 1720 amputatio
1101 1675 1168 1721 ipsa
1182 1674 1390 1723 surculusque
1420 1677 1524 1711 veniit
1548 1679 1637 1711 intra

249 1725 396 1770 quintum
415 1721 547 1757 devictae
566 1736 697 1758 annum.
712 1724 975 1772 Xylolialsamum
991 1734 1142 1766 vocatur,
1168 1723 1358 1772 &coquitur
1377 1727 1410 1758 in
1429 1729 1636 1773 unguentis...

238 1773 371 1819 summa
393 1773 540 1818 probatio
566 1772 714 1810 balsami
737 1773 779 1820 cst
801 1800 811 1816 ,
846 1785 882 1808 ut
905 1775 955 1808 lac
979 1775 1125 1821 coagulet
1147 1800 1156 1816 ‚
1181 1775 1215 1808 in
1241 1774 1324 1821 veste
1339 1775 1479 1810 maculas
1501 1789 1561 1811 non
1578 1777 1637 1824 fa·-

250 1824 327 1858 ciat.
344 1825 412 1857 Nec
431 1822 629 1870 manifestior
649 1825 728 1859 alibi
739 1824 838 1870 fraus
857 1839 871 1858 .·
887 1827 999 1872 quippe
1017 1824 1158 1858 millibus
1180 1823 1366 1868 denarium,
1384 1825 1526 1871 sextarii
1542 1828 1640 1874 empti

249 1872 403 1908 vendente
419 1872 502 1919 fisco
526 1876 671 1909 trecentis
692 1874 831 1910 denariis
845 1901 856 1917 ,
884 1886 1022 1910 veneunt
1036 1889 1049 1908 .·
1065 1876 1099 1909 in
1117 1884 1244 1909 tantum
1258 1875 1386 1921 expedit
1402 1888 1516 1924 augere
1533 1877 1640 1926 liquo-

250 1935 330 1959 rem.
362 1921 588 1971 Xylobalfizmo
608 1927 748 1969 pretium
774 1926 808 1959 in
827 1925 928 1959 libras
959 1925 1002 1959 X.
1019 1925 1059 1960 V.

300 1971 420 2008 Pauca
437 1985 536 2009 nunc
552 1973 753 2010 addiderim
766 2002 776 2017 ,
803 1986 882 2024 quoe
899 1973 1057 2010 Plinium
1074 1974 1267 2023 explicent.
1286 1974 1339 2010 Ex
1358 1974 1400 2011 iis
1418 1975 1513 2012 enim
1528 2003 1537 2018 ‚
1563 1988 1643 2026 quae

251 2022 459 2066 retulimus,
488 2034 587 2072 patet
611 2035 716 2061 aetate
741 2024 937 2061 Alexandri
956 2025 1083 2074 Magni
1102 2025 1267 2073 exiguam
1290 2024 1388 2062 fuisse
1412 2025 1560 2061 balsami
1583 2039 1646 2062 co-

254 2071 375 2121 piam,
400 2072 572 2123 siquidem
592 2088 635 2111 ex
659 2074 800 2111 duobus
821 2074 936 2110 hortis
957 2087 1076 2110 annua
1096 2074 1244 2110 balsami
1265 2074 1464 2111 fecunditas
1487 2075 1554 2111 fuit
1571 2087 1646 2111 tan-

253 2132 331 2158 tum
348 2121 483 2170 septem
501 2125 720 2174 congiorum
733 2153 742 2169 ‚
771 2124 917 2161 Gallico
937 2125 1099 2174 pondere
1117 2125 1286 2161 librarum
1303 2125 1411 2162 ferme
1431 2136 1490 2174 50.
1509 2125 1645 2170 Quod,

253 2171 340 2208 cum
370 2172 485 2221 duplo
514 2175 792 2222 rependeretur,
826 2175 973 2212 venibat
998 2175 1151 2212 Gallicae
1184 2186 1339 2211 monetae
1369 2175 1468 2211 libris
1504 2174 1646 2211 circiter

260 2233 416 2265 10,000.
445 2222 480 2258 Si
509 2236 553 2260 ex
577 2225 723 2261 balsami
758 2225 991 2274 vectigalibus
1023 2225 1201 2262 creverint
1235 2225 1440 2262 Judceorum
1472 2237 1579 2273 opeS,
1604 2235 1645 2260 ut

257 2271 369 2309 docet
395 2272 572 2316 Iustinus,
601 2285 688 2311 tunc
716 2275 799 2311 sanc
822 2276 880 2312 vel
906 2275 1021 2312 Judaei
1043 2277 1216 2324 majorem
1239 2274 1384 2311 balsami
1414 2274 1558 2322 copiam
1583 2287 1647 2310 ex-

257 2320 427 2366 coluere,
456 2324 514 2360 vel
541 2324 676 2375 largior
700 2325 768 2361 fuit
790 2325 959 2362 arborum
992 2338 1096 2362 vena.
1135 2325 1243 2362 Certe
1271 2352 1280 2368 ‚
1318 2324 1490 2361 Romanis
1525 2324 1649 2362 judaea

261 2372 490 2422 potientibus
512 2402 523 2418 ,
565 2378 599 2412 δε
619 2375 879 2415 numerosiores
905 2379 938 2414 ὅς
958 2376 1185 2427 proceriores
1211 2375 1310 2413 fuiss‘e
1340 2375 1483 2411 arbores
1505 2373 1651 2413 testatur

363 2443 470 2486 Tom.
505 2446 585 2490 III.
1150 2499 1160 2507 ι
1333 2446 1373 2487 Α
1387 2462 1409 2488 a
1425 2461 1445 2487 a
1461 2461 1483 2487 a
