2209 3047
333 153 808 200 HISTORIARUM
849 152 1048 195 LIBER
1089 150 1408 209 QUARTUS.

1488 147 1569 195 231

184 236 349 291 »liquiae
370 239 509 294 prioris
529 237 685 280 delubri
706 239 748 277 in
768 234 931 293 paludes
954 239 964 256 ¹
989 234 1268 275 aveherentur:
1290 232 1488 291 templum
1511 233 1576 274 iis·
1598 248 1715 270 Ξ

183 301 309 342 »dem
327 303 498 357 vestigiis
515 302 725 342 sisteretur:
750 298 860 341 nolle
877 298 972 339 deos
989 298 1132 337 mutari
1151 311 1328 338 veterem
1344 299 1514 339 formam
1531 316 1552 335 »
1564 329 1574 339 .

185 364 414 406 Undecimo
444 369 457 385 ²
488 363 685 405 Calendas
713 362 838 407 Julias
858 393 870 413 ,
910 360 1045 401 serena
1079 358 1171 399 luce
1191 389 1204 409 ,
1245 360 1413 414 spatium
1454 377 1574 402 omne

186 428 295 480 quod
318 427 472 484 templo
499 426 729 476 dicabatur,
754 427 955 466 evinetum
981 424 1090 464 vittis
1125 422 1377 476 coronisque.
1411 425 1575 478 Ingresfi

136 503 159 543 5
186 489 355 540 milites,
379 491 464 545 quis
489 491 610 531 fausta
635 490 798 531 nomina
822 493 858 538 ³,
880 486 1065 528 felicibus
1085 486 1202 526 ramis
1222 490 1260 524 4:
1284 486 1377 526 dein
1400 489 1576 542 virgines

184 552 386 604 Vestales,
403 569 495 595 cum
517 554 647 610 pueris
668 550 891 608 puellisque
909 551 1087 606 patrimis
1106 547 1377 601 matrimisque
1398 554 1410 580 5
1422 579 1434 599 ‚
1451 551 1576 605 aqua,

184 617 288 658 vivis
316 631 337 657 e
365 617 543 658 fontibus
570 614 828 667 amnibusque
854 612 987 654 hausta
1001 643 1014 663 ‚
1040 610 1222 668 perluere
1245 609 1275 651 ⁶.
1301 611 1408 651 Tum
1431 614 1575 654 Helvi-

183 679 271 720 dius
290 680 467 730 Priscus,
489 692 630 735 praetor
644 707 657 728 ,
677 689 876 734 praeeunte
897 681 910 704 ⁷
931 675 1090 717 Plautio
1109 673 1276 716 AEliano
1299 671 1334 725 8,
1355 677 1546 729 pontifice
1560 690 1575 728 ,'

182 739 342 782 lustrata
364 740 698 783 suovetaurilibus
723 745 739 770 9
766 738 880 789 area,
910 743 949 780 ὃς
970 739 1085 794 super
1107 738 1298 793 cespitem
1318 737 1483 779 redditis
1507 755 1574 780 ex-

223 917 231 932 ¹
256 914 290 943 Iu
313 923 448 943 PALUDES
469 916 480 947 ]
514 914 550 943 In
578 913 706 952 paludes
736 912 858 945 Ostien-

181 951 247 990 ses;
269 959 304 982 ut
324 952 411 991 supra
426 952 540 982 Annal.
554 954 612 984 XV
625 977 634 990 ‚
653 963 704 991 43.

218 996 232 1011 ²
255 992 450 1029 Uuoacnuo]
469 991 529 1022 Die
552 1003 587 1022 21
613 992 709 1023 Junii.

220 1036 231 1057 ³
254 1030 382 1060 fousra
405 1036 555 1066 nonina]
580 1034 619 1063 Ut
640 1031 749 1063 futurae
772 1031 858 1070 pros-

180 1068 319 1107 peritatis
347 1069 454 1100 forent
475 1071 612 1110 auguria.
638 1072 715 1102 Inde
741 1071 855 1102 Cicero

181 1107 221 1138 de
235 1108 445 1140 Divinatione
467 1111 501 1146 l,
523 1121 591 1140 102.
617 1110 687 1140 Cum
711 1112 856 1146 imperator

180 1147 349 1185 exercitum,
374 1149 464 1188 censor
483 1149 609 1186 populum
633 1149 776 1189 lustraret,
807 1150 856 1180 bo-

179 1186 229 1215 nif
247 1187 402 1217 nominibus
427 1187 471 1226 qai
490 1188 589 1227 hostias
616 1188 745 1219 ducerent
770 1189 856 1230 elige-

177 1225 282 1256 bantur
297 1239 306 1256 .·
336 1227 405 1267 quod
421 1226 492 1257 idem
508 1228 537 1257 in
558 1228 657 1258 dele6lu
672 1228 791 1268 confides
808 1229 855 1258 ob-

165 1265 308 1305 Je‘zrvunt,
329 1277 359 1296 ur
372 1267 478 1304 primus
497 1267 574 1297 miles
586 1267 644 1306 fiat
657 1267 724 1298 bono
735 1269 853 1300 nomine.

177 1306 217 1336 Et
235 1306 351 1337 Plinius
371 1308 521 1344 XXVIII,
540 1318 569 1337 2.
582 1309 660 1338 Sect.
682 1318 708 1348 5.
726 1307 784 1337 Cur
804 1318 854 1345 pu-

177 1343 259 1374 blicis
271 1345 360 1385 lustris
377 1346 460 1375 etiam
480 1347 592 1375 nomina
610 1347 735 1376 vic‘iimas
753 1346 854 1376 ducen-

176 1383 246 1413 tium
258 1385 385 1423 prospera
407 1384 533 1424 eligimus
546 1387 561 1414 ?
587 1387 740 1417 Eumdem
764 1387 852 1417 usum

177 1423 304 1455 testatur
324 1424 359 1456 δε
375 1424 511 1464 explicat
532 1425 655 1462 Festus,
675 1425 771 1455 Lacus
794 1425 852 1455 Lu-

175 1462 273 1492 crinus
289 1463 318 1493 in
340 1463 519 1503 vectigalibus
528 1464 645 1501 publicis
662 1466 768 1502 primus
779 1465 852 1495 loca-

175 1510 222 1532 tur
234 1501 390 1540 fruendus,
405 1503 504 1533 ominis
515 1503 578 1534 boni
589 1506 704 1543 gratia:
721 1515 751 1534 ut
762 1505 790 1534 in
806 1505 851 1535 de-

176 1541 246 1571 Ietta
270 1543 381 1582 cenficve
401 1543 484 1580 primi
499 1543 678 1574 nominantur
699 1544 849 1583 Valerius,

176 1580 294 1611 Salvius
304 1605 313 1619 ‚
324 1581 478 1612 Statorius.

215 1625 231 1645 4
251 1622 417 1652 Fizucmus
442 1632 540 1652 RAMlS
556 1623 570 1660 ]
586 1623 775 1655 Verbenacae
791 1633 852 1655 ma-

176 1659 281 1698 xime,
297 1661 418 1692 Gallice
431 1661 459 1690 la
475 1661 629 1700 Venetae,
645 1663 745 1694 felicis
758 1664 849 1694 arbo-

175 1699 228 1731 ris.
243 1699 294 1731 Sic
316 1711 444 1741 quoque
461 1701 494 1732 in
510 1701 599 1733 sacris
610 1712 800 1734 memoratur
810 1704 848 1734 ab

172 1739 344 1772 Ammiano
360 1740 547 1772 Marcellino
561 1743 663 1772 XXIX
674 1766 683 1779 ,
701 1753 728 1781 3.
746 1742 849 1774 Verbe-

174 1788 229 1807 nas
239 1778 336 1817 felicis
354 1780 461 1810 arboris
502 1780 601 1820 estant.
620 1783 676 1818 Et,
695 1782 768 1813 teste
789 1783 849 1813 Pli-

174 1818 232 1849 nio
250 1820 358 1856 XXV,
375 1831 405 1858 9.
427 1791 517 1850 Nuiia
537 1829 627 1850 tamen
646 1821 778 1851 Romanae
796 1832 851 1851 no-

173 1857 294 1888 bilitatis
313 1858 376 1895 plus
396 1859 497 1897 habet,
518 1870 596 1899 quam
621 1860 807 1891 hierabotane.
822 1885 828 1891 .
843 1885 849 1892 .

175 1897 270 1937 Nostri
290 1898 472 1928 verbenacam
488 1909 600 1929 vocant.
614 1899 683 1929 Haec
694 1900 749 1940 est,
771 1911 850 1940 quam

173 1936 282 1977 legatos
297 1937 374 1975 ferre
398 1938 434 1968 ad
461 1938 544 1978 hostes
569 1938 765 1970 indicavimus.
788 1939 850 1969 Hac

175 1975 257 2006 Jovis
281 1978 371 2017 mensa
401 1978 523 2008 ¹verritur
543 2001 552 2015 ‚
579 1978 672 2008 domus
693 1989 850 2020 purgantur

174 2014 383 2057 lustramurque.
399 2018 495 2049 Forte
519 2028 648 2058 quoque
670 2020 771 2059 virgas
788 2020 851 2050 lau-

173 2065 239 2086 reas
265 2064 409 2095 tenuere;
435 2067 565 2097 quarum
596 2058 743 2090 meminit
770 2060 849 2090 Ovi-

173 2094 264 2128 dius,
285 2096 445 2127 Fastorum
465 2099 510 2132 V,
529 2101 603 2136 677.

206 2134 294 2165 Udafit
303 2135 356 2160 hinc
366 2137 445 2161 laurus
458 2154 464 2164 ‚
475 2137 692 2170 laurosparguntur
702 2137 731 2162 ab
742 2137 788 2162 uad

205 2169 293 2194 Omnia
303 2188 311 2198 ,
323 2178 372 2203 quoe
382 2171 545 2202 dominosfitnt
555 2171 664 2196 habitura
683 2180 761 2196 novos.

214 2218 222 2239 5
249 2214 363 2244 Punms
387 2226 576 2251 pumusorm
605 2227 755 2247 ΡΑτκιΜιε
789 2228 849 2246 ΜΑ-

174 2262 347 2297 Τιᾳψερυῐι
363 2255 376 2291 ]
394 2254 481 2284 Pueri
502 2255 633 2285 flaminii
650 2279 658 2292 ,
676 2257 784 2294 puella:
798 2256 849 2285 ssa-

125 2295 130 2300 “
172 2301 300 2328 mimae,
323 2303 458 2332 quorum
476 2302 573 2333 patres
596 2295 768 2334 matresque
798 2295 848 2325 ad-

172 2329 233 2362 huc
252 2331 417 2363 vivebant.
434 2333 556 2363 Festus:
576 2332 716 2363 Flaminia
733 2334 846 2364 diceba-

173 2378 219 2414 tur
233 2370 425 2414 sacerdotum,
437 2383 495 2412 quae
508 2372 664 2412 flaminicae
678 2374 763 2404 Diali
777 2383 848 2410 prae-

172 2408 363 2451 ministrabat,
384 2422 467 2452 eaque
494 2412 627 2450 patriines
651 2412 680 2443 ὓ·
707 2414 847 2445 matrimes

103 818 157 845 10
181 804 231 845 tis
255 809 317 855 ¹0,
347 820 370 842 «
393 805 567 856 Jovem‚
590 805 824 855 Junonem‚
841 803 1072 845 Minervam
1096 806 1126 823 ¹¹
1143 831 1156 851 ,
1172 800 1427 856 praesidesque
1443 803 1573 858 impe-

896 921 979 949 erat,
1003 910 1075 951 idest
1088 935 1098 950 ‚
1111 919 1218 948 patrem
1241 919 1353 940 matrem
1373 921 1405 940 ue
1426 910 1513 941 adhuc
1529 912 1572 942 vie

894 961 943 981 vos
964 951 1081 981 habebat
1099 973 1107 981 .
1119 973 1126 980 .
1141 973 1149 980 .
1171 950 1327 980 Flaminius
1353 921 1489 981 (qiamillus
1505 962 1574 989 puer·

895 991 1037 1020 dicebatur
1057 992 1085 1020 in
1109 1000 1195 1019 enuus
1215 990 1349 1027 patrimes
1369 990 1572 1029 &matrimes,

895 1030 1060 1070 quiflamini
1075 1001 1160 1059 ῧίαἱὶ
1176 1029 1420 1069 praeministrabat.

935 1072 948 1089 ⁶
970 1071 1137 1100 PERLUERE
1158 1070 1174 1106 ]
1205 1069 1314 1099 Mallet
1342 1069 1481 1100 eruditus
1503 1072 1574 1101 An-

895 1109 1000 1140 tonius
1016 1109 1200 1148 Augustinus
1210 1108 1361 1145 perpluere.
1383 1110 1480 1147 Quod
1497 1111 1573 1141 lon-

894 1149 962 1188 gius
983 1149 1172 1184 arcessitum,
1191 1158 1249 1178 nec
1262 1158 1300 1178 ex
1312 1148 1366 1179 usu
1378 1148 1482 1179 Taciti
1505 1150 1574 1189 opi-

896 1199 965 1219 nor.
988 1188 1121 1218 Minime
1139 1187 1282 1226 displicet
1297 1187 1441 1226 perluere3
1457 1189 1509 1220 seu
1522 1200 1573 1220 ro-

895 1228 992 1259 talem
1014 1237 1128 1267 aquam
1159 1226 1322 1264 miserint;
1354 1238 1418 1266 quo
1442 1228 1481 1259 de
1517 1230 1573 1260 usu

894 1267 1108 1298 Tertullianus
1119 1290 1128 1304 ‚
1140 1266 1177 1296 de
1190 1266 1347 1306 Baptismo
1357 1290 1365 1304 ‚
1381 1277 1447 1305 cap.
1465 1278 1490 1307 5.
1505 1268 1572 1298 Vll*

893 1307 937 1336 las
949 1330 958 1344 ‚
973 1306 1084 1343 domos,
1105 1305 1222 1343 templa,
1247 1306 1364 1344 totasque
1383 1306 1462 1335 urbes
1484 1308 1571 1345 asper-

889 1347 957 1386 gine
973 1345 1141 1375 circumlatae
1158 1355 1234 1384 aquae
1255 1346 1372 1382 expiant
1390 1346 1480 1385 paffim
1492 1358 1502 1385 ;
1516 1347 1569 1379 seu

893 1385 1137 1420 vivisfontibus
1159 1384 1364 1424 amnibusque
1378 1385 1488 1424 largius
1501 1397 1571 1425 per-

893 1425 1052 1461 fuderint,
1071 1433 1104 1455 ut
1122 1425 1204 1463 apud
1223 1424 1354 1454 Livium
1374 1426 1408 1462 1,
1425 1435 1484 1466 45,
1503 1427 1569 1465 quin

893 1474 922 1494 tu
935 1467 1001 1493 ante
1013 1465 1075 1493 vivo
1091 1463 1399 1504 perfimderirflumine.

932 1509 945 1529 7
967 1504 1170 1540 PRAEEUNTE]
1202 1505 1276 1541 Quo
1308 1503 1347 1534 de
1372 1503 1426 1534 usu
1449 1504 1568 1536 Plinius

893 1544 1044 1580 XXVIII,
1062 1553 1090 1573 2.
1109 1542 1238 1573 Vidimus
1261 1543 1343 1572 certis
1361 1543 1568 1579 precationibus

892 1582 1032 1622 obsecraſje
1041 1583 1162 1622 summos
1183 1582 1359 1622 magistratus
1371 1595 1380 1610 :
1400 1582 1430 1611 θ’
1450 1593 1484 1612 ne
1503 1584 1569 1623 quid

891 1622 1033 1651 verborum
1065 1631 1248 1658 praetereatur·
1269 1646 1279 1659 ‚
1305 1631 1353 1650 aut
1378 1622 1568 1660 praepqslerum

893 1660 1002 1691 dicatur
1014 1662 1154 1700 descripto
1168 1661 1279 1698 praeire.
1294 1661 1344 1692 Sic
1357 1661 1395 1692 de
1412 1662 1569 1701 Claudio,

893 1703 1023 1732 Sueton.
1045 1700 1080 1731 in
1100 1701 1211 1731 Claud.
1228 1702 1328 1732 XXII.
1352 1700 1569 1741 Obseruauit-[⁴22⁴

893 1740 953 1771 dul&
966 1762 976 1771 .
989 1763 996 1772 .
1009 1762 1018 1771 .
1039 1749 1068 1769 ut
1092 1739 1153 1770 dira
1169 1740 1214 1769 avi
1237 1741 1265 1770 in
1288 1739 1359 1769 Urbe
1375 1764 1384 1777 ‚
1403 1749 1452 1770 aut
1475 1740 1567 1779 Capi-

892 1780 973 1818 tolio,
993 1780 1071 1820 visci,
1095 1779 1240 1819 obsecratio
1264 1779 1429 1816 haberetur,
1455 1791 1568 1821 eamque

890 1820 944 1859 1⁸pr
957 1822 1018 1859 jure
1033 1820 1147 1850 maximi
1163 1819 1328 1858 Pontificis‚
1347 1820 1505 1850 commonito
1514 1831 1566 1858 pro

890 1860 981 1899 rostris
998 1859 1093 1896 populo
1105 1883 1113 1896 ‚
1128 1859 1257 1896 praeiret,
1274 1859 1450 1898 fizbmottique
1470 1870 1564 1897 opera-

889 1899 990 1928 riorum
995 1899 1184 1938 servorumque
1199 1898 1289 1929 rurba.

931 1938 942 1958 8
970 1941 1109 1970 ΡιΛυτιο
1132 1941 1299 1976 ΑΞιιΑΝο]
1332 1938 1432 1969 Exstat
1464 1938 1566 1972 adhuc

889 1978 999 2009 Plautii
1025 1978 1138 2008 AEliani
1163 1977 1280 2016 infigne
1297 1987 1539 2008 monumentum
1552 2000 1563 2014 ‚

889 2019 975 2057 quod
995 2018 1068 2048 vide
1091 2018 1122 2047 in
1145 2017 1239 2048 Notis
1261 2018 1295 2049 ὃς
1320 2018 1564 2049 Emendationi-

888 2058 943 2087 bus
963 2058 1002 2088 ad
1016 2057 1089 2088 Hist.
1105 2058 1166 2092 IV,
1184 2067 1232 2096 53.

927 2103 940 2121 9
963 2099 1264 2128 Suovssmunltmus
1281 2096 1355 2134 ]De
1372 2096 1485 2136 quibus
1500 2097 1563 2136 jam

889 2135 1004 2167 dierum
1027 2136 1139 2166 Annal.
1163 2137 1224 2170 VI,
1241 2145 1290 2173 37.

928 2182 955 2195 ¹0
978 2177 1134 2206 Renum-is
1156 2185 1245 2206 mins
1260 2176 1274 2211 ]
1289 2174 1409 2204 Reddita
1423 2183 1487 2205 exta
1508 2175 1560 2205 di-

887 2223 1018 2251 cuntur,
1044 2216 1129 2254 quod
1146 2214 1278 2253 inspecta
1307 2217 1498 2254 probataque
1520 2215 1561 2244 ab

887 2254 1097 2293 haruspicibus
1118 2254 1291 2292 extispicis,
1305 2254 1482 2284 sacrificulis
1495 2254 1561 2284 red-

887 2295 1034 2326 derentur
1047 2316 1055 2329 ‚
1075 2304 1195 2333 araeque
1214 2294 1506 2332 superponerentur.

911 2339 934 2353 ¹¹
960 2335 1128 2368 ΙυΝοΝΕΜ,
1151 2334 1337 2365 ΜιΝιηῑνΑΜ
1366 2338 1377 2368 ]
1409 2334 1490 2363 Juno
1523 2341 1560 2362 ac

887 2373 1028 2403 Minerva
1049 2373 1141 2404 cellas
1155 2373 1311 2405 habebant
1331 2372 1494 2410 intemplo
1508 2372 1563 2401 Jo-

886 2413 933 2445 vis
951 2412 1138 2453 Capitolini.

1600 283 1630 307 A.
1643 285 1671 307 U.
1683 285 1713 308 C.

1622 333 1694 368 823.

1626 384 1648 407 J.
1660 384 1690 407 c.

1633 440 1684 468 70.
