2209 3047
591 225 681 271 586
770 218 989 258 NOTAE
1035 215 1121 256 ET
1164 214 1765 258 EMENDATIONES

588 306 685 339 captae
708 295 840 336 lintres,
857 295 985 340 sagulis
1013 292 1270 340 versicoloribus,
1301 292 1386 327 haud
1419 293 1557 327 indecore
1581 306 1637 339 pro
1663 294 1734 328 telis
1755 294 1973 340 juvabantur.

587 343 631 377 In
655 342 725 379 Ms.
749 342 845 378 Flor.
869 355 937 391 pro
954 343 1027 390 fere
1047 342 1267 391 scriptumst
1287 342 1335 377 &.
1358 341 1401 378 In
1427 342 1502 378 Mss‘.
1524 342 1640 379 vatic.
1670 355 1737 391 195
1748 344 1782 379 8.
1806 343 1910 382 Harl.
1929 347 1972 381 ad

588 395 721 427 tricenos
749 392 1023 441 quadragenosque
1052 407 1103 428 ceu
1136 403 1333 427 armamenta
1370 393 1542 428 liburnicas
1559 393 1624 438 soli
1645 394 1729 428 haud
1751 394 1891 429 indecore
1910 408 1971 441 pro

587 443 667 476 velis
685 443 899 488 juvabantur.
925 442 981 478 Ita
1003 454 1148 492 quoque
1171 440 1248 478 Mss.
1271 440 1378 478 Bodl.
1404 441 1468 478 Jes.
1491 445 1523 478 δι’
1548 441 1790 486 Puteolanus;
1818 443 1878 480 sed
1902 457 1971 492 pro

578 492 783 538 juvabantur
800 492 935 528 habent
950 494 1119 538 juvabant.
1139 490 1183 526 In
1201 490 1266 526 ΜΓ.
1284 491 1386 527 Harl.
1404 491 1560 528 fecunda
1576 505 1682 528 manu
1699 505 1766 542 pro
1774 495 1839 541 soli
1856 506 1974 530 emen-

587 540 709 576 datum
723 542 851 588 solita,·
883 545 917 578 &
940 542 977 577 in
1003 542 1160 591 margine
1187 540 1372 585 additum,
1402 543 1438 577 ἓν
1462 542 1564 589 simul
1593 556 1695 589 capta:
1717 545 1827 578 lintres
1844 546 1972 592 sagulis

587 590 838 637 rerstcoloribus.
865 591 931 628 Ms.
960 592 1046 640 Agr.
1078 595 1209 626 tricenos
1233 592 1504 641 quadragenosque
1529 593 1618 639 ferre
1643 605 1781 628 armatos
1806 594 1969 629 liburnicae

578 641 698 686 fhlitae.
719 642 793 685 At,
819 652 858 677 ut
883 643 952 689 jam
976 641 1069 690 saepe
1092 640 1241 684 monui,
1258 641 1375 678 codex
1398 641 1459 678 ille
1484 641 1551 677 viri
1576 641 1706 678 eruditi
1724 643 1970 689 conjefflones

586 689 708 737 potins
723 719 733 734 ,
761 693 865 740 quam
880 698 1036 727 veterem
1059 691 1269 739 scripturam
1291 691 1406 728 refert.
1429 692 1483 727 Ita
1504 703 1623 728 tamen
1649 692 1792 729 edidere
1811 692 1971 741 Ryckius

587 742 621 774 ὃς
639 740 694 776 Cl.
712 740 932 777 Lallemand.
949 740 1093 778 Pessime
1112 741 1326 777 emendabat
1341 742 1518 777 Faernus:
1549 744 1673 789 adjcc‘la
1691 747 1798 790 ingens
1822 744 1969 778 lintrium

584 792 635 823 vis
647 815 656 831 ,
684 791 862 826 vehentium
880 790 922 825 ad
938 793 1070 826 tricenos
1084 817 1094 834 ,
1121 791 1392 839 quadragenosque
1411 805 1462 826 ceu
1479 804 1677 827 armamenta
1695 793 1857 828 liburnicis
1872 820 1883 836 ,
1903 794 1970 839 soli

584 839 670 873 haud
692 840 831 875 indecor&
855 854 913 886 pro
936 842 1015 875 velis
1031 843 1206 888 juvabant.
1223 840 1405 877 Hactenus
1423 840 1518 888 nihil
1534 840 1697 890 Lipsxana
1712 841 1968 878 emendatione

583 888 707 924 melius
732 900 919 937 repertum.
943 889 1129 934 Tantirm,
1159 903 1204 927 ne
1232 890 1319 941 quid
1345 891 1474 927 veteris
1504 890 1685 941 scriptume
1706 901 1853 941 pereat,
1876 891 1968 927 mal-

581 936 674 980 lem,
706 942 830 974 tricenis
853 939 1122 987 quadragenisque
1136 941 1209 987 fere
1234 953 1432 977 armamenta
1461 944 1528 977 &c-

634 987 825 1024 ELECTUM
852 993 869 1034 ]
894 988 991 1025 Bene
1018 989 1094 1026 Mff.
1116 990 1218 1026 Harl.
1245 990 1353 1027 Bodl.
1381 990 1449 1027 Jes.
1476 990 1596 1027 Guelf.
1626 989 1804 1027 editiones
1831 1000 1970 1038 veteres

581 1039 615 1072 ὃς
635 1038 862 1075 recentiores.
886 1038 930 1074 In
954 1039 1022 1075 Ms.
1049 1038 1148 1077 Flor.
1175 1041 1318 1086 ejeelum.
1337 1041 1404 1077 ΜΓ.
1425 1040 1517 1077 Bud.
1539 1053 1659 1087 ceptum
1675 1054 1689 1083 ,·
1712 1040 1808 1077 unde
1826 1039 1969 1078 Rhena-

578 1098 645 1121 nus
667 1087 802 1131 edidit,
829 1100 966 1132 captum.

628 1137 720 1182 QUO
749 1141 765 1183 ]
796 1137 895 1174 Male
919 1137 984 1174 Ms.
1007 1138 1099 1175 Bud.
1123 1151 1169 1175 ut.
1194 1138 1295 1176 Male
1316 1139 1400 1176 inde
1425 1138 1617 1175 Rhenanus
1632 1167 1642 1182 ,
1670 1140 1734 1174 ubi.

624 1185 745 1222 MosAE
775 1199 953 1224 FLUMINIS
983 1200 1025 1223 os
1056 1201 1194 1225 AMNEM
1220 1190 1394 1226 RHENUM
1421 1193 1437 1235 ]
1475 1189 1530 1224 Ita
1565 1189 1641 1225 Mss.
1687 1188 1804 1225 Vatic.
1851 1190 1965 1236 1863.

576 1233 674 1270 Flor.
700 1237 789 1286 Reg.
820 1237 934 1274 editio
963 1238 1154 1288 princePS,
1186 1238 1259 1276 Jae.
1299 1238 1510 1276 Gronovius
1544 1242 1578 1275 &
1613 1239 1857 1275 Recentiores.
1885 1239 1964 1275 Mff.

576 1282 679 1320 Harl.
700 1285 807 1323 Bodl.
834 1291 868 1324 ὃς
888 1287 1130 1332 Puteolanus,
1153 1291 1252 1336 Mosae
1267 1291 1421 1338 fluminis
1448 1302 1572 1324 amnem
1594 1289 1733 1325 Rhenus.
1756 1289 1816 1325 Sic
1839 1291 1874 1325 ὃς
1896 1288 1964 1324 Ms.

574 1332 639 1370 Jes.
666 1334 734 1372 Sed
755 1349 822 1385 pro
847 1338 975 1373 Rhenus
1000 1338 1109 1375 habet
1132 1339 1253 1375 Rheno.

624 1385 838 1422 ADFUNDIT
865 1390 883 1432 ]
907 1387 974 1423 Ms.
1003 1389 1092 1437 Reg.
1117 1391 1151 1424 &
1175 1388 1290 1424 editio
1321 1388 1509 1436 princep3‚
1538 1388 1683 1434 effundit.

626 1435 919 1472 MAGNJTUDINE
949 1449 1149 1473 POTIOREM
1175 1441 1192 1483 ]
1223 1437 1267 1473 In
1292 1437 1372 1473 haec
1399 1438 1511 1474 verba
1537 1437 1700 1474 desinunt
1732 1436 1810 1472 Mss.
1841 1434 1962 1472 Vatic.

578 1484 690 1529 1863.
717 1485 805 1534 Reg.
832 1489 864 1521 ὃ(
890 1485 1005 1522 editio
1031 1486 1210 1534 princeps.

627 1532 698 1568 His
724 1547 881 1570 FLUMEN
910 1547 1121 1571 SECUNDUM
1147 1540 1165 1582 ]
1190 1537 1289 1572 Bene
1314 1535 1380 1570 Ms.
1406 1534 1503 1570 Flor.
1530 1533 1689 1570 Pichena
1711 1537 1745 1569 δε
1769 1533 1965 1570 Recentio-

572 1594 636 1618 τες.
660 1582 737 1619 Mss.
766 1585 882 1621 Vatic.
909 1587 1020 1632 1958.
1045 1584 1148 1620 Harl.
1173 1584 1283 1621 Bodl.
1306 1583 1373 1621 Jes.
1397 1587 1430 1620 &
1450 1582 1693 1626 Puteolanus,
1714 1586 1744 1618 Is
1759 1584 1898 1631 flumine
1912 1584 1962 1630 Je-

574 1632 684 1668 cundo.
711 1633 996 1683 Suprascriptum
1022 1633 1061 1669 in
1082 1634 1148 1670 Ms.
1177 1634 1296 1671 Vatic.
1327 1636 1438 1682 1958.
1464 1634 1591 1681 flumen
1615 1634 1799 1681 secundum.

622 1681 682 1717 Sic
713 1695 918 1721 PRAEVECTI
947 1687 966 1730 ]
999 1683 1098 1722 Bene
1136 1683 1329 1722 Rhenanus
1360 1687 1394 1720 ὃς
1424 1682 1665 1720 RecentioreS.
1704 1681 1922 1719 Puteolanus
1950 1708 1962 1727 ,

568 1734 722 1776 proveni.

626 1780 827 1819 TELORUM
854 1794 977 1820 JACTU
1006 1787 1023 1830 ]
1052 1783 1120 1820 Ms.
1144 1784 1244 1820 Flor‚
1272 1786 1392 1820 levium
1413 1784 1549 1819 telorum
1569 1783 1674 1830 jaHu.

624 1829 742 1867 NOTA
774 1845 878 1869 ARTE
910 1836 1086 1879 DUCUM]
1119 1833 1395 1878 Cerialis,n0ta
1420 1843 1493 1869 arte
1520 1832 1676 1876 ducum,
1708 1843 1813 1881 agros
1835 1829 1960 1867 villas-2

570 1891 638 1927 que
662 1880 790 1916 Civilis
814 1882 965 1919 inta8ms
989 1882 1158 1932 reliquit,
1186 1894 1225 1920 ut
1249 1884 1282 1920 ei
1307 1884 1363 1920 vel
1390 1882 1611 1931 proditionis
1634 1881 1693 1918 vel
1718 1881 1866 1917 invidiae
1892 1892 1963 1928 pe-

569 1929 721 1966 ricnlum
744 1931 922 1969 facesseret
960 1933 1076 1980 Quod
1102 1934 1274 1983 exemplis
1302 1933 1446 1983 egregie
1470 1931 1658 1968 illustravit
1683 1931 1849 1968 Pichena.
1872 1929 1932 1966 Sic
1948 1956 1960 1973 ,

567 1979 664 2026 apud
689 1980 859 2026 Graecos,
885 1995 904 2017 a
919 1982 1201 2020 Lacedaemoniis
1222 1983 1375 2032 petitum
1397 1982 1592 2026 Periclem,
1607 1980 1874 2018 Atheniensium
1896 1979 1962 2016 du·-

568 2039 646 2063 cem
663 2056 671 2071 ,
699 2030 842 2068 testatur
866 2031 1019 2069 Justinus
1043 2032 1100 2068 III
1115 2059 1124 2075 ‚
1155 2046 1192 2081 7.
1214 2036 1320 2082 Hujus
1340 2047 1433 2082 agros
1447 2058 1457 2075 ,
1484 2035 1516 2067 in
1537 2033 1743 2079 populatione
1765 2043 1960 2071 ceterorum,

567 2079 726 2123 incautos,
756 2081 852 2129 hostes
880 2084 1094 2132 reliquerant,
1113 2084 1276 2131 sperantes
1301 2084 1513 2132 acquirerese
1536 2083 1586 2117 illi
1603 2083 1708 2131 poffi3‚
1742 2092 1799 2116 aut
1831 2083 1961 2126 pericu-

567 2126 636 2161 lum
661 2141 701 2163 ex
727 2132 877 2176 invidid,
904 2145 960 2168 aut
989 2147 1028 2169 ex
1043 2134 1218 2181 suspicione
1235 2134 1427 2180 proditionis
1455 2133 1636 2181 infamiam.
1662 2131 1754 2176 Quod
1773 2131 1846 2166 ante
1865 2130 1960 2176 pros-

561 2178 683 2221 piciens
700 2180 836 2216 Pericles
851 2209 859 2224 ,
895 2183 930 2218 &⁴
956 2183 1109 2230 futurum
1129 2185 1246 2231 populo
1265 2183 1486 2230 praedixerat3
1517 2183 1553 2218 ξπ·
1578 2181 1620 2216 ad
1642 2181 1773 2216 invidiae
1807 2183 1959 2226 impetum

566 2226 787 2264 declinandum
803 2258 812 2273 ‚
841 2245 931 2280 agros
960 2234 1039 2280 ipsos
1065 2233 1144 2268 dono
1172 2235 1350 2281 reipublicae
1377 2233 1516 2269 dederat.
1532 2231 1611 2276 Sic,
1632 2231 1728 2280 apud
1746 2229 1957 2272 Romanos,

565 2275 650 2313 teste
674 2276 782 2315 Livio
805 2279 840 2316 II
856 2308 866 2324 ,
899 2292 956 2327 39.
986 2283 1206 2319 Coriolanus
1225 2285 1400 2330 populatur
1423 2283 1494 2319 inde
1519 2295 1633 2331 agrurn
1659 2283 1838 2316 Romanurn
1855 2295 1868 2314 .·
1892 2282 1958 2325 cufi·

564 2326 689 2361 todibus
711 2331 794 2364 inter
819 2333 1018 2377 populatores
1044 2333 1160 2379 miffi's,
1191 2336 1243 2382 qui
1263 2335 1474 2380 patriciorum
1496 2345 1587 2380 agros
1611 2332 1746 2368 intaffos
1758 2331 1954 2377 servarent:

555 2374 628 2429 st3'2
650 2377 786 2425 infensus
802 2381 886 2426 Plebi
909 2385 1029 2426 magis,
1049 2382 1121 2429 five
1145 2395 1178 2418 ut
1200 2383 1356 2430 discordia
1375 2386 1458 2418 inter
1480 2386 1591 2418 Patres
1608 2382 1788 2428 plebemque
1806 2382 1956 2414 oriretur.

565 2422 623 2461 Sic
645 2439 791 2478 quoque
812 2429 974 2468 Annibal
996 2431 1164 2470 adver-siis
1186 2432 1339 2470 Fabium
1355 2432 1551 2469 Maximum
1575 2430 1740 2481 grassatus
1762 2427 1821 2467 est.
1839 2426 1955 2465 Unde
