2230 3047
142 507 146 511 ·
159 503 186 544 5
215 493 428 534 virtutibus
451 491 823 548 proficiscerentur;
848 489 1041 531 memoria
1060 492 1148 531 vitae
1166 491 1307 547 prioris

342 157 812 202 HISTORIARUM
852 155 1049 197 LIBER
1087 154 1439 200 SECUNDUS.
1520 173 1597 209 14¹

214 239 453 281 libertorum
467 242 769 293 amicorumque
785 234 967 279 socordia
976 266 989 287 ,
1009 235 1122 277 velut
1137 239 1239 278 inter
1252 238 1498 281 temulentos
1513 254 1600 295 age-

214 303 293 345 bat.
309 305 389 345 Sed
403 306 568 345 comitia
582 302 793 345 consulum
811 307 820 324 ¹
839 316 930 342 cum
946 300 1166 341 candidatis
1181 302 1354 343 civiliter
1368 302 1572 346 celebrans
1585 332 1600 354 ,

216 382 379 408 omnem
394 368 536 407 infimae
551 366 677 423 plebis
693 380 894 405 rumorem
910 394 923 415 ‚
943 365 984 404 in
1000 365 1157 404 theatro
1174 378 1218 404 ut
1234 364 1448 420 spectator,
1470 369 1509 407 in
1528 369 1601 407 cir-

218 445 268 471 co
290 444 334 471 ut
354 431 512 481 fautor,
537 429 760 470 adfeecavit.
781 429 908 482 Quas,
934 441 1044 482 grata
1076 427 1168 468 sane
1203 431 1243 467 &
1267 429 1500 483 popularia,
1528 431 1555 469 fi
1580 446 1602 470 a

1339 495 1351 511 ²
1370 521 1382 541 ‚
1411 494 1601 535 indecora

214 560 256 597 ὃ(
273 556 369 597 vilia
390 555 702 612 accipiebantur.
721 554 957 595 Ventitabat
973 555 1014 593 in
1031 554 1209 595 senatum
1225 583 1237 603 ,
1263 555 1384 594 etiam
1405 558 1494 595 cnm
1513 573 1603 612 par—

213 621 273 661 vis
290 620 338 660 de
354 618 470 660 rebus
485 632 612 674 patres
629 616 946 658 consulerentur.
964 618 1026 658 Ac
1042 617 1146 658 forte
1162 616 1315 657 Priscus
1333 616 1547 660 Helvidius
1564 626 1601 670 ὃ,

213 696 357 739 praetor
383 682 606 737 designatus
620 711 633 731 ‚
661 693 802 721 contra
822 680 992 720 studium
1013 679 1096 732 ejus
1118 680 1337 721 censuerat.
1358 680 1600 724 Commotus

213 747 344 801 primo
360 744 551 785 Vitellius
565 774 578 794 ‚
604 759 687 784 non
703 757 837 784 tamen
850 742 979 793 ultra,
1007 743 1125 797 quam
1149 761 1171 780 ‹<
1193 743 1374 784 tribunos
1401 743 1528 800 plebis
1558 747 1600 786 in

133 819 149 843 1
159 818 184 844 0
211 825 234 847 a)
246 807 439 849 auxilium
453 807 588 864 spretae
604 808 806 864 potestatis
820 824 840 844 »
858 807 1083 847 advocavit.
1095 807 1201 848 Mox
1215 807 1490 862 mitigantibus
1504 810 1601 849 ami-

129 1134 180 1174 15

123 1453 177 1479 20

214 873 271 913 cis
285 900 299 922 ,
325 873 393 925 qui
412 870 596 912 altiorem
612 868 696 923 ejus
712 870 959 911 iracundiam
972 869 1212 911 verebantur
1226 901 1239 921 ,
1263 887 1285 906 α
1305 869 1408 910 nihil
1424 873 1522 912 novi
1540 887 1601 913 ac-

212 935 382 976 »cidiffe
401 952 422 971 n
447 934 652 990 respondit
664 963 676 983 ,
701 951 723 970 «
741 933 849 988 quod
864 933 946 974 duo
963 932 1163 975 senatores
1184 935 1224 973 in
1239 932 1446 989 republica
1463 935 1601 975 diffen-

211 1014 234 1036 »
245 1000 388 1039 tirent:
418 997 579 1038 solitum
598 998 637 1037 se
653 998 773 1037 etiam
789 996 971 1037 Thraseae
988 997 1264 1038 contradicere
1279 1014 1299 1033 >2
1312 1028 1320 1037 .
1337 996 1504 1038 Inrisere
1521 997 1602 1054 ple-

211 1062 323 1115 rique
338 1061 630 1117 impudentiam
645 1058 907 1100 aemulationis
922 1077 928 1099 :
954 1058 1040 1100 aliis
1056 1060 1096 1100 id
1112 1060 1239 1116 ipsum
1253 1059 1437 1116 placebat
1449 1090 1462 1110 ‚
1490 1061 1599 1115 quod

212 1126 417 1165 neminem
432 1139 482 1165 ex
497 1122 808 1180 praepotentibus
821 1154 835 1176 ,
862 1122 931 1164 sed
945 1123 1162 1164 Thraseam
1179 1129 1195 1152 4
1212 1124 1260 1164 ad
1277 1123 1482 1180 exemplar
1498 1139 1598 1165 vera:

211 1187 348 1244 gloriae
375 1187 543 1243 legisset.

274 1251 428 1292 XCII.
461 1251 700 1292 PRAEPOSU
714 1264 834 1291 ERAT
861 1251 1104 1307 praetorianis
1133 1251 1176 1292 P.
1205 1248 1395 1291 Sabinum
1410 1280 1423 1301 ,
1455 1266 1476 1292 a
1509 1266 1598 1307 prce-

209 1313 358 1356 fectura
385 1315 564 1356 cohortis
583 1318 595 1346 5
614 1344 627 1365 ,
651 1314 804 1360 Julium
830 1315 1034 1365 Priscum,
1059 1327 1145 1354 tum
1175 1316 1475 1355 centurionem:
1501 1315 1598 1355 Pris-

211 1392 306 1428 cus,
334 1375 546 1425 Valenti83
572 1377 767 1428 Sabinus,
793 1377 959 1418 Caecinae
986 1376 1112 1433 gratia
1134 1376 1357 1433 pollebant.
1386 1377 1496 1417 Inter
1524 1377 1598 1418 dis-

210 1441 350 1482 cordes
363 1470 377 1492 ,
402 1440 573 1483 Vitellio
600 1440 703 1481 nihil
725 1442 988 1482 au'Ctoritatis:
1014 1443 1150 1482 munia
1176 1441 1332 1496 imperii
1361 1440 1522 1481 Caecina
1550 1456 1598 1481 ac

208 1502 360 1547 Valens
377 1502 571 1552 obibant3
597 1503 695 1545 olim
712 1505 820 1546 anxii
847 1504 975 1555 odiis,
1001 1519 1084 1558 quae
1098 1533 1111 1554 ,
1136 1503 1246 1545 bello
1267 1508 1307 1544 ὅ(
1333 1505 1463 1544 castris
1492 1502 1597 1544 male

207 1627 279 1656 alter
294 1626 324 1656 in
343 1627 442 1667 vulgus
463 1626 584 1667 ignotus.
609 1627 644 1655 In
669 1626 793 1657 Tabula
819 1628 884 1656 An-
924 1626 971 1656 De
990 1624 1036 1656 his
1054 1625 1192 1657 comitiis
1213 1627 1343 1656 Sueton.
1367 1626 1400 1655 in
1412 1626 1519 1657 Vitell.
1533 1628 1600 1664 ΧΙ,,Ἴ

208 1666 341 1703 narina,
375 1668 415 1697 ab
448 1666 572 1697 erudito
601 1665 718 1705 Vulpio
745 1665 829 1696 edita
849 1666 884 1696 ὅ(
925 1665 1065 1696 Comitia
1090 1665 1123 1695 in
1143 1666 1252 1695 decem
1277 1675 1365 1693 annos
1384 1665 1524 1695 ordinavit
1540 1667 1600 1704 ‚se-

208 1705 378 1743 illustratfi,
408 1707 465 1738 XV
499 1708 527 1736 K
558 1704 644 1736 AVG
677 1705 765 1735 DIES
798 1705 882 1734 ALL
923 1715 972 1743 que
984 1714 1139 1741 perpetuum
1157 1704 1296 1743 confidem.
1322 1706 1449 1742 Quanto
1471 1705 1597 1736 civili'us

208 1745 306 1776 ATR.
327 1745 363 1775 Id
382 1745 422 1776 est
459 1745 638 1774 uintodecimo
661 1743 804 1773 Kalendas
825 1744 884 1772 Au-
924 1744 1056 1775 comitia
1078 1743 1240 1775 consulum
1262 1744 1468 1774 celebraverit
1488 1745 1597 1783 Traja-

205 1783 299 1825 gusti,
317 1783 376 1813 dies
406 1783 444 1813 Al
456 1784 536 1824 iensts
568 1794 641 1814 atra.
668 1784 748 1814 Allia
780 1791 883 1814 autem
923 1794 979 1813 nus
993 1783 1058 1814 fuse
1075 1782 1211 1822 explicat
1230 1783 1347 1813 Plinius
1367 1784 1400 1814 in
1417 1784 1598 1824 Panegyric-

208 1834 264 1863 per
284 1823 472 1854 Sabinorum
486 1835 574 1864 agros
591 1823 670 1855 fluit.
685 1823 813 1854 Plurimi
828 1833 883 1853 vo-
925 1824 1027 1853 LXIII
1044 1824 1077 1854 ὃς
1093 1822 1178 1862 seqq.

208 1863 279 1894 lunt
303 1863 361 1894 effe
385 1863 437 1892 flio
463 1863 491 1892 di
512 1862 605 1903 Moffo.
620 1865 661 1894 At
676 1863 727 1894 Cl.
743 1862 860 1894 Venuti
874 1886 882 1899 7
965 1866 975 1879 ²
1003 1865 1092 1894 Vmor
1117 1863 1277 1898 emonis]
1301 1864 1403 1899 Quam
1434 1862 1515 1893 inter
1537 1862 1597 1892 his-

208 1902 244 1933 in
265 1902 388 1933 erudita
409 1902 640 1938 dissertatione,
667 1913 735 1942 quae
759 1901 882 1940 praefixa
924 1902 1041 1932 triones
1059 1901 1238 1941 aurigasque
1255 1902 1401 1937 duxerat,
1415 1910 1449 1932 ut
1469 1901 1548 1932 Caio
1561 1912 1597 1932 ac

207 1942 250 1973 est
267 1941 439 1982 magnificae
467 1942 602 1974 editioni
627 1941 770 1982 Virgilii,
789 1951 882 1980 quam
924 1941 1047 1972 Neroni
1074 1941 1219 1979 placeret.
1249 1940 1329 1971 Vide
1358 1941 1545 1972 Suetonium
1562 1942 1596 1972 in

207 1983 240 2012 P.
258 1981 416 2012 Antonius
433 1982 586 2022 Ambrogi
608 1983 638 2011 S.
658 1983 684 2012 J.
700 1991 797 2020 nuper
828 1991 882 2019 pu-
922 1981 1029 2012 Vitell.
1046 1982 1087 2012 IV
1111 1981 1144 2011 δε
1161 1981 1230 2010 XII.

207 2019 358 2058 blicavit,
382 2021 533 2053 existimat
557 2020 673 2052 Alliam
690 2021 747 2052 effe
764 2019 883 2049 Torren—
962 2026 970 2046 ³
996 2021 1179 2052 Huvmms
1203 2021 1354 2057 Pmscus]
1372 2019 1427 2050 Vir
1439 2020 1573 2051 summus
1585 2045 1594 2059 ,

208 2069 236 2090 te
256 2058 284 2089 di
309 2059 421 2090 Carino.
922 2060 996 2098 saepe
1029 2060 1168 2089 laudatus
1198 2059 1284 2089 libris
1317 2060 1485 2090 Annalium
1512 2062 1569 2090 ΧΠ
1586 2084 1596 2097 ,

250 2104 258 2118 ¹
284 2100 429 2130 Comma
447 2101 636 2137 consonum]
655 2099 797 2130 Comitia
808 2109 882 2130 con·
922 2098 1595 2136 XIII&XVI·‚acsaepeinframcnmrandus.

207 2137 317 2168 sularia
330 2162 339 2175 ‚
365 2138 477 2178 quibus
505 2139 689 2169 creabantur
718 2139 860 2169 consules
873 2161 881 2174 ‚
959 2143 974 2161 4
993 2139 1176 2168 TnnAsmM
1194 2140 1207 2176 ]
1222 2138 1387 2169 Thraseam
1398 2140 1529 2175 Paemm,
1543 2150 1595 2168 cu<

207 2178 271 2216 jam
298 2177 433 2208 vidimus
453 2178 539 2216 supra
562 2178 674 2208 Annal.
695 2179 724 2215 1,
751 2181 800 2209 81.
825 2178 882 2209 Vi-
921 2178 967 2214 jus
989 2178 1093 2208 laudes
1116 2177 1189 2208 vide
1209 2177 1296 2216 supra
1314 2179 1427 2208 Annal.
1447 2180 1516 2209 XIV
1531 2202 1539 2215 ,
1557 2189 1592 2209 12

207 2216 313 2247 tellius
328 2225 431 2247 autem
451 2227 521 2247 cum
534 2216 704 2247 candidatis
716 2240 724 2253 ‚
738 2218 791 2256 qui
809 2228 883 2248 con·
921 2218 955 2248 ὃς
974 2218 1064 2253 XVI,
1087 2228 1121 2246 21
1144 2227 1178 2247 ac
1199 2216 1285 2257 seqq.

207 2256 881 2293 sulatumambiebant‚comitiacelebrans,
961 2262 969 2282 5
996 2259 1021 2286 A
1049 2267 1258 2287 PRAE1=fic¹rURA
1293 2268 1451 2288 concurris
1483 2259 1496 2293 ]
1527 2257 1592 2292 Qui

206 2295 389 2335 popularem
402 2295 543 2326 favorem
555 2319 563 2329 ‚
573 2295 605 2324 in
619 2295 739 2325 theatro
754 2304 787 2326 ut
798 2296 882 2334 spec-
920 2296 1080 2326 dumtaxat
1098 2295 1223 2326 cohorti
1247 2296 1396 2334 praetoriae
1419 2297 1591 2333 praefuerat.

206 2342 307 2371 tator,
329 2335 361 2365 in
378 2335 462 2365 circo
489 2342 523 2365 ut
543 2334 647 2364 fautor
660 2357 668 2369 ,
689 2334 880 2366 adfefiabat:
919 2335 977 2365 Hic
999 2337 1073 2365 vero
1085 2336 1117 2364 Ρ.
1132 2335 1262 2366 Sabinus
1279 2336 1416 2365 diversus
1436 2336 1475 2365 cst
1491 2346 1506 2365 a
1519 2335 1590 2363 Fla-

207 2374 295 2412 quod
312 2375 441 2414 egregiae
454 2374 556 2404 fuiffet
577 2374 756 2411 civilitatis,
770 2375 801 2404 ni
819 2386 882 2405 mc·
919 2375 973 2404 vio
995 2374 1110 2405 Sabino
1125 2396 1133 2411 ,
1156 2374 1331 2414 Vespasiani
1348 2374 1438 2405 fratrc
1450 2385 1459 2413 ⁴,
1472 2375 1509 2404 dc
1523 2383 1590 2412 quo

206 2412 307 2444 moriz}⁴
327 2414 440 2454 prloris
458 2414 529 2445 vitae
548 2413 734 2445 indecorum
756 2414 790 2446 ὅς
806 2415 879 2446 vile.
920 2414 994 2453 saepe
1012 2413 1109 2453 supra.

1623 257 1740 272 ΞΣ

1625 285 1735 310 A.U.Q

1647 334 1720 362 822.

1650 386 1672 409 J.
1692 386 1722 409 C.

1656 435 1709 468 69.
