2230 3047
154 830 206 860 10

152 1144 202 1184 15

144 1459 203 1487 20

143 1774 198 1818 25

399 159 879 205 HISTORIARUM
924 160 1125 201 LIBER
1171 163 1434 207 PRIMUS.
1566 179 1618 218 55

237 245 362 295 citer,
382 258 427 286 ut
446 245 563 286 Luco
587 250 596 267 ¹
617 247 628 295 (
652 243 917 299 municipium
938 241 979 282 id
998 242 1297 284 Vocontiorum
1319 247 1399 296 est)
1427 246 1536 288 faces
1555 246 1624 287 ad-

237 310 410 351 moverit
424 338 436 359 ‚
461 309 593 349 donec
615 306 784 364 pecunia
806 307 1076 362 mitigaretur:
1098 307 1282 358 quotiens
1305 311 1483 363 pecunia:
1503 325 1624 352 mate-

236 374 293 413 ria
315 371 460 413 deesset
474 402 487 423 ,
516 372 653 427 stupris
676 375 716 412 ὃ(
736 369 938 411 adulteriis
961 368 1210 410 exorabatur.
1233 371 1300 411 Sic
1323 373 1370 412 ad
1390 372 1514 430 Alpes
1535 390 1622 431 per-

238 449 419 476 ventum.

299 497 495 540 LXVII.
530 497 658 537 Pius
684 497 818 553 prazdae
844 512 890 538 ac
911 497 1112 552 sanguinis
1136 497 1296 538 Caecina
1315 499 1453 541 hausit.
1478 502 1624 544 Inrita-

237 575 378 604 verant
395 560 599 602 turbidum
616 562 826 616 ingenium
845 559 1028 602 Helvetii
1045 563 1059 580 ²
1075 589 1088 611 ,
1111 559 1273 602 Gallica
1293 575 1391 616 gens
1406 592 1418 613 ,
1443 563 1539 604 olim
1562 581 1622 607 ar-

236 626 311 667 mis
342 625 540 679 virisque,
565 638 663 666 mox
695 623 888 667 memoria
909 624 1084 666 nominis
1110 623 1241 675 clara,
1267 624 1315 666 de
1349 626 1455 667 caede
1484 628 1620 670 Galbae

236 689 389 743 ignari,
411 692 451 729 ὅ(
468 686 626 730 Vitellii
642 689 855 744 imperium
874 687 1104 728 abnuentes.
1124 688 1292 728 Initium
1313 687 1422 730 bello
1442 690 1518 731 fuit
1538 708 1622 733 ava-

235 753 325 792 ritia
345 767 391 793 ac
407 751 605 793 festinatio
629 752 944 793 unaetvicessmae
965 749 1157 806 legionis:
1177 766 1390 808 rapuerant
1409 756 1621 809 pecuniam

234 815 386 855 missam
405 815 447 855 in
463 815 701 871 stipendium
724 814 872 856 castelli
887 844 900 865 ‚
920 814 1028 869 quod
1042 813 1141 855 olim
1171 814 1355 856 Helvetii
1383 817 1460 858 suis
1481 817 1622 858 militi-

236 877 309 920 bus
330 894 375 920 ac
398 878 599 935 stipendiis
619 877 832 920 tuebantur
846 895 853 918 ;
867 893 968 934 aegre
982 878 1023 919 id
1048 878 1139 934 passi
1161 877 1365 930 Helvetii,
1385 881 1620 938 interceptis

236 941 410 998 epistolis
424 971 437 992 ‚
458 957 540 996 quae
562 943 726 983 nomine
749 943 983 984 Germanici
1007 943 1204 983 exercitus
1225 943 1273 984 ad
1295 945 1546 986 Pannonicas
1568 944 1621 986 le-

234 1006 376 1060 giones
391 1004 619 1047 ferebantur
634 1035 645 1053 ‚
668 1007 946 1047 centurionem
967 1009 1007 1046 ὃ(
1026 1005 1217 1060 quosdam
1239 1006 1411 1048 militum
1436 1009 1477 1049 in
1497 1010 1622 1050 custo-

234 1066 300 1109 dia
319 1068 557 1110 retinebant.
574 1069 735 1110 Caecina
747 1100 760 1120 ,
780 1068 878 1110 belli
898 1069 1035 1110 avidus
1048 1099 1061 1120 ,
1083 1071 1306 1125 proximam
1321 1086 1518 1126 quamque
1535 1071 1621 1113 cul-

233 1146 352 1188 pam,
380 1145 593 1187 antequam
609 1129 843 1189 'paeniteret,
871 1131 1001 1174 ultum
1023 1132 1118 1173 ibat.
1138 1134 1257 1174 Mota
1278 1136 1445 1190 propere
1467 1137 1588 1178 castra
1611 1154 1619 1177 :

233 1196 371 1237 vastati
388 1197 486 1250 agri:
507 1196 704 1252 direptus,
725 1195 846 1252 longa
864 1211 961 1252 pace
977 1198 1018 1236 in
1034 1196 1201 1238 modum
1217 1199 1427 1254 municipii
1443 1201 1619 1242 exstruc-

232 1271 295 1300 tus
311 1288 324 1309 ,
352 1258 468 1300 locus
482 1289 495 1310 ,
522 1275 684 1301 amoeno
707 1259 923 1301 salubrium
942 1275 1132 1314 aquarum
1156 1266 1165 1289 ³
1191 1261 1263 1301 usu
1288 1261 1493 1316 frequens:
1522 1264 1620 1304 missi

231 1322 282 1363 ad
303 1323 456 1364 Raetica
471 1322 618 1364 auxilia
641 1325 772 1364 nuntii
785 1354 798 1374 ,
825 1337 870 1364 ut
886 1324 1018 1365 versos
1035 1325 1077 1364 in
1098 1322 1303 1379 legionem
1322 1330 1340 1354 4
1362 1325 1576 1368 Helvetios
1598 1343 1619 1369 a

232 1397 348 1440 tergo
369 1385 691 1441 adgrederentur.

294 1449 520 1492 LXVIII.
555 1450 655 1491 ILL1
671 1481 684 1501 ‚
712 1463 803 1491 ante
827 1450 1041 1492 discrimen
1066 1452 1222 1494 feroces
1239 1482 1250 1502 ‚
1279 1452 1320 1491 in
1342 1451 1525 1508 periculo
1547 1469 1618 1509 pa-

231 1512 317 1554 vidi
330 1543 345 1564 ‚
369 1527 609 1568 quamquam
626 1516 756 1571 primo
774 1513 951 1555 tumultu
966 1514 1182 1557 Claudium
1198 1517 1391 1557 Severum
1407 1516 1550 1557 ducem
1567 1517 1619 1559 le-

230 1589 397 1631 gerant,
424 1592 507 1619 non
532 1593 638 1619 arma
659 1578 850 1629 noscere,
879 1593 963 1619 non
984 1580 1143 1620 ordines
1163 1579 1298 1634 sequi,
1325 1595 1406 1621 non
1428 1581 1468 1620 in
1494 1596 1619 1622 unum

230 1639 466 1682 consulere:
489 1642 702 1683 exitiosum
726 1641 910 1683 adversus
929 1656 1139 1684 veteranos
1161 1641 1350 1699 proelium
1364 1673 1377 1694 ,
1398 1644 1528 1684 intuta
1551 1645 1618 1686 ob-

230 1702 354 1754 sidio,
378 1702 533 1761 dilapsis
566 1706 758 1746 vetustate
792 1705 1016 1746 moenibus:
1044 1708 1141 1748 hinc
1163 1706 1324 1748 Caecina
1357 1722 1450 1748 cum
1480 1707 1617 1750 valido

230 1769 436 1818 exercitu,
458 1769 552 1810 inde
572 1770 732 1810 Raeticae
754 1768 822 1809 alae
842 1770 1108 1824 cohortesque
1121 1800 1133 1820 ‚
1154 1774 1192 1811 ὅ(
1216 1769 1393 1826 ipsorum
1410 1771 1616 1812 Raetorum

228 1828 417 1883 juventus
430 1861 444 1883 ‚
465 1832 575 1873 sueta
595 1834 711 1874 armis
725 1862 738 1884 ,
764 1837 804 1874 ὅ(
824 1848 935 1874 more
954 1832 1105 1873 militioe
1123 1835 1322 1874 exercita:
1348 1834 1522 1888 undique
1544 1851 1616 1892 po-

271 1951 279 1965 ¹
305 1946 422 1982 Luco]
453 1946 532 1978 Plin.
552 1949 614 1984 111,
643 1956 671 1986 5.
707 1947 900 1978 Vocontiorum
981 1953 990 1974 3
1014 1949 1202 1979 Summum
1227 1954 1407 1985 AQUARUM]
1433 1951 1521 1982 Unde
1542 1962 1615 1982 mu-

229 1984 506 2024 tIviratisfaeder-atae
518 1987 568 2017 duo
582 1987 674 2024 capita
686 2011 695 2025 ,
707 1987 900 2027 Vafi0,nunc
941 1987 1094 2027 nicipium
1111 1988 1190 2019 illud
1209 1988 1370 2019 dicebatur
1394 1992 1488 2029 Aquae
1502 2014 1511 2028 ,
1531 2002 1616 2023 nunc

231 2023 334 2063 Vazfim
355 2048 365 2061 ‚
387 2025 417 2056 Cr
442 2025 537 2056 Lucus
560 2027 675 2067 Augusti
690 2051 699 2065 ‚
725 2038 807 2059 nunc
829 2026 901 2056 Luc.
941 2027 1037 2056 Baden
1052 2051 1061 2065 ‚
1077 2027 1148 2057 datis
1159 2028 1184 2057 le
1204 2029 1289 2058 comte'
1303 2028 1334 2057 de
1349 2028 1445 2058 Baden
1458 2052 1467 2065 ‚
1484 2040 1516 2059 en
1533 2030 1613 2069 Suis-

229 2063 299 2095 Pars
311 2072 416 2096 tamen
431 2066 566 2097 maxima
579 2066 658 2098 Luci
674 2067 761 2106 aquis
776 2067 901 2107 tegitur.
933 2068 974 2106 se.
995 2069 1079 2098 Inter
1108 2067 1167 2098 alia
1196 2076 1301 2098 vetera
1330 2078 1555 2106 monumenta,
1581 2071 1614 2101 in

271 2107 282 2120 ²
306 2105 490 2143 Ηεινετη,
519 2107 663 2138 (ΞΑιιιεΑ
694 2112 795 2142 orus]
815 2106 899 2145 Qui,
942 2106 1148 2145 inscriptione
1179 2107 1222 2138 ibi
1253 2108 1395 2147 reperta,
1418 2110 1451 2140 &
1479 2111 1614 2140 Antoni-

229 2142 302 2174 teste
325 2144 409 2175 Julio
432 2145 565 2182 Caesare,
595 2147 673 2177 Bell.
704 2147 785 2177 Gall.
808 2148 839 2184 Ι,
868 2157 900 2181 1,
942 2158 984 2177 no
1012 2148 1176 2177 Caracalla:
1197 2147 1394 2186 nuncupata,
1421 2159 1614 2180 memoratur

229 2181 346 2221 reliquos
375 2183 473 2214 Gallos
491 2185 591 2215 virture
615 2185 775 2223 praecedunt
792 2209 801 2223 ‚
835 2185 902 2225 qudd
941 2187 1044 2216 RESP.
1068 2188 1166 2224 AQV.
1185 2186 1217 2216 id
1239 2187 1280 2217 est
1300 2187 1448 2226 reftiuhlicci
1468 2189 1563 2227 Aquen
1577 2189 1612 2220 ir.

222 2220 286 2259 fere
325 2223 492 2262 quotidianis
521 2225 626 2262 proeliis
659 2236 717 2254 cum
752 2225 902 2255 Germanis
942 2226 1021 2257 Vide
1053 2226 1250 2264 Plautinum,
1280 2226 1407 2256 Helvetia
1438 2228 1552 2266 antiqua
1580 2228 1612 2258 [r

229 2262 415 2300 contendunt,
428 2265 487 2293 clim
501 2265 619 2303 aut-sitis
629 2264 738 2303 finibus
748 2275 793 2294 eos
809 2265 902 2302 prolii-
940 2276 1011 2294 nova
1024 2286 1033 2299 ‚
1058 2276 1125 2305 pag.
1147 2268 1218 2304 283.

229 2300 310 2338 bem,
329 2302 480 2343 autipstirz
504 2304 709 2343 eorumfinihus
730 2304 824 2333 bellum
846 2315 900 2343 ge-
980 2309 993 2328 4
1015 2307 1139 2336 Vizusos
1164 2317 1193 2335 m
1223 2307 1414 2343 mmmmm]
1438 2308 1477 2336 Ut
1500 2317 1610 2346 aggre-

229 2350 305 2371 runt.
321 2342 462 2373 Helvetii
479 2352 552 2374 tunc
571 2345 671 2376 multo
697 2344 784 2374 latius
810 2344 900 2374 habi·
941 2344 1085 2375 dci-entur
1103 2355 1120 2375 a
1139 2355 1226 2384 tergo
1250 2346 1430 2381 Helvetios,
1456 2346 1508 2384 qui
1527 2356 1611 2376 arma

229 2381 337 2412 tabant
349 2405 357 2419 ,
377 2383 470 2422 quam
490 2393 567 2422 quos
581 2395 665 2418 nunc
683 2384 814 2416 dicimus
826 2384 901 2415 Hcl-
940 2392 1095 2414 verterant
1106 2384 1136 2414 in
1151 2384 1310 2424 legionem
1321 2384 1610 2424 unaetvicefimam,

229 2420 350 2461 vetios‚
369 2421 408 2452 les
429 2421 541 2461 Suiſjes.
940 2423 1058 2456 illatam
1075 2423 1130 2456 fibi
1149 2423 1295 2464 injuriam
1316 2424 1420 2457 ulturi.

1645 263 1762 277 Ξ

1647 301 1677 326 Α.
1688 303 1717 325 U.
1730 303 1762 326 C.

1667 347 1737 376 822.

1672 405 1695 428 J.
1707 405 1734 428 c.

1677 449 1696 477 6
1697 457 1729 484 9.
