2209 3047
605 228 694 268 430
813 210 1031 253 NOTAE
1063 206 1147 249 ET
1186 205 1788 251 EMENDATIONES

607 292 798 340 princeps,
822 286 977 333 inusitata
1001 285 1101 332 facie.
1133 284 1305 332 Invisitacci
1323 313 1331 326 ‚
1354 283 1482 320 merito
1516 283 1722 321 restitutum.
1753 284 1813 320 Sic
1840 285 1983 333 Livius,

601 339 765 381 XXVII,
786 349 846 383 39.
862 335 1026 379 Invisitati
1050 348 1181 383 namque
1207 346 1301 369 antea
1323 334 1522 381 alienigenis.
1546 333 1606 369 Sic
1619 333 1811 370 Suetonius
1830 333 1867 369 in
1890 336 1984 386 Aug.

602 388 735 426 XLIII.
756 387 884 422 Solebat
901 388 997 422 etiam
1015 388 1095 420 citra
1110 385 1363 431 speflaculorum
1383 383 1447 418 dies
1463 411 1471 426 ,
1489 383 1523 430 fi
1547 385 1668 432 quando
1689 384 1764 432 quid
1785 383 1985 431 invifitatum

600 441 791 488 dignumque
817 438 943 485 cognitu
968 435 1131 471 αάνεὲἳιυη
1153 435 1244 482 εβὲι,
1271 433 1303 468 id
1325 445 1418 468 extra
1442 435 1581 468 ordinem
1596 464 1604 476 ,
1635 434 1769 482 quolibet
1793 435 1857 468 loco
1882 434 1986 480 publi-

601 503 696 531 care,
724 499 759 521 ut
785 488 1004 522 rhinocerotem
1034 485 1118 530 apud
1132 485 1251 530 flpta:
1281 485 1348 519 &c.
1375 482 1497 519 Paffim
1525 494 1640 519 autem
1669 482 1853 530 Apuleius.

656 537 827 572 CELEBRI
853 547 943 572 vlco
971 538 988 580 ]
1027 535 1081 570 Ita
1115 531 1354 575 Puteolanus,
1395 532 1614 575 Beroaldus,
1641 531 1804 568 Ernestus
1837 535 1903 568 &e.
1940 532 1985 568 In

603 586 682 624 Mss.
706 586 802 623 Flor.
824 584 912 634 Reg.
934 583 1045 620 Corb.
1075 582 1164 618 ssud.
1186 581 1305 618 Guelf.
1326 581 1427 618 Harl.
1448 583 1553 618 Bodl.
1573 582 1638 618 Jes.
1656 585 1689 618 ὃς
1708 582 1869 618 editione
1885 581 1986 629 prin-

605 637 689 685 cipe
701 635 848 685 aliisque
874 634 1052 683 plurimis,
1073 633 1182 667 celebri
1206 633 1284 667 luco.
1310 632 1351 667 In
1379 632 1538 681 margine
1568 632 1635 667 Ms.
1664 631 1766 668 Harl.
1791 642 1956 668 notatum
1973 657 1986 676 ,

604 688 689 723 alius
714 686 823 721 habet
846 689 926 719 rico.
952 684 1026 718 Vico
1049 694 1194 732 quoque
1218 681 1482 729 superadditum
1508 682 1544 717 in
1572 681 1635 718 Ms.
1663 681 1729 720 Jes.

658 737 750 773 Am·
780 743 1208 770 ClRCUMVOLITANTlUM
1237 743 1385 767 Arm-um
1414 735 1430 777 ]
1454 732 1508 767 Ita
1530 731 1598 767 Ms.
1620 731 1732 768 Corb.
1754 730 1868 767 editio
1888 730 1986 779 prin-

606 798 689 835 ceps
708 789 741 821 &
760 784 986 820 recentiores,
1004 781 1048 816 In
1066 781 1140 817 Mss.
1162 780 1264 817 Harl.
1284 779 1391 817 Bodl.
1418 780 1483 818 Jes.
1510 784 1544 817 <Sc
1567 781 1805 824 Puteolanus,
1834 782 1985 816 alituum.

606 835 822 876 Rhenanus,
850 833 1157 867 circumvolitantem
1182 833 1314 873 alitem,
1348 831 1474 866 omisso
1506 842 1574 866 aut.

602 936 633 984 s
660 886 706 920 SE
736 895 812 923 ιΡεε
841 893 1126 919 INTERHCERET
1156 883 1174 927 ]
1203 880 1269 916 Ms.
1293 879 1358 917 Jes.
1374 881 1411 928 se
1434 880 1636 928 interficeret.
1658 878 1723 916 Ms.
1751 878 1914 926 Corb.se
1937 880 1988 926 ip-

626 949 688 971 um·

653 1033 759 1071 CAP.
789 1033 851 1069 LI.
877 1031 955 1068 PER
984 1043 1161 1068 AVERSAM
1189 1044 1320 1068 DOMUS
1348 1043 1508 1069 PARTEM
1535 1035 1552 1078 ]
1586 1030 1641 1066 Ita
1674 1030 1752 1067 Mss‘.
1780 1029 1876 1067 Flor.
1902 1030 1990 1076 Reg.

610 1084 730 1121 Gueif.
757 1081 869 1119 Corb.
889 1080 991 1118 Harl.
1018 1084 1105 1131 Agr.
1125 1081 1239 1118 editio
1259 1082 1425 1131 princeps
1441 1085 1474 1118 δε
1493 1081 1720 1118 recentiores.
1737 1079 1778 1115 In
1798 1081 1864 1116 Ms.
1882 1076 1991 1115 Bodl.

611 1138 646 1170 <Sc
670 1132 907 1174 Puteolanus,
933 1145 989 1178 per
1013 1133 1157 1178 aversam
1181 1132 1290 1166 domas
1311 1145 1448 1178 portam.
1475 1131 1651 1167 Notatum
1675 1142 1820 1180 quoque
1844 1130 1881 1164 in
1902 1142 1992 1165 mar-

609 1183 694 1232 gine
719 1182 784 1218 Ms.
811 1181 912 1218 Harl.
939 1183 1023 1216 alius
1048 1181 1156 1217 habet
1177 1194 1314 1226 portam.
1343 1181 1386 1218 In
1409 1181 1571 1219 editione
1598 1179 1786 1229 principe,
1821 1190 1862 1216 ut
1887 1182 1920 1216 δε
1955 1179 1994 1214 in

608 1232 677 1269 Ms.
705 1231 817 1268 Corb.
843 1232 1010 1278 adversam
1034 1243 1102 1279 pro
1131 1232 1286 1276 aversam.

664 1281 881 1318 DEGREssus
910 1284 928 1328 ]
960 1281 1014 1317 lta
1043 1280 1108 1318 Ms.
1136 1280 1233 1317 Flor.
1270 1283 1302 1318 δέ
1332 1280 1506 1319 Ernestus.
1533 1279 1654 1331 Vulgo
1690 1277 1772 1315 libri
1808 1277 1932 1330 scripti
1959 1281 1993 1316 &

612 1331 726 1376 editi,
751 1330 911 1380 digreffics.

664 1432 768 1469 CAP.
799 1431 877 1469 LII.
908 1432 1094 1468 Anvmso
1119 1441 1171 1466 m·
1194 1433 1373 1476 metro]
1403 1429 1500 1466 Bene
1521 1430 1597 1466 Mss.
1612 1429 1837 1466 &editiones
1859 1438 1996 1465 veteres

613 1495 656 1519 ac
671 1482 898 1519 recentiores.
930 1481 972 1516 In
991 1480 1116 1516 mediis
1134 1480 1345 1529 quibusdam
1361 1507 1369 1522 ,
1391 1481 1426 1515 de
1443 1481 1571 1527 adrerfi)
1584 1481 1710 1526 praelio.

663 1533 863 1568 CONvlcrrs
887 1530 1121 1574 Posrfflzmo]
1157 1529 1211 1565 Ita
1227 1529 1292 1565 Ms.
1308 1529 1420 1565 Corb.
1438 1528 1553 1564 editio
1575 1528 1741 1576 princeps
1760 1531 1794 1564 ὃς
1814 1526 1997 1564 recentio-

614 1595 679 1620 tes.
708 1582 750 1617 In
768 1581 842 1617 Mff.
860 1580 959 1617 Harl.
977 1578 1083 1615 Bodl.
1099 1578 1166 1615 Jes.
1178 1577 1439 1615 &Puteolanus
1454 1606 1463 1621 ,
1486 1578 1687 1625 postremum.

666 1631 856 1677 TUTIOR]
880 1630 923 1666 In
942 1629 1008 1665 Ms.
1023 1630 1112 1678 Agr.
1132 1631 1267 1671 tuti0r23
1286 1628 1385 1678 quod
1403 1627 1509 1663 etiam
1528 1627 1642 1664 edidit
1654 1626 1826 1679 Ryckius.
1847 1626 1895 1662 At
1908 1636 1998 1663 tune

614 1680 720 1718 fricret
732 1711 742 1726 ‚
762 1684 844 1716 inter
860 1682 974 1715 multos
986 1693 1000 1721 ,·
1029 1689 1069 1714 ut
1085 1679 1175 1715 recte
1193 1677 1400 1714 observavit
1412 1677 1586 1714 Ernestus.
1604 1679 1715 1713 Tutior
1727 1689 1803 1713 non
1818 1675 1997 1725 displicet,

617 1729 643 1766 sl
657 1715 876 1780 firtelligatur
893 1758 902 1774 ‚
936 1730 1072 1778 quifilue.

673 1780 823 1816 PATREs
850 1782 1134 1824 coNscmrTos]
1162 1779 1259 1815 Bene
1284 1778 1360 1814 Mff.
1388 1779 1477 1827 Reg.
1498 1777 1609 1815 Corb.
1629 1778 1743 1815 editio
1771 1776 1938 1826 princeps
1961 1778 1996 1812 δε

617 1830 844 1866 recentiores.
863 1829 907 1864 In
926 1828 999 1864 Mss.
1014 1827 1117 1863 Harl.
1142 1827 1209 1864 Jes.
1225 1827 1346 1864 Guelf.
1379 1831 1412 1864 &
1431 1827 1647 1865 Puteolanus
1661 1856 1670 1871 ‚
1696 1833 1805 1863 Patres
1832 1827 1998 1871 conficlcos.

622 1880 737 1925 Quod
752 1880 846 1916 forte
863 1878 953 1917 olim
971 1890 1034 1928 per
1050 1876 1231 1914 literarum
1247 1877 1464 1927 compendia
1479 1877 1648 1928 scriptum
1660 1906 1670 1922 ,
1691 1888 1731 1913 ut
1751 1876 1789 1913 in
1806 1875 1870 1911 Ms.
1889 1873 1996 1911 Bodl.

627 1934 721 1966 conff-

673 2029 776 2065 CAP.
804 2029 901 2066 LIII.
930 2029 1133 2065 NoTAmrAE
1157 2039 1251 2066 mm·
1273 2032 1475 2075 meorum]
1499 2030 1596 2066 Bene
1611 2028 1685 2065 Mss.
1698 2024 2003 2064 Harl.Bod1.Jes.

624 2078 840 2116 Puteolanus
870 2083 904 2116 &
930 2079 1174 2117 Recentiores.
1213 2078 1401 2128 Perperam
1430 2079 1506 2114 Mff.
1534 2078 1646 2116 Corb.
1671 2080 1759 2127 Reg.
1776 2077 1861 2126 Agr.
1887 2075 2003 2112 editio

626 2129 792 2178 princeps
814 2133 847 2165 ὃς
862 2129 1020 2178 Ryckius
1039 2158 1048 2172 ‚
1074 2131 1211 2165 notabile
1231 2132 1263 2163 in
1282 2131 1467 2177 Verginium
1482 2129 1563 2175 ⁵fuit.
1591 2128 1634 2164 Id
1659 2128 1803 2178 quidem
1830 2124 2002 2175 probavit

626 2178 787 2228 Ryckius
802 2206 810 2221 ‚
835 2179 933 2228 quod
947 2179 1157 2216 existimaret
1173 2179 1322 2228 Eprium
1335 2178 1545 2215 Marcellum
1565 2178 1731 2226 ambigua
1747 2175 1930 2212 disseruisse
1956 2174 2000 2210 de

627 2228 826 2277 Verginio,
853 2242 956 2277 quern
969 2229 1172 2276 Principem
1188 2228 1308 2265 vellet.
1333 2229 1382 2264 At
1405 2227 1626 2264 verisimilius
1653 2227 1701 2264 est
1733 2226 1880 2274 Eprium
1911 2225 2003 2259 Mar-

628 2277 759 2313 cellum
775 2277 940 2325 ambigua
955 2278 996 2314 de
1005 2278 1145 2314 Vitellii
1160 2278 1365 2326 principatu
1380 2278 1500 2315 dixisse
1514 2307 1522 2321 ‚
1551 2278 1609 2314 seu
1626 2276 1818 2325 Verginio,
1834 2275 1891 2310 seu
1908 2273 2002 2308 forte

628 2328 700 2375 jam
713 2327 848 2363 faveret
858 2327 1073 2375 Vespasiano
1089 2355 1098 2370 ,
1119 2327 1213 2375 apud
1234 2341 1340 2376 quern
1357 2327 1480 2377 postea
1494 2328 1608 2377 gratia
1622 2327 1737 2363 valuit
1756 2339 1766 2368 ;
1798 2335 1837 2360 ut
1861 2322 2004 2358 videbi-

626 2389 702 2413 mus
730 2376 821 2412 infra
853 2376 891 2412 in
911 2376 1058 2424 Dialog.
1078 2377 1122 2413 de
1141 2377 1286 2413 Orator.
1310 2390 1388 2425 cap.
1415 2380 1528 2426 5&8.
1560 2376 1653 2422 Quis
1674 2386 1790 2411 autem
1816 2372 1876 2408 ille
1903 2371 2002 2408 Lici-

626 2425 705 2464 nius
722 2426 893 2467 Caecina,
925 2426 987 2476 qui
1013 2426 1162 2477 Eprium
1182 2426 1395 2465 Marcellum
1430 2425 1555 2463 invasit
1589 2425 1602 2463 ἓ
1625 2425 1731 2463 Juxta
1753 2423 1935 2472 Ryckiurn
1958 2420 2007 2460 est
