2209 3047
327 178 663 224 AD‘LIBRUM
687 181 720 223 1.
749 181 894 224 HIST.
929 181 978 222 C.
1014 181 1194 225 CORN.
1224 182 1435 226 TACITI.
1503 200 1587 239 395

255 262 346 299 Cum
375 273 450 298 ALA
477 260 688 307 PETRtNA]
717 259 868 309 Optime
893 258 991 294 hune
1016 257 1140 295 locum
1162 259 1312 297 restituit
1329 262 1489 300 eruditus
1502 265 1586 300 An-

201 313 298 364 glu3‚
323 312 487 349 Savilius.
520 310 791 360 Corruptisfime
816 309 892 346 Mss.
917 322 986 344 cum
1017 310 1088 355 alpe
1117 315 1245 355 tarina,
1271 323 1331 348 aut
1361 317 1501 356 tarum,
1524 326 1586 352 ant

200 367 341 407 triaria,
360 374 420 398 aut
449 366 598 405 trianna,
629 372 690 397 aut
717 363 866 396 triarina.
893 358 1038 396 Peffim'e
1066 360 1319 398 emendaverat
1341 362 1581 409 Puteolanus,

201 417 236 448 in
254 415 335 459 Alpe
354 413 470 448 Graia,
487 411 615 459 Neque
638 412 733 447 enirn
748 410 861 447 Graio
884 420 1026 452 monte,
1045 408 1107 446 sed
1128 408 1267 446 Penino
1286 440 1294 454 ,
1312 413 1349 448 in
1368 413 1509 450 Italiam
1523 428 1582 452 ve-

200 465 256 500 nit
275 462 433 499 Caecina.
452 461 511 500 De
540 461 597 498 alei
625 460 769 498 Petrina
785 460 917 496 dietum
937 459 986 497 est
1010 459 1049 495 in
1067 458 1175 496 Notis
1198 463 1231 496 δε
1257 461 1582 501 Emendationibus

199 515 247 550 ad
271 513 404 551 Annal.
423 512 499 557 XI,
521 525 559 560 4.

246 563 343 600 Num
372 566 537 600 Rffiricrs
554 566 572 610 ]
590 561 653 599 Ms.
670 560 782 598 Corb.
802 574 837 597 ut
852 562 992 597 Raeticis.
1008 559 1133 597 Editio
1154 560 1321 609 princeps
1335 589 1343 604 ,
1370 565 1448 599 unde
1463 569 1580 601 reticis.

247 615 304 650 Im
334 615 685 658 PssocussAToREM]
713 613 758 647 In
784 610 860 648 ΜΠ.
883 611 997 648 Corb.
1023 612 1111 661 Reg.
1141 613 1174 647 ὃς
1196 610 1359 648 editione
1390 614 1554 664 principe
1570 644 1580 659 ‚

200 666 271 700 urbi
287 677 535 711 procuratorem.
554 661 772 699 Puteolanus
795 662 1047 698 emendaverat
1060 690 1069 704 ,
1090 662 1175 696 urbis
1188 674 1436 707 procuratorem.
1463 666 1580 711 Quod

197 715 336 752 nemini
358 714 565 763 probatum.
585 711 665 750 Nec
682 711 808 749 melius
833 712 1020 749 divinabat
1044 711 1326 755 freinshemius‚
1347 713 1486 747 urbicum
1502 729 1581 759 pro-

195 777 384 800 curatorem.
398 763 493 800 Vere
510 766 544 799 &
556 763 699 813 egregie
721 762 856 811 Lipsius
869 791 878 806 ,
900 764 1200 809 ibiprocuratorem.
1220 762 1280 798 Sic
1297 762 1388 798 infra
1406 761 1498 798 Hist.
1523 764 1559 799 Π
1572 795 1581 807 ,

202 815 270 857 16,
294 816 503 850 trierarchum
528 814 757 849 liburnicarum
781 815 825 849 ibi
847 816 993 848 navium.

250 864 372 901 Srmur.
402 868 635 910 REPUTANS]
661 864 760 900 Bene
783 863 849 899 Ms.
874 861 988 899 Corb.
1004 865 1038 898 &
1063 861 1281 899 recentiores
1319 861 1510 901 editiones,
1539 862 1581 899 In

196 914 275 952 Mff.
296 913 399 951 Harl.
417 913 524 951 Bodl.
537 912 605 951 Jes.
622 917 656 950 &
669 913 850 951 veteribus
867 912 1107 955 editionibus,
1125 912 1218 956 simul
1237 927 1274 948 ac
1289 926 1447 959 reputans.

250 964 297 1001 IN
323 977 476 1002 CETERA
507 968 735 1011 vrcToruAE]
756 966 853 1001 Bene
882 963 957 999 Mis.
974 962 1081 999 Bodl.
1105 962 1171 999 Jes.
1192 963 1311 1001 Guelf.
1342 966 1375 1000 ὃς
1403 962 1583 1000 editiones

193 1026 345 1052 veteres.
365 1015 448 1052 Sine
462 1015 672 1051 auetoritate
691 1027 735 1051 ac
752 1014 954 1052 necestitate
968 1012 1175 1050 emendavit
1198 1012 1462 1050 Freinshemius
1474 1041 1483 1057 ,
1501 1026 1583 1049 cete-

197 1079 252 1102 rae.
269 1065 310 1102 In
323 1066 389 1102 Ms.
407 1066 519 1102 Corb.
544 1069 577 1101 in
596 1078 692 1101 certa.
718 1065 785 1102 Ms.
809 1065 895 1114 Agr.
921 1068 954 1101 &
970 1063 1094 1100 Editio
1110 1062 1278 1114 princeps
1292 1092 1301 1108 ,
1327 1068 1457 1100 incerta.

249 1115 442 1152 CEssURos
461 1120 478 1163 ]
500 1115 597 1152 Male
616 1115 825 1158 Rhenanus,
842 1116 1018 1165 accefficros.

249 1166 436 1203 HrssERuls
466 1178 603 1202 Ammo
633 1166 796 1202 Aternus
811 1169 828 1212 ]
848 1165 904 1201 Ita
916 1165 990 1200 Mss.
1005 1163 1102 1201 Flor.
1120 1163 1211 1212 Reg.
1229 1162 1341 1199 Corb.
1360 1162 1481 1200 Guelf.
1504 1164 1584 1200 edi-

195 1216 254 1252 tio
271 1216 438 1266 princeps
454 1220 488 1253 &
501 1216 732 1254 recentiores.
756 1216 798 1252 In
816 1216 891 1252 Mff.
918 1215 1022 1253 Harl.
1050 1213 1158 1251 Bodl.
1183 1212 1251 1250 Jes.
1271 1217 1304 1250 ὃς
1330 1213 1552 1250 Puteolanus
1570 1240 1582 1258 ,

194 1267 335 1303 hibernis
352 1268 453 1303 adhuc
471 1269 608 1304 nivibus.
626 1267 719 1303 Mox
736 1267 773 1302 in
799 1266 869 1304 Ms.
892 1266 1007 1304 Corb.
1028 1265 1225 1312 transduxit.

248 1365 354 1403 CAP.
382 1365 512 1403 LXXI.
540 1367 600 1403 NE
619 1380 749 1403 HOSTIS
771 1379 912 1403 Miz-rum
934 1376 1302 1402 RECONCILIATIONIs
1327 1369 1583 1412 ADHIBERET]

193 1414 251 1451 lta
274 1416 513 1460 Puteolanus,
541 1420 574 1452 &
600 1416 683 1453 libri
699 1417 808 1454 ferme
826 1428 951 1453 omnes
973 1414 1095 1465 postea
1115 1414 1216 1451 editi.
1240 1414 1485 1465 Suffragantur
1504 1416 1582 1452 Mss.

195 1464 300 1502 Harl.
319 1465 427 1502 Bodl.
446 1465 513 1503 Jes.
536 1466 600 1502 nifi
624 1467 724 1517 quod
749 1468 788 1504 in
806 1468 872 1504 Ms.
900 1466 1106 1515 Haquuafi
1129 1467 1406 1502 reconciliationis.
1425 1466 1586 1515 Ryckius

192 1526 215 1552 e
236 1515 302 1552 Ms.
328 1518 417 1565 Agr.
441 1516 652 1564 edidit,sed
681 1531 718 1553 ne
738 1518 835 1566 hostes
862 1529 1034 1559 metueret,
1059 1517 1294 1551 conciliationes
1320 1517 1480 1553 adhibens.
1506 1516 1583 1552 Mff.

194 1564 294 1602 Flor.
322 1569 356 1603 &
393 1565 507 1603 Corb.
546 1568 604 1603 Sed
621 1581 660 1602 ne
698 1568 796 1616 hostes
830 1579 981 1604 metueret
1003 1595 1013 1611 ‚
1048 1568 1279 1602 conciliationis
1319 1568 1479 1602 adhibens.
1513 1566 1581 1603 Ms.

193 1614 283 1666 Reg.
314 1619 348 1653 &
372 1616 487 1653 editio
506 1617 696 1667 princepS,
721 1619 781 1665 sed
803 1632 840 1654 ne
866 1618 963 1666 hostes
994 1628 1130 1652 metuere
1155 1618 1388 1653 conciliationes
1421 1618 1584 1655 adhibens.

190 1664 250 1701 Ex
281 1666 350 1703 hae
384 1666 560 1704 librorum
595 1668 768 1706 varietate
791 1696 801 1713 ‚
841 1668 936 1706 forte
974 1667 1110 1715 conjici
1147 1666 1285 1716 posset,
1316 1668 1374 1715 sed
1413 1680 1451 1703 ne
1486 1667 1583 1715 hostes

194 1729 369 1752 metuerent
390 1745 400 1762 ‚
431 1720 664 1755 conciliationes
703 1721 852 1755 adhibens
874 1734 888 1762 ,·
922 1719 981 1756 vel
1007 1732 1043 1754 ne
1071 1717 1169 1764 hostes
1204 1730 1320 1753 metum
1356 1719 1585 1753 reconciliatio-

194 1769 245 1802 nis
265 1767 460 1804 adhiberent.
476 1768 545 1806 Sed
568 1770 694 1818 potior
713 1770 831 1806 adhuc
851 1769 900 1807 est
921 1768 1112 1806 Puteolani
1134 1767 1253 1804 leffio.
1290 1766 1430 1804 frustra
1456 1780 1584 1804 emen-

190 1816 306 1853 'dabat
332 1817 615 1864 Freinshemius,
625 1821 682 1868 secl
705 1833 742 1856 ne
758 1821 837 1868 lzosti
851 1832 968 1856 metum
990 1820 1252 1856 reconciliationis
1274 1819 1446 1853 adhiberet.
1477 1817 1584 1853 Frus-

191 1877 250 1903 tra
274 1867 502 1917 LipfiuS,Jed
518 1883 571 1906 nec
589 1871 683 1918 hostis
699 1882 806 1915 metu,
830 1871 1126 1916 reconciliationise
1149 1869 1321 1904 adhiberet.
1347 1868 1455 1905 Reste
1487 1868 1586 1904 enim

194 1917 354 1954 eruditus
380 1918 570 1958 Petavius:
597 1927 785 1971 Argutatur
805 1921 940 1970 Lipsius.
957 1923 1044 1957 Sana
1062 1922 1164 1958 lectio.
1191 1920 1301 1967 Senfiis
1324 1919 1387 1965 cst:
1408 1920 1494 1954 Otho
1522 1931 1586 1954 non

191 1968 285 2016 ‘quast
302 1971 469 2017 ignosceret
488 1973 613 2008 tantum
628 1999 638 2017 ,
655 1974 789 2008 ceterum
804 1974 978 2022 negligeret
992 1972 1067 2020 ,sed
1088 1971 1209 2018 repente*
1238 1983 1278 2005 ex
1302 1972 1426 2004 intimis
1452 1969 1585 2013 habuit,

195 2030 232 2053 ne
254 2019 348 2066 hostis
368 2034 452 2056 metu
466 2023 643 2070 suspec‘lam
666 2025 761 2059 illam
788 2018 1075 2060 reconciliationem
1102 2022 1213 2057 habere
1242 2020 1417 2056 videretur.
1440 2019 1583 2068 Velfic,

194 2079 250 2103 nec
273 2071 320 2104 ita
335 2072 372 2117 se
386 2072 476 2119 geffit
492 2099 502 2115 ,
527 2073 617 2122 quasi
633 2077 822 2123 ignosceret,
838 2074 896 2122 Jed
915 2074 1047 2121 perinde
1072 2072 1273 2120 acfisemper
1294 2069 1585 2117 amiciſjimusfuisl

186 2118 241 2165 fit
255 2146 265 2161 9
283 2131 377 2168 atque
396 2133 430 2156 ut
451 2135 487 2158 ne
513 2136 596 2159 metu
623 2124 719 2171 hostis
734 2125 913 2171 Jifioeclam
932 2125 1024 2159 illam
1047 2124 1333 2159 reconciliationem
1360 2122 1470 2156 hahere
1493 2121 1585 2155 ride-

196 2180 295 2206 retur.
322 2171 402 2219 lpszi
418 2182 536 2209 tamen
553 2173 747 2210 Petavianiz
774 2174 1020 2223 explicatione
1039 2172 1228 2210 meliorem
1250 2170 1463 2209 crediderim
1483 2170 1586 2206 Hue-

191 2218 350 2264 tianam,
379 2234 486 2271 quam
504 2223 541 2258 in
567 2223 674 2260 Notis
696 2225 885 2273 proposui.

247 2269 373 2306 INTER
405 2284 566 2309 1NT1MOS
593 2278 611 2320 ]
643 2274 702 2310 Sic
729 2275 806 2310 Mis.
839 2274 927 2324 Reg.
958 2274 1072 2311 Corb.
1094 2274 1183 2323 Agr.
1215 2272 1330 2310 editio
1359 2272 1524 2321 princeps
1555 2273 1589 2306 Sc

197 2321 426 2359 recentiores.
454 2324 497 2358 In
520 2323 595 2360 ΜΠ.
615 2323 718 2360 Harl.
738 2325 843 2361 Bodl.
865 2326 932 2363 Jes.
957 2328 991 2361 &
1008 2324 1249 2366 Puteolanus,
1274 2326 1360 2358 intra
1386 2326 1525 2358 intimos.

245 2367 484 2426 paimoniam
515 2385 709 2411 ClVI‘rATls
736 2379 752 2422 ]
779 2375 931 2426 Optime
953 2373 1157 2413 Rhenanus.
1177 2374 1276 2412 Male
1302 2372 1380 2409 Mss'.
1402 2375 1435 2408 ὃ(
1454 2381 1590 2407 veteres

198 2416 398 2467 editioneS,
423 2437 481 2471 pro
505 2425 642 2461 moribus
666 2428 821 2465 civitatis.

1269 2490 1434 2544 Dddij
