2209 3047
579 176 670 224 486
762 166 978 208 NOTAE
1031 162 1114 203 ET
1166 158 1757 206 EMENDATIONES

632 246 784 282 CLUV10
815 244 973 286 PATRE]
1012 240 1108 276 Male
1122 239 1235 277 editio
1253 239 1419 289 princeps
1436 266 1445 282 ‚
1471 239 1596 275 Clanio.

629 295 692 331 UT
715 295 892 337 NOMINE]
924 293 967 326 Ut
983 317 992 334 ,
1016 290 1110 327 abest
1138 303 1157 326 a
1179 290 1252 325 ΜΠ.
1275 289 1371 325 Flor.
1395 288 1481 338 Reg.
1508 289 1621 325 Corb.
1644 289 1732 340 Agr.
1748 292 1955 337 &editione

582 344 758 400 principe.
781 342 871 379 Inde
889 340 1050 378 omissum
1072 341 1121 379 est
1146 353 1167 376 a
1182 339 1339 389 Ryckio.
1361 339 1410 376 At
1428 338 1555 376 melius
1569 338 1632 376 alii
1654 339 1737 377 libri
1757 368 1766 386 ,
1784 342 1845 392 qui
1867 343 1955 381 illud

579 404 841 479 lttgggssoms
869 444 1107 487 SAPIENTIAE]
1139 439 1207 474 Ms.
1234 440 1343 476 Corb.
1363 440 1570 486 sapientium.

629 493 874 551 CETERAQUE
913 504 1044 529 ExTnA
1087 493 1282 537 ANIMUM]
1322 489 1389 527 Ms.
1427 489 1514 539 Agr.
1554 500 1714 539 ceteraque
1757 503 1824 540 quae
1863 502 1958 528 extra

581 557 735 581 ammam.

631 643 737 679 CAP.
765 643 827 680 VI.
856 643 1037 678 EGREGIIS
1062 651 1282 682 UTRmsQUE
1310 649 1566 676 ORATIONIBUS
1591 642 1828 685 TESTATUM]
1857 641 1955 677 Bene

578 693 656 729 ΜΠ.
679 693 774 730 Flor.
797 694 885 740 Reg.
906 691 1007 727 Harl.
1023 689 1127 726 Bodl.
1143 689 1209 726 Jes.
1226 688 1339 725 Corb.
1366 690 1455 738 Agr.
1483 689 1661 725 editiones
1681 700 1818 724 veteres
1837 692 1870 726 ὃς
1884 689 1959 738 Ry-

578 743 691 780 ckius.
717 743 814 778 Male
827 742 1017 777 Rhenanus
1033 767 1042 783 ‚
1062 743 1195 789 egregiis
1217 739 1413 775 orationibus
1437 741 1594 788 utriusque
1623 750 1789 776 certatum.
1813 739 1952 776 Tenta-

577 793 640 830 bat
657 805 802 842 quoque
831 792 991 826 Muretus
1007 818 1016 833 ‚
1049 793 1204 839 utrinque.

629 842 689 877 DE
714 852 869 877 IMPERIO
895 841 1119 876 VESPASIANJ
1141 842 1395 884 CENSEBANT]
1427 838 1529 884 Quid
1554 838 1701 874 Senatus
1730 837 1773 874 de
1804 838 1956 886 imperio

578 890 779 939 Vespasiani
803 889 977 926 censuerit
1002 918 1011 934 ,
1039 890 1229 939 quomodo
1260 891 1385 926 cunRa
1401 888 1626 937 Principibus
1654 888 1760 924 solita
1787 888 1820 924 ei
1840 888 1960 924 decre-

578 942 688 983 verit,
709 940 830 989 paucis
847 939 1109 988 expediendum
1127 954 1135 976 :
1154 939 1254 975 simul
1278 939 1366 989 legis
1380 938 1546 987 imperii,
1574 938 1634 975 seu
1650 937 1739 988 legis
1758 938 1864 988 regiae
1882 939 1958 988 pri-
1974 966 1979 972 i

580 991 721 1027 mordia
737 990 878 1040 fataque
893 989 1118 1039 explananda
1136 989 1226 1026 sunt.

628 1108 729 1164 De
755 1107 892 1183 Lege
915 1106 1154 1182 Imperii,
1177 1105 1317 1162 (1ἱὲῗᾶ
1339 1127 1537 1183 quoque
1559 1106 1696 1183 Lege
1721 1105 1914 1179 Regid.

630 1232 771 1281 Regum
785 1231 901 1281 primo
918 1259 927 1275 ‚
944 1231 1073 1268 deinde
1092 1230 1515 1268 duodecimTabularum
1533 1231 1651 1278 legibus
1670 1229 1788 1279 paruit
1800 1229 1960 1279 populus

577 1283 774 1319 Romanus.
819 1281 911 1318 Orta
946 1282 1026 1331 post
1056 1282 1124 1317 hac
1159 1281 1340 1318 discordia
1363 1280 1505 1329 plebem
1523 1281 1615 1317 inter
1633 1283 1666 1316 ὅ(
1689 1290 1805 1329 patres
1822 1308 1831 1324 ‚
1859 1279 1961 1328 plebs

577 1332 641 1368 fibi
667 1333 743 1379 jura
769 1331 952 1368 constituit
969 1360 978 1375 ,
1010 1344 1089 1382 quae
1108 1333 1272 1378 plebiscita
1289 1340 1421 1369 vocata
1441 1331 1522 1366 sunt
1537 1358 1547 1374 ,
1578 1333 1612 1366 Sc
1631 1343 1699 1378 pro
1723 1329 1863 1378 legibus
1881 1329 1960 1378 lege

576 1381 772 1418 Hortensia
793 1381 991 1418 observata.
1012 1383 1062 1417 At
1081 1381 1283 1417 labentibus
1310 1380 1445 1416 socculis
1469 1380 1701 1428 plurimisque
1728 1379 1888 1415 visionis
1911 1379 1963 1415 ita

577 1432 692 1468 crevit
714 1431 871 1480 populus
884 1433 1068 1467 Romanus
1084 1458 1094 1474 ,
1116 1441 1156 1466 ut
1184 1431 1221 1466 in
1244 1431 1343 1466 tanta
1360 1430 1549 1465 hominum
1564 1429 1670 1466 turba
1693 1428 1792 1477 plebs
1815 1428 1962 1464 difficile

577 1481 792 1518 conveniret
822 1495 831 1516 :
860 1482 979 1531 itaque
1019 1481 1198 1517 necessitas
1233 1480 1309 1529 ipsa
1347 1491 1466 1515 curam
1489 1478 1695 1527 reipublicae
1728 1478 1773 1513 ad
1801 1478 1963 1514 senatum

577 1531 739 1568 deduxit.
771 1531 898 1580 Coepit
931 1543 1018 1580 ergo
1047 1531 1186 1567 senatus
1208 1530 1243 1566 se
1269 1530 1531 1577 interponere3
1560 1531 1593 1564 δε
1624 1526 1802 1577 quidquid
1831 1527 1963 1563 consti-

579 1581 695 1617 tuiffet
714 1609 723 1625 ,
749 1581 1028 1618 observabatur:
1054 1582 1108 1627 jus
1131 1579 1221 1616 illud
1244 1578 1489 1629 appellabatur
1513 1578 1829 1625 senatufionsultum.
1867 1576 1963 1613 Cum

579 1632 663 1678 juris
683 1631 925 1668 constituendi
950 1631 1002 1667 vis
1028 1630 1073 1666 ad
1092 1630 1281 1679 pauciores
1296 1631 1344 1665 ita
1359 1627 1571 1672 devenisset,
1591 1626 1701 1664 Caius
1713 1626 1826 1664 Julius
1842 1626 1962 1663 Caesar

579 1682 617 1716 in
636 1681 668 1717 se
692 1694 802 1717 unum
829 1681 928 1716 illam
948 1681 1080 1723 traxit3
1106 1683 1140 1716 ὃς
1164 1693 1269 1729 quam
1296 1679 1401 1715 armis
1426 1677 1488 1713 fibi
1511 1680 1582 1727 jam
1611 1677 1811 1713 adseruerat
1838 1705 1849 1720 ,
1883 1689 1962 1713 eam

580 1731 699 1766 adhuc
714 1731 831 1781 legum
850 1731 1059 1767 au&01·itate
1070 1730 1244 1766 munitam
1257 1729 1388 1766 voluit.
1405 1728 1515 1764 Anno
1536 1727 1644 1764 Urbis
1659 1726 1818 1763 conditae
1831 1739 1963 1770 neem,

581 1781 615 1817 ei
631 1781 751 1817 datum
767 1809 776 1824 ,
793 1792 832 1816 ut
861 1781 905 1817 de
930 1780 1159 1829 Pompeianis
1182 1781 1353 1816 arbitratu
1377 1779 1442 1814 suo
1467 1778 1632 1814 statueret
1654 1793 1662 1812 ε
1688 1790 1797 1820 mox,
1823 1777 1963 1824 arrepta

581 1843 624 1866 ex
643 1831 799 1867 motibus
828 1831 959 1867 Africae
986 1830 1104 1879 specie
1123 1859 1132 1874 ‚
1160 1829 1341 1867 decretum
1368 1839 1408 1865 ut
1433 1829 1467 1865 ei
1488 1828 1575 1865 belli
1598 1827 1767 1877 pacisque
1788 1827 1824 1862 in
1840 1838 1963 1863 omnes

583 1880 746 1917 homines
770 1883 823 1929 jus
837 1881 920 1917 esset
938 1909 947 1925 ‚
972 1880 1031 1917 etsi
1056 1893 1173 1930 neque
1197 1880 1241 1916 ad
1265 1881 1425 1917 senatum
1440 1907 1448 1922 ,
1468 1891 1584 1928 neque
1602 1877 1646 1913 ad
1662 1876 1840 1926 populum
1864 1875 1907 1912 de
1922 1876 1964 1911 iis

581 1931 758 1967 retulillet.
782 1932 841 1970 Τιές
868 1949 900 1967 τε
919 1931 980 1979 γᾶρ
994 1930 1036 1967 *roi
1066 1935 1107 1966 τὲ
1130 1931 1272 1975 Πομπῆῗκ
1299 1934 1495 1979 φρονήσαντας
1517 1932 1681 1977 ἐπέτρεψαν
1701 1931 1785 1972 αὐτῷ
1807 1930 1866 1963 niv
1888 1926 1913 1962 θ’
1928 1927 1963 1968 ὅ,

583 1985 616 2016 τί
638 1985 704 2016 ποτ’
721 1982 757 2017 οἷν
778 1986 892 2029 ἐθελήσῃ
919 1981 1028 2021 δράσαι
1044 2007 1052 2016 .
1065 2007 1074 2016 .
1087 2008 1095 2016 .
1110 1991 1158 2029 w
1173 1987 1309 2025 πολέμων
1331 1981 1378 2028 ξς),
1399 1983 1500 2027 εἰρήνης
1517 1984 1609 2027 κύριον
1623 1977 1784 2026 ,προφαῖτει
1800 1980 1855 2012 τῶν
1876 1983 1900 2012 ἐν
1926 1979 1964 2021 ’τῇ

582 2034 704 2079 Α’φρικξῖ
719 2038 911 2076 συνιςαμένων
930 2060 940 2073 ,
966 2034 1034 2081 πρός
1062 2031 1181 2070 πάντας
1206 2030 1355 2080 οἰνθρῶπκς
1367 2057 1376 2071 ,
1392 2030 1556 2072 ἆπέὸειξαιν
1575 2031 1664 2063 αὑτόν
1679 2055 1688 2068 ,
1711 2026 1766 2063 κοῗν
1777 2030 1870 2071 μηδὲν
1886 2030 1964 2070 μήτε

584 2083 629 2125 τῷ
643 2084 725 2125 ἒήμῳ
742 2085 817 2124 μήτε
833 2085 872 2128 ‘rii'
893 2085 969 2128 ἕκλῇ
992 2083 1054 2130 περὶ
1086 2084 1183 2117 αὐτῶν
1205 2080 1384 2125 κοινῶσ-κταᾳ.
1410 2078 1485 2113 Dio
1512 2077 1624 2112 XLII.
1651 2088 1732 2125 pag.
1761 2088 1846 2123 194·

641 2128 737 2166 Inter
766 2131 844 2166 hrec
874 2131 1135 2167 dominationis
1162 2129 1351 2166 molimina
1375 2157 1382 2169 ‚
1414 2128 1558 2164 libertas
1579 2127 1755 2162 Caesarem
1783 2124 1963 2174 oppreffit.

584 2178 684 2215 Tum
697 2179 898 2228 respublica
919 2181 1189 2217 triumvirorum
1219 2179 1369 2215 arbitrio
1392 2177 1564 2227 permissa.
1592 2175 1695 2212 Nihil
1718 2175 1755 2210 in
1780 2175 1964 2224 publicam

585 2228 777 2266 utilitatem
793 2230 995 2266 consultum
1012 2231 1158 2266 :omnia
1184 2229 1396 2266 libidinibus
1420 2240 1576 2277 paruere.
1597 2225 1834 2274 Respublica,
1854 2224 1962 2260 liber-

584 2278 666 2314 tatis
686 2279 840 2328 imagine
857 2310 864 2322 ,
894 2281 998 2329 quam
1019 2280 1095 2328 ipsa
1116 2281 1284 2316 servitute
1299 2307 1308 2323 ‚
1330 2279 1441 2327 magis
1463 2277 1685 2317 confli&ata,
1708 2275 1753 2310 ad
1771 2273 1962 2311 Onavium

585 2328 783 2377 Augustum
801 2329 897 2366 ultro
923 2330 1109 2378 confugit,
1131 2330 1191 2379 qui
1215 2329 1339 2366 omnia
1354 2359 1362 2371 ,
1383 2327 1571 2364 discordiis
1593 2325 1760 2362 civilibus
1782 2323 1883 2366 fessa,
1899 2322 1962 2357 sub

587 2378 736 2417 nomine
771 2380 929 2426 Principis
961 2380 1113 2430 accepit.
1150 2379 1247 2415 Cum
1278 2378 1329 2414 ita
1354 2377 1490 2415 necesse
1523 2376 1639 2413 fuisset
1667 2373 1874 2424 reipublicoe
1900 2383 1964 2421 per
