2209 3047
93 525 117 565 5

68 839 119 867 10

311 182 785 225 HISTORIARUM
821 180 1014 224 LIBER
1052 181 1344 223 TERTIUS.
1446 193 1530 230 203

146 275 287 303 nentes
306 262 504 318 fastigium
521 263 659 318 aquilae
689 270 698 286 ¹
715 294 728 315 ,
750 277 884 304 vetere
909 262 1022 317 ligno
1036 291 1048 311 ‚
1073 274 1278 302 traxerunt
1300 262 1502 302 flammam
1519 288 1531 310 ,

143 321 422 380 alueruntque.
450 329 519 368 Sic
545 326 822 384 Capitolium,
852 325 990 368 clausis
1011 323 1189 375 foribus,
1218 324 1466 366 indefensum
1493 327 1533 364 &

146 388 391 444 indireptum
414 394 427 410 ²
442 419 455 440 ,
481 391 760 445 conflagravit.

206 451 410 492 LXXII.
443 453 498 493 ID
520 453 675 493 facinus
697 453 781 508 post
803 452 1007 493 conditam
1038 449 1189 491 Urbem
1210 448 1532 491 lueiuofiffimum

144 511 478 570 foedissimumque
503 514 656 572 populo
671 517 862 557 Romano
884 515 1053 556 accidit:
1080 512 1194 554 nullo
1210 526 1377 553 externo
1392 514 1502 553 hoste
1516 541 1530 563 ,

143 579 328 633 propitiis
342 607 355 629 ,
380 578 406 617 sl
421 593 492 634 per
508 593 638 620 mores
654 579 806 619 nostros
822 578 963 619 liceret
978 608 990 629 ,
1015 577 1098 618 deis
1110 606 1124 627 ,
1148 575 1283 616 sedem
1301 576 1413 619 Jovis
1431 577 1532 631 opti-

144 640 227 690 mi,
247 643 435 692 maximi,
460 642 664 698 auspicato
684 657 705 682 a
731 639 972 693 majoribus,
990 642 1134 697 pignus
1150 639 1308 695 imperii
1330 643 1340 666 ³
1359 668 1371 689 ,
1389 638 1533 678 condi-

143 714 225 743 tam
238 732 251 754 ,
273 719 391 758 quam
413 719 496 744 non
510 705 683 746 Porsena
710 704 843 745 dedita
866 703 971 745 Urbe
995 709 1011 732 4
1025 734 1038 754 ‚
1070 717 1198 757 neque
1219 700 1330 743 Galli
1349 699 1465 756 capta
1489 705 1502 732 5
1520 730 1533 750 ‚

143 776 337 807 temerare
370 767 587 823 potuissent
600 798 613 818 ,
645 768 779 808 furore
803 768 1036 823 Principum
1065 765 1267 807 exscindi!
1300 764 1462 804 Arserat
1493 766 1534 803 ὅ(

143 828 236 869 ante
252 828 502 886 Capitolium
519 830 630 873 civili
646 829 756 872 bello
779 829 795 852 ⁶
806 861 820 882 ,
841 830 908 871 sed
924 829 1060 870 fraude
1077 826 1252 885 privata:
1277 843 1383 868 nunc
1401 825 1536 883 palam

145 890 340 933 obsessum
353 922 368 944 ,
393 892 524 950 palam
543 894 774 936 incensum:
801 892 943 949 quibus
962 907 1162 933 armorum
1180 891 1301 932 causis
1317 893 1330 929 ?
1355 905 1436 944 quo
1452 903 1535 930 tan-

143 968 191 995 tae
207 954 330 998 cladis
346 958 476 1013 pretio
491 958 622 999 stetit?
647 973 720 1014 pro
737 956 863 1014 patria
878 955 1116 998 bellavimus
1132 957 1145 996 ἓ
1171 956 1352 996 Voverat
1366 953 1536 1008 Tarqui-

145 1108 234 1131 erant
243 1100 384 1132 instrue‘ta
393 1124 402 1138 ,
413 1101 486 1132 teste
496 1101 650 1141 Dionyfio
661 1102 819 1134 Halicarn.
859 1101 918 1131 deis
930 1102 942 1139 (
955 1100 1025 1130 mira
1044 1109 1087 1129 res
1104 1099 1199 1135 dieta)
1214 1098 1332 1138 restitere
1352 1097 1492 1127 Juvenras
1503 1096 1535 1127 ὓ*

145 1140 357 1179 libr.1V‚cap.
371 1142 528 1172 61.Forte
544 1141 648 1171 aedibus
661 1142 742 1172 dixit
758 1143 820 1173 Ta·
857 1141 1013 1170 Terminus.
1028 1139 1140 1169 Placuit
1152 1137 1262 1168 vatibus
1284 1138 1459 1166 contumacia
1482 1147 1536 1166 nu-

143 1179 225 1210 citus
238 1202 248 1216 ‚
262 1180 349 1219 quod
361 1179 414 1210 sub
433 1181 547 1211 eodem
560 1182 685 1212 tecto&
703 1182 820 1220 pinna·
859 1181 980 1209 minum:
1001 1178 1135 1219 siquidem
1147 1177 1233 1217 firma
1255 1177 1347 1206 onznia
1370 1176 1399 1206 [³-
1430 1184 1536 1206 aeterna

143 1218 243 1262 culo)
265 1219 548 1260 communibusque
578 1220 725 1251 lateribus
760 1229 820 1252 tres
856 1219 1065 1257 pollicebantur.
1088 1216 1144 1247 Sed
1165 1216 1232 1247 illud
1254 1215 1415 1245 horrendum
1434 1240 1442 1253 ,
1465 1215 1535 1254 qudd

141 1265 383 1289 continerentur
400 1259 498 1293 aedes,
513 1260 602 1290 Jovis
619 1270 752 1299 nempe,
767 1263 821 1291 Ju-
858 1258 1030 1289 molientibus
1049 1256 1152 1294 aedem,
1172 1257 1201 1286 in
1217 1255 1411 1293 fundamentis
1433 1256 1534 1284 huma-

143 1296 239 1328 nonis
261 1298 296 1328 δί
313 1298 480 1335 Minervae,
503 1299 577 1330 teste
604 1300 717 1330 eodem
738 1300 820 1331 Dio-
859 1309 922 1327 num
952 1306 1085 1335 repertum
1106 1296 1142 1335 est
1163 1305 1255 1333 caput.
1284 1295 1347 1325 Ner
1373 1294 1534 1324 dubitavere

144 1336 234 1376 nyfio
254 1337 452 1368 Halicarnass'.
467 1339 530 1370 loc.
552 1338 607 1369 cit.

185 1381 193 1396 ¹
218 1378 350 1412 AQUILAE
364 1379 377 1414 ]
396 1378 488 1410 Αἐτὲς
503 1387 631 1417 quoque
649 1378 767 1417 aquilas
779 1378 819 1408 il·
849 1377 943 1416 fidem
954 1401 963 1414 ‚
978 1385 1109 1415 caputque
1126 1385 1259 1404 terrarum
1269 1383 1437 1410 promittere.

143 1415 189 1447 las
219 1415 326 1460 dixere
350 1417 461 1447 Graeci.
490 1417 677 1456 Fastigiurn‚
698 1417 722 1446 le
737 1417 820 1454 fron-
897 1422 912 1441 4
931 1417 1059 1446 ΒεοιτΑ
1085 1417 1170 1446 URBE
1196 1415 1211 1452 ]
1244 1413 1390 1444 Oratorie
1420 1412 1536 1451 magis,

142 1463 209 1499 ton,
224 1454 398 1495 fastigiique
416 1457 530 1487 decora
554 1457 664 1487 statuas>
673 1456 819 1497 lignaque

142 1493 332 1538 sustinebant
346 1495 468 1540 aquilae.
492 1497 555 1527 Cur
571 1496 682 1536 ligneae
702 1497 820 1528 fuerint

145 1534 241 1564 docet
256 1535 417 1566 Vitruvms
430 1536 492 1572 111,
511 1547 541 1566 2.
561 1535 596 1564 In
610 1535 758 1575 araecstylis
772 1547 819 1565 au-

143 1582 216 1617 tem,
231 1582 282 1602 nec
297 1572 430 1611 lapideis,
451 1585 501 1604 nec
524 1575 683 1605 marmoreis
692 1575 819 1615 epistyliis

143 1621 183 1642 utt
205 1611 287 1642 datur
299 1635 308 1649 ‚
327 1611 371 1649 sed
388 1613 557 1650 imponendae
580 1614 613 1644 de
627 1615 745 1644 materia
757 1624 820 1644 tra-

143 1651 191 1682 bes
209 1661 346 1689 perpetuae
359 1662 371 1687 ,¹
404 1652 434 1683 ὓ·
457 1654 574 1693 ipsarum
596 1653 694 1683 aedium
711 1655 819 1693 species

133 1692 205 1732 Junt
218 1691 326 1731 barycae
336 1715 345 1729 ‚
361 1691 566 1733 barycephaloe,
579 1693 694 1722 humiles
705 1717 713 1731 ,
726 1694 791 1724 larae
806 1706 818 1730 ;
857 1692 990 1723 toribus.
1004 1691 1068 1730 lpse
1095 1700 1132 1721 ue
1143 1690 1271 1720 Tacitus
1285 1689 1397 1719 Annal.
1409 1689 1468 1725 XI,
1482 1699 1535 1726 24,

145 1740 332 1776 ornanturque
350 1730 446 1772 fignis
466 1732 601 1771 ficlilibus
624 1756 633 1769 ‚
664 1742 712 1762 aut
737 1743 839 2352 aas}
857 1732 921 1762 ait:
938 1730 1033 1769 Tuscis
1062 1729 1163 1769 ostdes
1185 1728 1317 1758 dedimus.
1337 1727 1463 1759 Viribus
1487 1735 1536 1758 ta-

859 1337 966 1375 cunfli,
994 1336 1138 1376 monstrum
1162 1335 1371 1379 pulcherrimum
1387 1357 1396 1371 ‚
1428 1333 1536 1371 imperii

859 1457 952 1496 quam
965 1455 1108 1485 historice
1129 1455 1255 1485 dieium.
1268 1453 1402 1483 Porsena
1413 1476 1420 1488 ,
1433 1452 1536 1482 Etrus-

859 1505 969 1526 corum
991 1505 1065 1531 rex,
1088 1494 1264 1524 Janiculum
1287 1492 1414 1532 quidem
1443 1502 1537 1522 occu-

858 1535 945 1574 pavit
960 1559 969 1571 ,
987 1533 1056 1573 ipsis
1079 1533 1170 1563 Urbis
1197 1531 1339 1563 faucibus
1367 1530 1511 1574 incubuit
1525 1552 1535 1566 ,

859 1574 980 1606 obfides
996 1573 1133 1611 accepit:
1161 1579 1192 1603 at
1219 1582 1285 1602 non
1306 1571 1411 1601 dedita
1435 1570 1536 1606 Urbs,

858 1623 892 1644 ut
909 1621 992 1653 patet
1008 1623 1047 1643 ex
1060 1613 1157 1643 Floro
1172 1613 1205 1648 1,
1228 1622 1273 1641 10.
1291 1610 1422 1649 aliisque
1442 1608 1535 1639 Lati-

858 1653 905 1683 nis
924 1652 1099 1690 Graecisque
1119 1652 1268 1681 Romanae
1290 1649 1421 1679 historiae
1444 1648 1536 1687 scrip-

141 1770 284 1800 inauratts
307 1771 522 1812 earumfafligia
535 1796 543 1809 ,
566 1771 717 1811 Tuscanico
727 1783 818 1810 more,
856 1781 930 1802 men
949 1770 1007 1801 suis
1019 1770 1164 1809 superbus
1176 1768 1308 1799 Porsena
1321 1768 1404 1806 leges
1420 1768 1535 1798 Roma-

142 1811 184 1839 utz‘
207 1809 242 1849 est
257 1809 294 1838 ad
313 1809 425 1840 Circum
445 1813 594 1841 maximum
608 1835 616 1847 ‚
639 1811 768 1849 Cereris,
788 1812 818 1842 Cr
857 1811 904 1841 nis
925 1809 1107 1846 constituit,
1126 1808 1210 1839 unde
1238 1806 1355 1837 Plinius
1378 1808 1510 1838 XXXIV
1523 1830 1534 1843 ,

143 1848 272 1879 Herculis
288 1849 467 1889 Pompeiani,
493 1851 557 1880 item
585 1851 726 1888 Capitolii.
745 1853 818 1883 Por-
861 1861 906 1889 ¹4·
924 1849 956 1879 In
965 1848 1071 1886 faedere
1083 1869 1091 1883 ,
1110 1846 1178 1887 quod
1190 1869 1199 1883 ‚
1213 1846 1328 1885 expuffls
1345 1845 1470 1884 regibus,
1481 1855 1535 1882 po-

143 1888 223 1920 ticus
241 1889 352 1929 templi
368 1891 456 1922 Jovis
477 1891 671 1930 Capitolini,
691 1891 818 1931 ejusque
855 1889 917 1927 pulo
941 1889 1064 1918 Romano
1094 1886 1168 1916 dedit
1195 1886 1314 1925 Porsena
1328 1909 1336 1922 ,
1370 1885 1534 1914 nominarim

145 1927 298 1968 fastigium
321 1928 412 1968 {ignis
435 1939 580 1962 ornatum
603 1930 699 1962 exstat
713 1931 746 1962 in
762 1933 818 1962 Pe·
857 1928 1070 1968 comprehensum
1091 1926 1267 1964 invenimus,
1289 1935 1324 1954 ne
1339 1923 1417 1962 ferro
1432 1923 1484 1964 nist
1503 1924 1534 1955 in

144 1967 218 1999 tiliae
237 1967 361 1999 familiae
383 1969 512 2010 aliisque
533 1970 684 2000 nummis.
857 1969 920 2010 agri
937 1968 1009 1997 cultu
1035 1976 1186 1996 uterentur-

183 2011 195 2024 ²
218 2008 420 2040 Iunmizerum
435 2010 449 2046 ]
478 2010 550 2040 Haec
579 2009 686 2041 omnia
715 2011 819 2040 turbat

143 2046 309 2091 Josephus‚
330 2046 470 2092 falsoque
484 2057 603 2086 narrar,
628 2049 818 2081 Vitellianos

144 2086 262 2130 milites
276 2109 284 2121 ,
299 2088 404 2119 occiso
415 2088 533 2119 Sabino
544 2112 552 2125 ,
564 2088 819 2120 donariaomnia

144 2125 302 2162 diripuisse
320 2149 345 2162 ,.
365 2128 580 2167 templumque
621 2128 818 2159 succendisse.

142 2164 250 2196 Σκῖἷνος
277 2166 392 2202 ἀναχθεὶς
427 2167 467 2197 ivr}
496 2167 640 2197 Οὐϊτέλλιον
666 2171 818 2218 ἀναιξέἷτοᾳ,

144 2203 329 2242 &aporia-aslis
347 2220 373 2236 τε
397 2207 417 2236 oi
440 2209 570 2246 rpoe‘lto'iraq
590 2207 624 2236 τὲι
649 2209 818 2245 &iacentum-oe,

143 2243 166 2276 ’ἳ-
180 2244 232 2274 mbv
253 2247 409 2284 ὲμπιπρῶσι.
429 2246 553 2286 Joseph.
567 2246 644 2276 Bell.
667 2247 736 2278 Jud.
757 2248 820 2284 lV,

134 2293 159 2315 ,ι
171 2293 198 2313 1·
214 2294 299 2314 num.
317 2295 346 2321 4.
860 2283 943 2314 cerni
957 2282 1046 2314 causei
1059 2306 1068 2319 ‚
1084 2280 1300 2321 conflagravit.
1322 2281 1357 2309 ’ro'
1374 2294 1399 2309 τε
1416 2277 1537 2308 Kam‘lai-

185 2327 196 2349 3
220 2322 333 2354 PIGNUS
356 2324 820 2360 1MPER11]RemillustratFlo-
861 2333 912 2353 λων
937 2323 983 2352 ὀπὶ
1005 2327 1051 2352 τῶν
1074 2321 1194 2351 Cau-mim
1219 2319 1391 2359 rerfficicoat'oss
1409 2333 1446 2348 πε
1464 2317 1536 2355 πρό·

147 2371 196 2391 rus
214 2363 248 2399 1,
263 2373 293 2401 7.
312 2363 502 2402 Tarquinius
523 2365 676 2403 Superbus
705 2363 736 2392 de
758 2373 819 2392 ma-
862 2365 914 2393 ιθεν
933 2362 999 2392 ’ἔτεσι
1021 2360 1139 2401 ῃῖυόμῖυον
1159 2362 1307 2399 ἔνεπρνῖτθη)
1330 2360 1372 2395 &i
1391 2353 1540 2423 Tibm'ffii'

1528 2416 1537 2427 O

149 2399 241 2429 nubiir
261 2410 402 2439 captarum
428 2402 533 2432 urbium
559 2402 684 2439 templum
709 2403 797 2432 erexit
811 2425 819 2438 ,
862 2402 1038 2435 ὲδὲιςὲπενέᾴ.
1061 2401 1194 2442 Appian-
1216 2400 1295 2432 Bell.
1315 2397 1412 2428 Civil.
1427 2397 1496 2426 libr.

149 2438 220 2480 quod
232 2441 290 2471 cum
303 2442 537 2483 inauguraretur,
554 2441 710 2474 cedentibus
723 2442 821 2473 ceteris
861 2452 930 2483 pag.
947 2452 1020 2482 400.

898 2014 907 2036 5
933 2010 1042 2039 Capria
1066 2011 1076 2041 ]
1099 2007 1147 2036 De
1177 2005 1260 2035 Urbe
1277 2014 1295 2035 a
1318 2003 1417 2034 Gallis
1441 2002 1536 2042 captia

859 2047 975 2079 dierum
995 2047 1082 2086 supra
1099 2045 1211 2075 Annal.
1234 2045 1274 2073 XI
1287 2067 1295 2079 ,
1313 2054 1348 2081 23
1365 2044 1400 2074 ὃ(
1413 2053 1463 2078 24.

896 2088 910 2107 ⁶
932 2089 1044 2119 C1vn.1
1068 2089 1186 2118 Bau-o]
1207 2083 1306 2114 Civili
1325 2083 1412 2113 bello
1428 2081 1535 2121 Sylla-

858 2137 919 2163 no,
937 2137 1001 2166 quo
1019 2136 1103 2156 anno
1123 2123 1214 2154 Urbis
1237 2122 1372 2153 conditae
1391 2132 1534 2157 ncrxxr,

857 2165 1006 2204 Scipione
1019 2166 1053 2196 8<
1067 2164 1222 2195 Norbano
1239 2161 1418 2193 consulibus
1429 2184 1437 2195 ‚
1453 2160 1536 2204 inter

859 2214 961 2236 cetera
982 2204 1086 2235 civilis
1108 2202 1186 2233 belli
1211 2208 1378 2241 portenta,
1406 2202 1536 2244 Cap1ro-

860 2244 937 2274 lium
946 2268 954 2281 ,
966 2243 1158 2283 privatorum
1175 2241 1340 2273 hominum
1351 2240 1457 2270 fraude
1468 2263 1476 2274 ‚
1489 2248 1536 2268 in-

1238 2479 1366 2533 Ccij

1558 271 1673 289 ς

1557 306 1673 332 A.u.c.

1579 356 1650 385 822.

1581 407 1603 431 J.
1615 406 1647 431 C.

1588 456 1641 491 69.
