2209 3047
348 172 431 214 AD
452 172 677 214 LIBRUM
703 171 778 212 III.
805 169 949 212 HIST.
974 171 1022 212 C.
1049 171 1230 214 CORN.
1260 174 1470 217 TACITI.
1519 190 1604 230 455

277 248 323 286 IN
354 262 458 286 FAMA
489 252 713 296 rizonr‘rro]
734 247 789 285 Ita
808 247 885 285 Mff.
903 246 1002 283 Flor.
1019 247 1121 284 Harl.
1140 249 1248 286 Bodl.
1267 250 1333 289 Jes.
1353 251 1466 288 Corb.
1487 251 1610 290 Guelf-

223 300 442 338 Puteolanus
462 303 496 336 ὃς
516 299 598 336 libri
620 313 744 337 ornnes
763 298 887 348 postea
905 296 1005 335 editi.
1022 297 1066 332 In
1085 298 1152 336 ΜΓ.
1171 299 1259 350 Reg.
1283 305 1316 338 ὃς
1335 302 1497 339 editione
1517 304 1614 351 prin-

223 350 327 399 cipe,
349 351 484 398 infamia
495 351 649 396 prodidit.
670 349 737 386 Ms.
758 351 843 398 Agr.
867 348 981 398 primii
997 360 1103 384 manu
1118 376 1127 391 ,
1148 351 1283 396 infamia
1301 354 1431 398 prodita
1446 369 1459 388 .·
1479 352 1614 396 alterii,

222 402 353 448 infamis
371 401 523 447 proditio.
551 400 617 436 Ms.
641 399 936 442 Mirandulanus,
965 408 1024 434 aut
1051 398 1172 447 potius
1205 402 1439 450 Marquardus
1474 404 1612 440 Frehe-

223 463 282 487 rus
296 479 306 494 ‚
327 453 371 486 rei
390 451 486 497 fama
506 451 622 486 didita.
644 449 741 488 Ferri
763 447 881 498 potest
904 448 1049 499 vulgata
1071 448 1256 498 scriptura.
1278 453 1388 489 Forte
1413 465 1531 490 tamen
1549 453 1614 489 ali-

222 500 313 550 quid
339 500 418 537 vitii
443 500 505 537 hic
527 501 643 537 latitat
658 528 667 544 ,
697 499 851 536 maxime
878 499 960 534 cum
984 512 1069 535 mox
1093 501 1129 535 ξφ
1152 510 1234 537 ante
1257 513 1415 538 recurrens
1441 502 1615 543 defideree

221 560 291 587 tur.
321 550 437 598 Quod
461 551 518 587 Cl.
546 550 693 587 Ernesto
718 551 788 597 jam
813 548 1052 587 observatum.

277 602 447 638 CUNCTA
477 605 620 646 srmuL]
645 599 830 636 Acidalius
848 599 990 643 mallet,
1008 601 1122 637 ειιηὲῗί.
1140 600 1187 637 Et
1200 599 1329 637 merito
1346 602 1502 650 quidem.
1519 604 1612 642 Mox

221 651 320 690 enim
343 664 422 700 cap.
449 651 521 701 seq.
549 654 625 686 Haec
639 649 791 698 finguli‚
821 651 883 684 hirc
911 650 1059 698 universi.

272 702 365 738 Huc
394 713 583 737 cEcmlsSE
611 703 628 746 ]
653 699 773 736 Placet
791 698 965 744 Heinsio,
991 702 1048 735 huc
1071 700 1217 749 recidisse.
1235 699 1314 737 Nec
1338 700 1530 739 immerito.
1550 704 1610 742 Sic

221 751 326 800 suprit
348 750 482 786 Annal.
509 749 588 794 III,
617 761 679 797 59.
705 752 774 785 Huc
797 751 932 797 recidiffe
957 752 1078 786 cundia.

273 799 504 837 GERMANICI
533 812 749 838 Exmzcvrus
776 804 793 846 ]
825 799 923 835 Male
952 801 1030 837 ΜΠ.
1064 800 1167 836 Harl.
1203 799 1270 837 Jes.
1299 802 1334 836 δε
1361 800 1579 838 Puteolanus
1600 828 1615 848 ,

220 851 389 888 Germani.

274 900 449 937 VrNcTAs
476 912 608 936 MANUS
635 903 652 944 ]
679 900 777 937 Bene
800 899 995 936 Rhenanus
1019 902 1052 937 ὃς
1074 899 1318 937 Recentiores.
1345 898 1389 937 In
1423 898 1491 936 Ms.
1522 898 1613 951 Reg.

219 954 256 990 ὃς
282 950 462 988 veteribus
491 949 735 994 editionibus,
760 953 886 997 junHas
910 964 1033 988 manus.

274 1002 384 1048 Quos
413 1013 547 1037 TAMEN
578 1004 596 1046 ]
625 999 724 1037 Male
746 1001 962 1045 Rhenanus,
989 1015 1062 1050 quos
1090 1013 1156 1036 tum
1180 1002 1288 1047 iisdem
1313 1002 1430 1047 campis
1452 1001 1531 1037 illis.

274 1051 366 1087 ToT
397 1062 646 1088 ARMATORUM
676 1063 809 1088 rvrrLLrA
839 1056 856 1097 ]
882 1050 936 1087 Ita
959 1051 1036 1087 Mss]
1063 1050 1164 1086 Harl.
1185 1050 1293 1087 Bodl.
1312 1050 1379 1087 Jes.
1403 1049 1524 1087 Guelf.
1546 1050 1614 1086 Pu-

220 1101 408 1145 teolanus,
435 1104 469 1138 &
492 1100 737 1138 Recentiores.
762 1102 791 1137 Α
817 1100 895 1137 Mss.
920 1102 1010 1151 Reg.
1033 1100 1132 1138 Flor.
1162 1101 1254 1137 Bud.
1279 1101 1366 1149 Agr.
1389 1103 1422 1136 ὃς
1453 1099 1616 1142 editione

222 1151 388 1201 principe
412 1151 530 1196 abest,
562 1164 620 1187 tot.
644 1150 736 1189 Inde
769 1151 860 1188 illud
884 1151 1034 1188 omisere
1063 1151 1225 1201 Ryckius
1247 1154 1280 1187 &
1310 1150 1535 1187 Gronovius.
1563 1151 1617 1188 At

221 1201 352 1239 melius
374 1201 557 1238 retinetur.

274 1251 433 1288 Donum
464 1264 681 1288 DARENTUR
712 1253 724 1299 ]
755 1251 820 1288 Ms.
844 1251 951 1288 Bodl.
975 1252 1068 1287 dono.

275 1302 551 1339 ABSTULERINT
579 1305 597 1348 ]
626 1302 691 1338 Ms.
717 1302 830 1339 Corb.
856 1302 1021 1349 abstulere.

273 1351 406 1388 ΕΤΙΑΜ
434 1364 626 1388 MILITIBUS
657 1364 868 1388 PRINClPEM
898 1361 1105 1393 Atintanis,
1135 1361 1251 1386 Lien-r
1277 1360 1472 1387 1NTEGR0s
1498 1353 1517 1396 ]
1558 1350 1616 1388 Ita

222 1401 369 1450 quidem
393 1401 469 1438 Mss.
497 1405 531 1438 &
552 1401 635 1437 libri
666 1414 791 1438 omnes
813 1401 913 1438 editi.
944 1399 1217 1436 Tantummodo
1241 1400 1279 1435 in
1305 1400 1379 1436 ΜΠ.
1404 1399 1500 1436 Flor.
1523 1398 1613 1450 Reg.

223 1451 338 1489 Corb.
361 1455 395 1488 &
419 1451 582 1489 editione
602 1450 768 1500 principe
790 1464 858 1501 pro
883 1453 953 1486 licet
974 1450 1105 1500 legitur
1131 1452 1230 1487 litem.
1252 1451 1343 1485 Haec
1368 1450 1450 1486 curn
1471 1450 1563 1486 inter
1581 1451 1618 1487 se

221 1515 300 1539 non
328 1502 536 1539 cohaereant
553 1529 563 1546 ‚
599 1503 787 1545 Ferrems,
822 1500 958 1550 Lipsius
982 1499 1202 1549 Grotiusque
1237 1500 1491 1550 corrigebant,
1521 1503 1618 1536 etiam

222 1554 341 1588 milites
366 1553 518 1600 auferre,
549 1554 621 1588 licet
646 1555 784 1600 integros
810 1554 876 1587 διε.
894 1550 954 1587 Sic
981 1562 1127 1601 quoque
1154 1549 1262 1586 vertit
1293 1549 1351 1588 Cl.
1377 1550 1581 1587 Davanzati
1608 1563 1619 1587 :

222 1604 319 1641 Voler
343 1602 433 1651 Baffo
451 1629 460 1646 ,
489 1617 503 1638 e
526 1605 638 1638 Cecina
654 1603 753 1650 fhpra
779 1603 806 1636 le
831 1602 897 1649 case
913 1629 922 1645 ,
947 1601 1115 1650 giardini,
1142 1614 1157 1635 e
1186 1612 1274 1636 tante
1301 1602 1422 1650 richeſje
1450 1604 1552 1648 rapite
1583 1601 1619 1636 al

223 1653 390 1698 Principe,
407 1654 504 1701 torgli
528 1654 624 1688 anche
645 1656 656 1688 i
678 1653 801 1700 Jbldati
817 1678 826 1693 ‚
863 1664 1066 1700 quantunque
1092 1664 1130 1685 no
1166 1654 1336 1685 menomati
1352 1678 1361 1694 ‚
1390 1664 1427 1686 ne
1452 1651 1574 1698 feriti,
1603 1664 1620 1687 e

221 1704 284 1739 vili
307 1702 463 1750 allisteffi
480 1704 662 1739 Flaviani:
687 1717 701 1738 e
727 1704 778 1738 che
798 1702 1066 1750 risponderehbero
1088 1715 1106 1737 a
1132 1701 1179 1735 chi
1196 1701 1393 1749 domandaſje
1413 1701 1444 1736 di
1465 1702 1512 1735 lor
1526 1703 1620 1748 pros-

217 1755 350 1800 perita,
378 1766 393 1788 o
418 1754 611 1801 amterfitd?
635 1752 695 1789 Sic
719 1752 766 1789 Cl
788 1752 945 1789 Gordon
971 1751 1104 1801 aliique
1129 1750 1260 1799 optimi
1287 1750 1497 1799 interpretes
1513 1778 1522 1794 ,
1559 1750 1620 1788 sed

222 1816 300 1840 non
319 1803 445 1840 eadem
462 1803 649 1842 brevitate.
667 1803 795 1841 Manet
813 1815 932 1840 tamen
954 1802 1164 1843 difficultas,
1187 1814 1303 1851 neque
1324 1801 1403 1837 hcec
1423 1814 1505 1837 curn
1527 1813 1620 1850 prae-

223 1853 437 1890 cedentibus
460 1854 541 1890 satis
565 1866 732 1891 connexa
748 1881 758 1898 ,
786 1855 859 1889 licet
889 1857 1092 1902 integros...
1131 1852 1300 1887 Flavianis
1326 1865 1444 1900 quoque
1471 1853 1620 1899 partibus

223 1906 317 1942 viles.
346 1903 485 1941 Frustra
505 1905 661 1942 tentavit
685 1904 715 1941 J.
742 1906 781 1939 F.
808 1903 1046 1948 Gronovius,
1075 1905 1171 1938 etiam
1201 1903 1318 1937 milites
1347 1902 1496 1950 auferre,
1528 1902 1620 1937 dedi-

224 1965 273 1990 τος
290 1982 300 1999 ,
326 1957 463 2004 integros
486 1958 553 1992 δίε.
579 1960 614 1992 &
637 1955 712 1992 JaC.
734 1954 969 1998 Gronovius,
993 1957 1089 1990 etiam
1107 1953 1262 1989 militibus
1282 1955 1459 2000 Principem
1481 1953 1623 2000 auferre.

225 2005 277 2040 Sic
302 2006 339 2041 ἔπ’
361 2008 500 2053 integros
524 2007 780 2054 incruentofilue,
811 2007 981 2041 Flavianis
1008 2018 1127 2054 quoque
1145 2004 1292 2051 partibus
1320 2004 1400 2038 viles
1416 2029 1424 2044 ,
1454 2002 1529 2051 quid
1556 2003 1624 2038 dic-

227 2065 314 2091 turos
334 2059 401 2094 &c.
424 2055 579 2092 Minime
600 2055 824 2093 Corneliana
843 2055 924 2092 sunt
946 2056 1065 2091 deditos
1081 2081 1090 2091 .
1108 2083 1116 2091 .
1138 2082 1146 2091 .
1164 2081 1172 2090 .
1193 2054 1242 2101 fic
1259 2055 1296 2089 ξφ
1317 2056 1470 2101 integros.
1493 2052 1622 2101 Itaque

228 2104 312 2141 cum
338 2105 468 2154 optimi
491 2106 571 2143 ΜΠ.
594 2109 628 2143 &
655 2106 770 2144 editio
802 2107 970 2155 princeps
992 2106 1148 2142 habeant
1184 2106 1272 2140 litem
1296 2116 1365 2153 pto
1390 2104 1483 2146 licet,
1518 2106 1550 2139 δι
1584 2102 1623 2138 in

227 2155 410 2192 veteribus
427 2155 525 2193 libris
544 2158 642 2206 ,quid
659 2158 796 2193 difluros
820 2169 841 2192 a
867 2156 1110 2205 superioribus
1133 2167 1209 2191 non
1236 2153 1302 2190 fint
1326 2154 1483 2203 separata
1499 2180 1508 2195 ,
1538 2164 1620 2188 om-

230 2205 322 2242 nino
350 2206 550 2255 probabilis
565 2234 575 2250 ,
606 2208 718 2244 immo
746 2206 936 2244 neceffaria
968 2207 1057 2243 mihi
1082 2204 1225 2243 videtur
1247 2203 1419 2255 scriptura
1442 2202 1507 2240 Ms.
1530 2202 1620 2252 Agr.

228 2259 326 2293 etiam
343 2258 497 2292 militibus
513 2258 690 2304 Principem
707 2259 833 2305 auferre
848 2285 857 2302 ,
875 2259 1018 2304 Principi
1034 2258 1190 2292 militem:
1212 2259 1347 2304 integros
1365 2255 1598 2301 incruento-[ilice
1610 2278 1621 2295 ‚

229 2308 398 2347 Flavianis
427 2321 545 2356 quoque
573 2310 721 2354 partibus
742 2309 847 2352 viles,
876 2308 952 2357 quid
974 2309 1111 2344 diffluros
1143 2309 1211 2343 &c.
1245 2306 1328 2343 Sive
1359 2305 1438 2342 haec
1471 2302 1622 2352 repetita

230 2355 298 2392 fint
319 2357 363 2393 ab
390 2358 514 2407 aliquo
537 2369 658 2396 vetere
682 2358 777 2395 libro
792 2386 802 2401 ‚
831 2358 901 2396 five
925 2359 1087 2395 oriantur
1110 2370 1130 2393 a
1151 2356 1355 2404 conjeflurst
1377 2354 1505 2392 eruditi
1530 2351 1620 2395 viri,

231 2406 296 2457 qui
320 2408 432 2446 multa
452 2409 492 2446 in
516 2409 588 2447 Ms.
614 2410 702 2460 Agr.
727 2408 958 2454 emendavit,
983 2408 1079 2448 certe
1103 2407 1324 2446 Corneliana
1344 2406 1445 2450 sunt,
1478 2406 1511 2440 8(
1539 2415 1623 2442 cum
