2230 3047
452 280 567 295 Ξ

452 318 566 342 ΑΗΗΟ.

475 367 545 394 822.

473 425 497 448 J.
510 426 538 448 C.

482 471 534 505 69.

593 193 651 228 26
810 187 858 227 C.
926 186 1368 229 CORNELII
1431 187 1747 229 TACITI

591 267 826 317 ferendum,
859 272 899 308 &
926 267 1219 310 transtulerunt.
1246 270 1294 310 In
1321 270 1612 311 conscientiam
1638 269 1826 309 facinoris
1853 270 1972 325 pauci

592 331 752 372 adsciti:
775 331 981 388 suspensos
1002 346 1226 374 ceterorum
1240 334 1393 374 animos
1410 333 1568 373 diversis
1584 331 1732 372 artibus
1748 332 1970 373 stimulant.

590 395 782 450 primores
798 394 971 436 militum
985 426 997 447 ,
1025 413 1046 433 (ι
1069 411 1138 452 per
1154 396 1347 437 beneficia
1372 403 1381 418 ¹
1404 396 1645 452 Nymphidii
1661 408 1704 434 ut
1718 395 1914 451 suspe&os
1928 411 1969 435 »z

589 456 734 511 vulgus
758 461 798 498 ὃς
822 473 975 500 ceteros
995 489 1008 509 ‚
1037 458 1092 499 ira
1121 463 1162 500 ὅ(
1185 460 1460 515 desperatione
1484 477 1504 495 «
1528 458 1641 499 dilati
1669 459 1817 498 totiens
1845 459 1969 499 dona-

588 522 695 560 »tivi
714 537 754 560 »:
780 535 890 562 erant
919 537 1018 576 quos
1044 523 1235 563 memoria
1265 525 1468 573 Neronis,
1494 537 1540 563 ac
1571 522 1805 563 desiderium
1825 522 1968 577 prioris

588 583 760 624 licentioe
782 586 1040 626 accenderet:
1061 587 1103 625 in
1127 600 1343 626 commune
1365 601 1503 627 omnes
1522 599 1631 626 metu
1653 584 1848 626 mutandae
1868 584 1969 624 mili-

590 648 652 687 tiae
676 651 690 668 ²
712 648 973 689 terrebantur.

649 710 824 752 XXVI.
859 712 1067 752 INFECIT
1094 727 1140 752 ea
1160 710 1270 752 tabes
1290 710 1498 766 legionum
1521 727 1680 766 quoque
1695 741 1709 762 ,
1737 715 1778 751 ὅ(
1802 709 1968 751 auxilio-

585 787 673 813 rum
688 787 816 815 motas
832 773 910 826 jam
928 788 1079 815 mentes
1095 804 1108 825 ,
1128 775 1331 830 postquam
1347 773 1555 829 vulgatum
1573 789 1655 816 erat
1678 792 1698 811 <c
1720 773 1851 814 labare
1869 776 1967 814 Ger-

585 839 766 878 »manici
788 839 985 878 exercitus
1013 838 1131 878 fidem
1161 855 1204 878 2).
1233 837 1430 891 Adeoque
1462 851 1595 894 parata
1622 838 1727 894 apud
1752 836 1879 877 malos
1906 837 1965 876 se-

587 899 687 940 ditio
700 929 713 950 ,
736 902 855 941 etiam
874 901 979 956 apud
999 901 1176 955 integros
1195 899 1449 941 diffimulatio
1462 901 1538 942 fuit
1551 931 1563 951 ,
1586 915 1630 941 ut
1650 902 1804 956 postero
1821 900 1967 940 Iduum

585 962 649 1003 die
676 968 685 991 ³
704 992 718 1013 ‚
742 963 976 1004 redeuntem
997 978 1018 1003 a
1040 963 1138 1004 cena
1159 964 1369 1004 Othonem
1386 966 1535 1019 rapturi
1549 964 1722 1014 fuerint,
1746 963 1814 1002 nifi
1834 965 1967 1003 incer-

581 1036 623 1066 ta
644 1027 768 1066 nofilis
784 1056 797 1076 ‚
825 1031 865 1067 &
888 1025 974 1067 tota
995 1026 1101 1067 Urbe
1120 1027 1247 1082 sparsa
1266 1026 1440 1066 militum
1462 1028 1609 1077 castra,
1636 1042 1711 1066 nec
1727 1024 1888 1066 facilem
1905 1027 1966 1065 in-

583 1101 644 1128 ter
671 1088 913 1130 temulentos
942 1089 1178 1130 consensum
1210 1089 1451 1130 timuiffent:
1479 1105 1562 1130 non
1586 1088 1814 1145 reipublicae
1842 1087 1965 1138 cura,

581 1166 701 1205 quam
726 1152 876 1193 foedare
898 1153 1094 1208 Principis
1120 1153 1177 1193 sui
1204 1153 1396 1207 sanguine
1427 1152 1547 1192 sobrii
1576 1151 1793 1209 parabant,
1822 1151 1889 1193 sed
1914 1166 1963 1192 ne

580 1228 652 1270 per
673 1214 855 1256 tenebras
869 1245 881 1266 ‚
903 1229 947 1256 ut
968 1215 1131 1270 quisque
1154 1216 1402 1265 Pannonici,
1423 1214 1490 1256 vel
1509 1217 1743 1256 Germanici
1765 1215 1964 1255 exercitus

579 1276 774 1319 militibus
802 1277 958 1319 oblatus
993 1278 1113 1329 esset,
1140 1278 1416 1334 ignorantibus
1440 1277 1662 1334 plerisque,
1689 1293 1762 1334 pro
1795 1278 1966 1318 Othone

581 1339 850 1382 destinaretur.
876 1340 1009 1382 Multa
1034 1343 1277 1398 erumpentis
1310 1342 1515 1382 seditionis
1540 1341 1688 1382 indicia
1705 1371 1717 1392 ,
1750 1355 1819 1396 per
1844 1341 1965 1381 cons-

580 1404 667 1444 cios
690 1404 890 1460 oppreffa:
911 1405 1087 1459 quaedam
1109 1405 1213 1461 apud
1233 1404 1370 1445 Galbae
1393 1419 1504 1444 aures
1524 1405 1724 1460 praefefiius
1741 1405 1857 1444 Laco
1879 1403 1965 1444 elu-

579 1466 646 1516 sit,
670 1468 827 1521 ignarus
844 1467 1075 1508 militarium
1091 1469 1315 1508 animorum
1331 1473 1368 1517 4,
1387 1466 1640 1521 consiliique,
1655 1468 1834 1521 quamvis
1851 1481 1963 1521 egre-

579 1529 663 1583 gii,
697 1530 804 1584 quod
829 1545 910 1572 non
944 1531 1026 1587 ipse
1054 1531 1252 1582 adferret,
1279 1531 1493 1581 inimicus,
1524 1534 1566 1571 ὃ(
1605 1530 1788 1571 adversus
1813 1531 1963 1586 peritos

579 1607 783 1647 pervicax.

645 1655 848 1697 XXVII.
883 1656 1299 1697 OCTAvoDECIMO
1327 1661 1339 1687 5
1365 1655 1563 1697 Calendas
1601 1655 1804 1698 Februarii
1849 1655 1963 1696 sacri-

580 1718 717 1758 ficanti
738 1735 809 1775 pro
832 1719 911 1759 aede
934 1717 1136 1774 Apollinis
1155 1718 1172 1739 ⁶
1193 1718 1357 1770 Galbae‚
1373 1720 1568 1775 haruspex
1587 1718 1814 1759 Umbricius
1839 1735 1860 1754 «
1880 1719 1963 1759 tris

580 1783 667 1822 »tia
695 1796 786 1823 exta
796 1811 811 1833 ,
840 1786 880 1822 ὃ(
910 1783 1095 1823 instantes
1119 1782 1303 1833 insidias,
1333 1798 1379 1823 ac
1413 1783 1674 1824 domesticum
1706 1782 1859 1822 hostem
1886 1787 1900 1809 ⁷
1930 1798 1952 1818 ³>

579 1888 745 1926 Veturius,
768 1889 832 1919 duo
856 1888 1060 1928 manipulares
1080 1889 1251 1928 speculato—

579 1935 643 1962 res,
667 1938 723 1959 nec
757 1928 931 1960 honoribus
959 1929 1144 1959 militaribus
1175 1929 1250 1959 infi-

580 1976 664 2005 gnes.

622 2011 630 2023 ¹
654 2007 850 2043 BENErrcm]
869 2007 917 2036 De
938 2005 983 2037 his
995 2007 1158 2038 beneficiis
1170 2009 1251 2039 dice-

580 2051 632 2074 tur
652 2045 730 2074 infra
746 2045 818 2074 Hist.
840 2047 895 2075 lV.
919 2049 969 2082 48.

622 2088 634 2102 ²
657 2085 824 2114 Muranum
852 2085 991 2115 MILITIAE
1016 2086 1029 2121 ]
1062 2086 1154 2116 Poena
1186 2095 1250 2118 erat

579 2122 722 2153 militaris
749 2124 912 2154 meliorem
936 2123 1081 2154 militiam
1110 2125 1142 2155 in
1166 2127 1250 2157 dete-

580 2162 696 2192 riorem
719 2163 840 2192 mutari.
859 2164 893 2192 ln
907 2163 1020 2207 Digest.
1036 2165 1105 2193 libr.
1125 2166 1248 2201 XLIX,

579 2201 645 2231 Tit.
672 2204 718 2231 16.
752 2203 788 2232 de
813 2203 857 2232 Re
884 2202 1031 2239 militari,
1065 2204 1125 2242 leg.
1155 2214 1181 2242 3.
1211 2216 1249 2235 ex

579 2241 775 2278 Modestino,
802 2240 896 2270 Paenae
921 2242 1035 2270 militum
1052 2242 1156 2281 hujusce
1179 2244 1249 2274 modi

567 2280 660 2324 sum:
680 2280 846 2325 calfigario,
868 2282 1028 2317 pecuniaria
1055 2283 1164 2319 multa,
1192 2294 1249 2312 mu-

579 2329 674 2347 nerum
696 2319 804 2348 ιἠιίιέὶίι)
823 2343 830 2356 ‚
854 2320 959 2349 milisioe
983 2330 1037 2349 ιηιιι
1041 2322 1096 2350 azio
1112 2323 1249 2360 ‚gradsts

578 2357 706 2396 dejefli,
675 2369 688 2387 0
734 2359 913 2400 ignominiosa
943 2360 1031 2398 miffio.
1065 2361 1248 2393 Metuebant

576 2398 751 2435 lraetoriani
774 2399 951 2442 Urbanique
966 2399 1081 2431 milites
1099 2411 1138 2432 ne
1151 2400 1184 2432 in
1196 2403 1247 2434 de-

574 2437 724 2469 teriorem
737 2448 781 2468 m-
772 2437 830 2469 {liti
833 2448 883 2469 xm
895 2440 1053 2472 darentur.

1330 1897 1339 1917 Ξ
1363 1893 1508 1922 Posrrzno
1532 1893 1638 1921 Inuum
1668 1892 1746 1928 Dm]
1774 1889 1959 1934 Legendum

1290 1930 1414 1961 videtur
1439 1930 1528 1967 pridie
1555 1930 1640 1968 Idm-3
1668 1930 1719 1960 die
1749 1941 1784 1960 12
1811 1929 1958 1960 Januarii.

1289 1970 1369 2000 Vide
1389 1971 1488 2000 Notas
1506 1970 1541 2001 δε
1560 1969 1804 2000 Emendationes
1823 1969 1861 2000 ad
1883 1967 1958 1999 Hifl.

1289 2010 1321 2046 1,
1338 2019 1388 2047 27.

1327 2053 1342 2072 4
1363 2051 1544 2078 Ammonos«
1560 2050 1573 2085 ]
1593 2047 1724 2092 Quippe
1735 2047 1789 2087 qui
1808 2057 1845 2078 ex
1863 2046 1958 2077 adses-

1288 2088 1356 2118 sore
1376 2087 1479 2118 faetus
1488 2087 1586 2117 fuerat
1604 2087 1860 2125 praetorianorum
1880 2097 1957 2123 prae-

1288 2127 1383 2158 feerus
1404 2150 1413 2163 ,
1440 2134 1473 2156 ut
1503 2126 1618 2156 dicium
1639 2127 1678 2157 est
1698 2127 1731 2156 in
1754 2126 1957 2164 Supplemen-

1288 2175 1322 2196 to
1337 2166 1448 2196 Annal.
1466 2167 1559 2201 XVI,
1579 2169 1630 2201 96.

1330 2210 1338 2232 5
1363 2208 1630 2237 OcTAvonficlmo
1648 2205 1662 2241 ]
1683 2204 1743 2235 Die
1760 2214 1791 2238 15
1809 2203 1956 2242 Januarii.

1327 2246 1340 2264 ⁶
1363 2246 1425 2275 PRo
1451 2256 1516 2274 ΜΕ
1536 2246 1732 2281 Arm-urus]
1756 2246 1832 2281 Quae
1847 2243 1955 2273 eratin

1287 2292 1396 2315 monte
1421 2283 1561 2314 Palatino
1584 2283 1726 2352 ipsocqlue
1733 2283 1898 2313 Caesarum
1902 2292 1956 2320 pa-

1287 2324 1376 2353 latio.
1397 2323 1476 2354 Vide
1500 2323 1548 2353 Cl.
1564 2323 1641 2352 Bian
1685 2333 1750 2359 ini,
1773 2321 1815 2350 del
1833 2321 1954 2361 palazzo

1287 2362 1318 2391 de
1335 2362 1448 2400 Cefizri,
1471 2372 1536 2400 cap.
1558 2366 1586 2392 6.
1607 2372 1672 2401 pag.
1690 2366 1739 2391 161
1759 2361 1892 2399 &seqq

1324 2407 1337 2425 7
1359 2386 1574 2432 Domimcum
1599 2411 1722 2431 HOSTEM
1742 2403 1754 2438 ]
1771 2402 1898 2430 Sueton.
1920 2398 1954 2429 in

1287 2441 1386 2472 Galba
1404 2442 1495 2479 XIX,
1513 2440 1757 2480 Priaszeroqurm
1771 2438 1954 2477 occidamur,

2027 526 2049 572 5

2001 851 2051 877 10

1994 1478 2048 1505 20
