2209 3047
621 189 707 236 362
822 177 1038 219 NOTAE
1090 173 1175 214 ET
1222 171 1811 217 EMENDATroNEs

671 259 750 292 JAM
779 254 1071 297 ADFEREBANT]
1105 250 1210 287 Solus
1246 248 1406 298 Ryckius
1431 261 1450 285 e
1476 247 1542 284 suo
1570 248 1638 285 Ms.
1665 249 1754 298 Agr.
1780 251 1921 296 edidit,
1953 257 2001 303 of-

612 308 933 391 ferabgmrixsrmio
953 356 970 398 ]
992 352 1046 388 Ita
1064 351 1139 388 Mss'.
1164 351 1259 387 Flor.
1277 350 1363 399 Reg.
1377 348 1490 386 Corb.
1507 349 1622 385 editio
1645 349 1811 397 princeps
1830 352 1862 385 &
1878 362 2000 389 recen-

618 405 740 442 tiores.
753 405 795 441 In
815 404 894 440 Mss.
915 402 1017 439 Harl.
1038 402 1143 439 Bodl.
1164 401 1229 438 Jes.
1248 414 1290 437 ae
1306 398 1542 443 Puteolanus,
1562 399 1750 447 &fastidia
1774 400 1811 436 A
1824 399 1889 436 Ms.
1910 400 2000 452 Reg.

617 455 714 493 abest
737 456 772 491 &r
786 465 869 492 ante
889 454 1013 500 inrifiu'.

665 556 771 593 CAP.
801 556 903 592 VIII.
933 554 1042 591 Piera
1070 564 1230 589 Aitrrssus
1257 555 1275 596 ]
1310 550 1464 587 Faernus
1485 553 1518 587 ἅς
1550 549 1617 586 Ms.
1644 551 1733 600 Agr.
1762 554 1849 597 pacis
1874 553 1995 588 artibus

614 607 733 641 clarus.
751 605 1102 651 Heinsrus‚pacispar
1119 604 1252 637 artibus.
1275 601 1325 637 At
1342 600 1485 637 retineri
1509 599 1626 650 potest
1647 602 1793 651 vulgata
1814 601 1996 651 scriptura.

613 655 756 704 Nempe
783 656 832 692 ob
861 655 960 704 pacis
976 665 1064 689 artes
1087 663 1160 689 erat
1176 651 1280 687 bellis
1293 650 1507 698 inexpertus.

668 705 802 741 BELLis
834 707 1104 748 mnxpmzrus]
1136 702 1190 737 Ita
1218 700 1295 736 ΜΠ.
1325 699 1502 738 editiones
1535 710 1670 738 veteres
1703 704 1737 737 &
1764 702 1994 739 recentiores

614 754 807 791 Rhenanus
821 781 829 796 ,
855 757 929 789 belli
947 759 1140 799 inexpertus.

667 805 872 840 GERMANIS
902 814 1148 839 EXERchmus
1167 805 1183 847 ]
1211 801 1308 836 Bene
1330 800 1408 836 Mss.
1431 802 1520 850 Reg.
1535 801 1643 837 Corb.
1660 800 1851 838 Rhenanus
1874 805 1908 838 &
1924 801 1993 838 Re-

611 854 800 890 centiores.
819 853 862 888 In
883 854 956 889 Mis.
979 852 1079 888 Harl.
1105 851 1171 888 Jes.
1185 855 1217 887 &
1234 850 1412 887 veteribus
1429 850 1650 886 editionibus
1665 879 1674 893 ‚
1693 852 1846 886 Romanis
1869 856 1991 887 exerci-

609 905 705 939 tibus.
734 904 775 938 In
799 903 958 951 margine
981 902 1048 938 Ms.
1077 901 1180 938 Harl.
1196 900 1424 938 emendatum
1440 902 1620 937 Germanis.
1644 901 1688 936 In
1712 900 1780 936 Ms.
1801 901 1888 950 Agr.
1915 903 1992 938 Ger—

609 967 752 989 mantus.

665 1006 851 1039 GERMANI
869 1004 1108 1046 EXERCITUS]
1127 999 1185 1035 Sic
1196 998 1272 1035 Mss.
1283 998 1386 1034 Harl.
1402 999 1510 1036 Bodl.
1524 999 1590 1036 Jes.
1606 1000 1825 1037 &editiones
1841 1012 1987 1040 veteres.

606 1053 652 1089 In
675 1052 932 1089 recentioribus
947 1079 954 1093 ‚
983 1052 1165 1086 Germanici
1184 1051 1351 1084 exercitus.
1382 1049 1476 1084 Cum
1494 1052 1563 1097 jam
1579 1049 1715 1086 editum
1732 1050 1770 1086 fit
1787 1051 1890 1100 supra
1908 1054 1988 1088 Ger—

605 1107 707 1138 manis
731 1104 919 1137 exercitibus
944 1132 951 1143 ‚
985 1101 1044 1136 hic
1068 1099 1149 1135 ferri
1177 1097 1294 1147 potest
1320 1099 1473 1134 Germani
1500 1103 1667 1135 exercitus.
1698 1099 1733 1135 Si
1766 1101 1843 1150 quis
1867 1113 1986 1138 tamen

603 1164 793 1201 utrumque
812 1152 934 1188 locum
949 1160 1122 1186 mutatum
1139 1149 1250 1185 vellet
1264 1176 1273 1191 ,
1297 1159 1336 1184 ut
1355 1149 1560 1186 emendaret
1577 1151 1774 1185 Germanicis
1798 1154 1987 1188 exercitibus

606 1206 639 1238 δε
660 1204 842 1238 Germanici
860 1205 1014 1238 exercitus
1030 1214 1045 1243 ,-
1072 1199 1219 1235 minime
1237 1211 1471 1248 repugnarem
1490 1213 1499 1236 ε
1518 1210 1624 1250 atque
1642 1199 1680 1236 id
1693 1199 1788 1237 foret
1813 1214 1856 1238 ex
1879 1214 1985 1238 com-

602 1253 703 1288 muni
718 1252 793 1288 usu.

646 1302 777 1338 ETIAM
809 1314 874 1344 QUI
904 1312 1021 1343 Quem
1041 1303 1059 1345 ]
1081 1298 1241 1335 Malebat
1258 1299 1438 1344 Muretus,
1457 1299 1581 1348 etiamst
1596 1302 1696 1349 queri.

650 1400 756 1438 CAP.
783 1402 846 1437 IX.
877 1401 1057 1437 Rmxmms
1078 1403 1094 1445 ]
1119 1399 1215 1436 Bene
1238 1398 1313 1436 Mss.
1332 1398 1420 1450 Reg.
1440 1399 1551 1436 Corb.
1577 1403 1611 1436 &
1631 1400 1714 1436 libri
1741 1413 1864 1438 omnes
1881 1402 1982 1440 editi.

599 1450 643 1488 In
663 1451 738 1486 ΜΠ.
758 1451 859 1488 Harl.
887 1450 994 1487 Bodl.
1012 1449 1078 1487 Jes.
1098 1449 1218 1486 Guelf.
1237 1452 1368 1496 regenti.

647 1500 792 1537 ULTRO
824 1512 1165 1538 Acer-:NDEBANTUR
1187 1503 1203 1545 ]
1228 1498 1282 1534 Ita
1303 1499 1377 1535 Mff.
1407 1501 1440 1534 δε
1459 1508 1595 1536 veteres
1610 1499 1789 1537 editiones
1803 1513 1845 1537 ac
1858 1513 1982 1538 recen-

598 1550 719 1588 tiores.
740 1551 937 1588 Beroaldus
954 1579 963 1594 ‚
991 1552 1075 1585 ultro
1087 1553 1182 1584 etiam
1198 1550 1455 1584 accendebantur.

648 1600 767 1637 Missu
796 1601 973 1647 GALBAE]
1003 1599 1068 1636 Ms.
1087 1598 1201 1634 Corb.
1218 1599 1302 1647 juffic
1326 1598 1450 1633 Galbae.

648 1651 696 1686 A.
726 1651 934 1686 ViTELLms
963 1652 1160 1694 ADERAT]
1189 1647 1244 1684 Ita
1267 1647 1344 1684 Mff.
1364 1647 1478 1684 editio
1504 1646 1672 1697 princeps
1693 1651 1726 1684 δε
1748 1650 1977 1689 recentiores.

594 1700 815 1736 Puteolanus
837 1712 1046 1749 praenomen
1078 1698 1255 1735 omiserat.
1281 1698 1376 1734 Cum
1405 1708 1523 1733 autem
1547 1697 1711 1747 frequens
1729 1699 1768 1735 fit
1786 1699 1881 1748 apud
1907 1701 1979 1737 Ta-

594 1750 728 1794 citum,
757 1751 910 1786 maxime
941 1750 978 1785 in
1001 1748 1239 1785 Historiarum
1266 1747 1388 1792 libris,
1413 1747 1647 1784 Vitelliorum
1665 1749 1803 1785 mentio
1819 1777 1828 1792 ‚
1852 1763 1978 1787 eorum

592 1799 735 1836 stemma
760 1800 820 1836 hic
842 1799 1065 1850 proposuisse
1094 1798 1160 1835 erit
1182 1798 1428 1835 commodum.
1471 1798 1567 1834 Ante
1598 1799 1872 1848 praemonuerim
1900 1800 1976 1837 hoc

591 1849 734 1886 stemma
767 1850 921 1887 definere
939 1851 974 1886 in
991 1848 1129 1886 Vitellii
1150 1849 1382 1897 Imperatoris
1405 1848 1514 1884 filiam
1532 1876 1541 1891 ,
1576 1848 1636 1884 cui
1655 1861 1766 1898 gener
1785 1848 1974 1886 destinatus

590 1899 702 1935 fuerat
722 1901 882 1937 Valerius
902 1900 1074 1936 Asiaticus
1088 1927 1098 1943 ,
1122 1910 1162 1935 ut
1183 1899 1336 1935 vidimus
1352 1899 1456 1948 supra
1476 1897 1566 1934 Hist.
1586 1899 1626 1943 Ι,
1650 1912 1711 1946 59.
1740 1899 1864 1936 Postea
1887 1900 1976 1937 Ves-

590 1949 749 1998 pafianus
769 1950 966 2000 Imperator
991 1979 1000 1994 ,
1031 1949 1244 1986 offensarum
1269 1949 1609 1998 inimicitiarumque
1633 1949 1781 1986 minime
1810 1962 1974 1994 memor,

589 2011 667 2034 eam
699 2000 973 2047 splendidiffime
1013 2000 1193 2036 maritavit
1223 1999 1435 2050 dotavitque
1460 1998 1567 2035 etiarn
1604 2003 1637 2035 &
1676 1998 1848 2036 instruxit.
1878 2000 1971 2037 Vide

589 2048 735 2085 Sueton.
767 2051 803 2087 in
826 2051 1026 2103 Vespafian.
1051 2050 1169 2087 XIV.
1212 2049 1306 2088 Vide
1337 2061 1484 2101 quoque
1507 2049 1693 2087 Aurelium
1719 2050 1901 2087 Vietorem
1929 2050 1970 2087 in

589 2097 770 2148 Epitome.
