2209 3047
492 292 607 305 =

492 318 523 342 A.
534 320 562 341 U.
576 319 607 342 C.

513 366 583 394 822.

508 416 530 439 J.
550 415 580 438 C.

519 463 572 497 69.

844 187 893 228 C.
960 160 1409 228 CORNELII
1473 182 1790 228 TAc1T1

625 279 741 306 »tum
761 282 782 302 ³>
805 264 1006 321 arguebat.
1033 264 1090 306 Εὲῑ
1109 269 1344 322 cognitione
1365 268 1553 308 renovari
1581 267 1671 307 odia
1702 267 2001 309 accusationum

624 328 883 370 videbantur:
907 329 975 370 sed
990 328 1079 370 vilis
1094 334 1133 371 ὅ(
1151 345 1300 371 nocens
1317 345 1404 370 reus
1422 331 1579 385 protegi
1596 345 1677 370 non
1692 342 1859 385 poterat.
1876 332 2002 386 Quip-

622 407 671 448 pe
687 393 830 433 Sorani
847 392 973 433 sanfi'ta
991 394 1204 434 memoria:
1233 391 1353 433 Celer
1370 393 1558 449 professus
1585 393 1818 448 sapientiam
1845 398 1854 414 ¹
1872 422 1885 442 ,
1911 393 2002 433 dein

622 456 728 496 testis
753 456 794 495 in
819 455 1011 507 Baream,
1034 456 1240 512 proditor,
1272 469 1561 512 corruptorque
1584 457 1766 496 amicitiae
1781 485 1794 506 ,
1824 454 1936 507 cujus
1961 455 2001 495 se

620 519 849 573 magistrum
864 518 1027 560 ferebat.
1047 520 1256 559 Proximus
1276 519 1358 560 dies
1372 548 1385 569 ,
1409 519 1532 560 causae
1558 518 1782 559 destinatur.
1800 519 1842 558 N
1846 532 1892 558 ec
1919 531 2001 558 tam

621 581 834 623 Musonius
852 596 919 623 aut
939 581 1100 624 Publius
1115 611 1127 632 ,
1155 580 1273 636 quam
1304 582 1458 623 Priscus
1482 586 1522 623 ὅ(
1543 580 1764 622 Marcellus
1787 584 1801 602 ²
1815 610 1829 632 ,
1854 582 1998 622 ceteri-

618 659 698 703 que
711 674 724 695 ,
749 647 868 686 motis
885 646 933 687 ad
951 644 1148 686 ultionem
1166 646 1306 685 animis
1318 674 1332 695 ,
1356 644 1695 701 exspeffiibantur.

685 708 765 749 XI.
799 709 918 749 TALI
941 723 1070 749 rerum
1088 709 1206 758 statu,
1223 711 1314 749 cum
1327 707 1525 749 discordia
1539 710 1643 749 inter
1658 720 1807 764 patres,
1823 707 1879 748 ira
1895 705 2000 762 apud

620 771 744 812 viEtos
758 800 771 822 ,
796 771 905 812 nulla
917 773 958 811 in
973 771 1187 812 melotibus
1203 772 1411 812 auetoritas
1423 801 1436 822 ,
1459 787 1542 811 non
1555 770 1664 825 leges
1679 801 1692 821 ,
1711 785 1794 810 non
1810 771 1998 825 Princeps

619 834 662 873 in
679 835 841 875 civitate
869 835 1018 885 effent3
1047 835 1290 885 Mucianus,
1313 834 1462 875 Urbem
1484 834 1673 889 ingressus
1687 864 1700 884 ,
1727 834 1867 874 cun&a
1887 829 1999 871 slmul

628 193 711 228 228

604 897 662 936 'in
678 898 716 938 se
732 898 852 938 traxit
866 914 873 937 :
887 897 1006 938 fracia
1018 898 1140 938 Primi
1156 898 1327 938 Antonii
1340 898 1537 952 ,Varique
1553 899 1658 936 Arrii
1674 898 1854 952 potentia
1866 924 1880 944 ,
1895 893 2000 934 male

620 958 854 1000 diffimulata
870 961 912 999 in
927 975 995 1001 eos
1017 961 1199 1001 Muciani
1215 959 1417 1001 iracundia
1430 991 1443 1011 ,
1462 961 1640 1014 quamvis
1654 958 1769 999 vultu
1784 971 1997 1012 tegeretur.

616 1023 697 1064 Sed
714 1024 853 1064 civitas
866 1052 879 1073 ‚
904 1023 1090 1063 rimandis
1105 1023 1261 1064 offensis
1280 1023 1399 1077 sagax
1412 1053 1425 1073 ‚
1451 1026 1623 1063 verterat
1642 1022 1680 1062 se
1694 1051 1707 1071 ,
1732 1019 1998 1061 transtulerat-

617 1100 708 1139 que.
724 1084 799 1126 Ille
815 1101 916 1126 unus
932 1085 1091 1136 ambiri,
1108 1084 1189 1127 coli
1210 1090 1220 1114 ³
1238 1103 1246 1126 :
1266 1101 1342 1127 nec
1358 1086 1493 1127 deerat
1508 1085 1614 1142 ipse,
1636 1086 1794 1141 stipatus
1812 1084 1968 1124 armatis
1982 1112 1997 1134 ,

618 1148 787 1199 domos,
812 1149 1030 1204 hortosque
1059 1162 1314 1205 permutans,
1338 1163 1553 1205 apparatu,
1577 1148 1754 1198 inceffu,
1780 1146 1957 1188 excubiis
1984 1175 1997 1197 ,

615 1212 698 1251 vim
723 1212 918 1268 Principis
949 1211 1131 1268 ampleffl
1144 1241 1158 1263 ,
1182 1228 1330 1253 nomen
1359 1215 1574 1254 remittere.
1596 1210 1816 1253 Plurimum
1837 1211 1998 1251 terroris

614 1274 751 1314 intulit
773 1275 895 1316 caedes
913 1275 1121 1331 Calpurnii
1156 1275 1374 1316 Galeriani.
1403 1276 1441 1316 Is
1466 1276 1542 1316 fuit
1569 1275 1672 1315 filius
1699 1275 1746 1315 C.
1775 1274 1928 1314 Pisonis
1950 1277 1998 1323 ⁴,

614 1337 719 1377 nihil
740 1338 852 1378 ausus
868 1352 875 1374 ε
894 1338 961 1379 sed
976 1353 1124 1379 nomen
1142 1339 1313 1393 insigne,
1335 1343 1374 1379 &
1392 1339 1538 1380 decora
1553 1339 1623 1394 ipfi
1634 1336 1819 1390 juventa,
1839 1350 1999 1377 rumore

614 1400 729 1455 vulgi
747 1399 1068 1442 celebrabantur:
1090 1416 1278 1455 erantque
1294 1403 1335 1441 in
1353 1403 1515 1442 civitate
1532 1402 1662 1442 adhuc
1677 1399 1831 1441 turbida
1840 1430 1853 1449 ,
1874 1404 1914 1440 ὅ(
1932 1414 1999 1439 no-

613 1464 674 1503 vis
691 1463 938 1505 sermonibus
953 1462 1038 1505 laetss
1051 1493 1063 1514 ,
1091 1466 1157 1518 qui
1174 1466 1418 1520 principatus
1435 1466 1594 1505 inanem
1610 1465 1647 1504 ei
1661 1463 1808 1504 famam
1825 1464 1996 1504 circum-

615 1525 767 1567 darent.
796 1527 907 1570 Juffu
936 1528 1146 1577 Muciani,
1177 1527 1351 1568 custodia
1381 1527 1544 1568 militari
1564 1528 1741 1576 cin&us‚
1765 1541 1815 1566 ne
1846 1527 1886 1565 in
1916 1522 2000 1581 ips&

615 1588 723 1630 Urbe
745 1590 994 1646 conspeffior
1010 1605 1116 1631 mors
1131 1590 1235 1631 foret
1248 1621 1260 1641 ,
1286 1591 1334 1631 ad
1355 1590 1693 1645 quadragesimum
1711 1588 1757 1629 ab
1775 1587 1881 1629 Urbe
1898 1586 1998 1644 lapi-

614 1652 706 1693 dem
731 1657 772 1703 5,
798 1652 862 1693 vizi
878 1652 1034 1709 Appia,
1058 1653 1147 1693 fuso
1167 1668 1236 1709 per
1251 1668 1371 1694 venas
1388 1654 1578 1708 sanguine
1592 1682 1605 1703 ,
1629 1653 1903 1707 exstinguitur.
1925 1652 2000 1696 Ju-

612 1713 690 1756 lius
704 1716 879 1766 Priscus,
898 1717 1187 1772 praetoriarum,
1205 1716 1274 1757 sub
1285 1715 1475 1766 Vitellio,
1495 1718 1724 1757 cohortium
1742 1715 1941 1770 praefec‘tus
1958 1712 1996 1764 ⁶,

604 1778 654 1835 ¹se
686 1778 769 1835 ipse
796 1779 1021 1830 interfecit,
1046 1780 1199 1836 pudore
1227 1782 1351 1835 magis
1378 1778 1495 1833 quam
1520 1779 1759 1821 neceffitate.
1786 1777 1996 1835 Alphenus

1327 1888 1551 1920 acerbiffimum
1576 1888 1741 1919 exercebat
1757 1887 1876 1918 odium.

1366 1934 1381 1952 ⁴
1402 1930 1439 1958 C.
1462 1929 1610 1964 Pisoms]
1628 1929 1663 1957 C.
1677 1927 1837 1966 Calpurnii
1857 1925 1997 1962 Pisonis,

1326 1977 1343 1997 a
1355 1969 1484 1998 Nerone
1500 1966 1674 2005 interfe&i;
1695 1968 1733 1997 de
1745 1977 1809 2006 quo
1824 1966 1911 2004 supra
1924 1968 1995 1995 An—

1326 2007 1388 2037 nal.
1402 2009 1458 2037 XV
1469 2030 1477 2043 ,
1492 2009 1530 2044 48
1550 2007 1584 2036 ὅ(
1601 2017 1652 2045 59.

614 1886 675 1915 Alii
693 1886 787 1916 dicum
798 1888 973 1928 philosophum
987 1888 1137 1929 Egnatium
1150 1889 1286 1926 Celerem,

614 1925 713 1968 szreae
737 1926 841 1956 Sorani
857 1929 1032 1969 magistrum,
1053 1929 1096 1967 qui
1122 1930 1203 1968 ipsimi
1217 1929 1289 1966 apud

616 1965 753 1994 [seronem
775 1966 871 1996 detulit
886 1991 894 2004 ‚
927 1968 957 1998 [r
979 1968 1121 1997 damnavit
1141 1981 1150 1996 :
1181 1968 1210 1997 ὓ
1236 1969 1287 2007 1⁹1⁷ss

611 2004 700 2043 postea
711 2005 762 2042 suh
777 2006 940 2046 Vespasiano
957 2008 1005 2036 hoc
1018 2031 1026 2045 ,
1059 2007 1141 2046 ipfiaem
1162 2007 1286 2047 Mufhnio

614 2043 685 2080 Rufo
700 2045 843 2082 accuflzme
855 2070 863 2083 ‚
885 2046 1032 2076 damnatur
1046 2047 1089 2085 est.

654 2089 663 2102 ¹
688 2085 906 2124 SAPIENTmM]
921 2085 1117 2117 Stoicam.At
1128 2095 1222 2116 nemo
1234 2096 1280 2116 ne—

612 2122 724 2161 quior,
751 2126 843 2162 quam
876 2129 945 2156 cum
968 2126 1093 2165 optimae
1118 2125 1285 2164 disciplinae

611 2170 790 2200 corruptor.

654 2206 666 2219 ²
690 2203 819 2232 Pnlscus
850 2213 887 2232 ετ
919 2204 1106 2234 Mmzcruus
1132 2208 1143 2238 ]
1172 2203 1284 2233 Helvi-

613 2239 681 2271 dius
705 2240 817 2271 Priscus
835 2241 866 2272 &
886 2243 991 2280 Eprius
1013 2243 1185 2273 Marcellus.

654 2285 663 2305 ³
688 2281 828 2317 Anam,
854 2292 923 2311 tou
951 2284 963 2319 ]
992 2283 1048 2317 Er,
1081 2283 1152 2312 teste
1179 2281 1283 2312 Dione

613 2318 725 2349 LXVI.
743 2329 809 2358 pag.
829 2331 906 2359 745,
928 2331 1004 2359 aegre
1025 2321 1164 2357 ferebat,
1181 2320 1201 2349 fi
1221 2321 1282 2350 mi-

613 2359 670 2387 nus
691 2359 862 2389 coleretur:
883 2367 916 2389 ut
943 2360 1055 2389 nimius
1078 2361 1109 2389 in
1137 2360 1281 2390 ornandis

612 2396 670 2433 iis,
702 2408 835 2436 quorum
864 2399 914 2429 vel
937 2399 1121 2428 levissimum
1143 2399 1280 2429 officium

612 2444 675 2467 crat
707 2446 848 2477 expertus
866 2461 877 2477 ,
907 2438 951 2470 ita
977 2439 1120 2472 adverbiis
1156 2447 1278 2470 ceteros

1367 2052 1375 2073 5
1391 2049 1676 2083 QUADRAGESIMUM
1691 2056 1729 2075 AB
1741 2046 1825 2075 URBE
1835 2045 1993 2081 ιΑΡιοεΜ]

1325 2085 1384 2115 Ubi
1414 2085 1487 2114 villa
1515 2085 1548 2115 δε
1575 2092 1816 2115 monumentum
1841 2092 1904 2114 erat
1919 2084 1993 2114 Cal-

1305 2141 1309 2149 ·
1326 2125 1518 2162 purniorum.
1537 2124 1629 2154 Multi
1656 2123 1753 2154 adhuc
1771 2123 1815 2153 ibi
1832 2123 1993 2161 reperiun-

1325 2173 1372 2194 tur
1391 2163 1526 2202 inscripti
1543 2163 1658 2202 lapides
1671 2186 1679 2197 ,
1701 2162 1753 2202 qui
1768 2164 1806 2192 ad
1819 2162 1993 2201 Calpurniae

1323 2203 1422 2241 gentis
1441 2204 1570 2233 libertos
1591 2202 1765 2241 pertinent,
1781 2202 1852 2232 teste
1867 2201 1989 2232 erudito

1324 2242 1519 2276 Corradino,
1549 2241 1636 2271 Verus
1664 2241 1793 2277 Latium,
1822 2242 1916 2271 Tom.
1940 2242 1965 2270 ΙΙ
1979 2263 1990 2277 ‚

1323 2292 1388 2321 pag.
1408 2293 1478 2312 202.
1494 2281 1576 2311 Villa
1594 2289 1657 2311 erat
1670 2281 1727 2310 viae
1745 2280 1847 2318 Appiae
1861 2288 1988 2310 conter—

1321 2322 1406 2350 mina
1416 2345 1424 2358 ‚
1447 2321 1529 2351 haud
1541 2321 1650 2359 procul
1663 2330 1679 2349 a
1691 2328 1788 2359 ponte
1799 2321 1910 2349 Sanctae
1923 2319 1990 2348 Cae-

1321 2361 1408 2391 ciliae.

1358 2401 1371 2418 ⁶
1393 2400 1575 2430 Pafflrncws
1591 2398 1606 2436 ]
1622 2398 1702 2430 Vide
1721 2398 1808 2438 supra
1834 2396 1909 2428 Hist.
1938 2397 1987 2434 ΙΙ,

1317 2450 1368 2477 9²·

2030 844 2082 872 10

2029 1154 2075 1193 15

2023 1473 2078 1499 20

2020 1781 2072 1821 25
