2230 3047
396 171 869 216 HISTORIARUM
910 169 1107 212 LIBER
1146 170 1501 216 SECUNDUS.
1584 177 1637 225 85

254 267 317 296 tus
339 255 514 306 Oriens,
545 269 643 296 tunc
667 256 838 311 primum
864 251 1037 309 parabat.
1066 253 1255 306 Namque
1283 253 1382 294 olim
1410 254 1642 296 validiffima
1724 302 1729 306 ,

254 319 358 360 inter
380 320 418 360 se
439 320 590 360 civium
616 334 747 368 arma,
774 320 815 358 in
842 314 986 366 Italia,
1016 313 1229 366 Galliave,
1257 317 1405 359 viribus
1433 319 1643 360 Occiden-
1667 302 1783 379 ‘³3:5⁸

255 382 305 421 tis
330 396 477 437 coepta.
499 382 550 422 Et
580 382 775 437 Pompeio
791 410 804 431 ‚
839 379 993 429 Cassio,
1019 379 1173 428 Bruto,
1201 379 1411 430 Antonio,
1440 397 1540 435 quos
1563 398 1645 423 om·
1695 371 1761 426 rc:

255 459 325 484 nes
348 458 454 485 trans
477 458 583 485 mare
605 445 786 484 secutum
809 444 862 483 est
885 440 1006 483 civile
1027 440 1180 482 bellum
1195 471 1208 492 ,
1240 443 1346 482 haud
1373 445 1548 500 prosperi
1565 447 1645 498 exi7
1698 454 1749 487 69.

202 523 226 562 5
254 519 316 547 tus
334 507 502 548 fuerant.
518 507 737 561 Auditique
754 506 890 562 saepius
904 507 945 545 in
960 502 1073 559 Syria
1087 503 1299 559 ,Iudaeaque
1317 505 1507 558 Caesares,
1524 508 1642 563 quam

253 570 432 626 inspeffi.
449 569 575 611 Nulla
589 569 732 610 seditio
753 568 963 624 legionum
979 586 986 608 :
1010 570 1163 609 tantum
1184 568 1368 609 adversus
1385 569 1550 612 Parthos
1567 574 1642 612 rni-

252 647 311 673 nae
328 662 340 683 ‚
367 635 477 674 vario
498 646 646 674 eventu
670 638 698 673 ¹.
721 631 773 672 Et
798 633 984 687 proximo
1004 630 1117 672 civili
1136 630 1246 672 bello
1271 635 1284 651 ²
1301 661 1313 682 ‚
1340 631 1506 674 turbatis
1530 634 1643 687 aliis,

254 696 486 737 inconcussa
504 696 559 736 ibi
581 710 658 752 pax
675 713 682 735 :
702 695 795 736 dein
815 695 912 736 fides
935 710 1028 750 erga
1044 692 1230 736 Galbam.
1247 695 1378 746 Mox,
1398 709 1444 736 ut
1467 713 1487 733 «
1512 697 1643 739 Otho-

253 773 378 799 »nem
401 775 447 800 ac
470 759 685 802 Vitellium
707 757 879 799 scelestis
900 760 1017 799 armis
1037 773 1096 799 res
1116 759 1322 799 Romanas
1341 773 1498 815 raptum
1521 761 1577 801 ire
1597 779 1641 812 »‚

176 839 228 866 10
253 820 464 877 vulgatum
489 823 569 873 est,
599 838 649 863 ne
672 837 794 879 penes
817 835 973 863 ceteros
1001 822 1160 877 imperii
1183 823 1366 878 praemia,
1393 838 1513 878 penes
1536 825 1641 879 ipsos
1675 832 1679 835 ’

251 889 408 926 tantum
421 886 571 927 servitii
587 886 791 927 necessitas
805 885 898 925 esset
912 915 926 936 ,
947 885 1116 926 fremere
1131 884 1246 926 miles
1258 915 1270 936 ,
1288 890 1328 927 &
1344 887 1447 927 vires
1466 887 1550 927 suas
1568 889 1639 928 cir-

252 949 514 1005 cumspicere.
534 951 698 1005 Septem
717 948 923 1003 legiones³
942 949 1068 989 statim
1083 978 1095 998 ‚
1111 952 1151 989 &
1173 963 1266 990 cum
1287 949 1518 1004 ingentibus
1536 952 1642 991 auxi-

250 1010 314 1052 liis
329 1014 442 1066 Syria
455 1014 685 1067 Judaeaque:
700 1012 793 1052 inde
810 1013 1005 1053 continua
1019 1013 1241 1068 AEgyptu3‚
1258 1012 1421 1067 duaeque
1437 1012 1616 1068 legIones
1631 1032 1639 1054 z

252 1075 348 1116 hinc
375 1075 635 1132 Cappadocia
657 1081 674 1104 4
698 1075 954 1129 Pontusque,
981 1079 1022 1115 ὃ(
1043 1075 1237 1129 quidquid
1258 1077 1472 1117 castrorum
1495 1080 1642 1118 Arme-

174 1149 222 1190 15
253 1139 327 1178 niis
348 1140 616 1194 praetenditur.
636 1139 751 1189 Afia,
773 1142 813 1179 ὅ(
836 1152 975 1179 ceterae
995 1140 1237 1195 provinciae,
1259 1154 1335 1180 nec
1357 1141 1534 1181 virorum
1556 1142 1642 1182 ino-

250 1215 342 1257 pes,
365 1206 405 1243 ὅ(
422 1204 599 1258 pecunia:
616 1201 833 1258 opulentat:
854 1216 1046 1256 quantum
1060 1200 1278 1242 insularum
1292 1205 1390 1243 mari
1406 1205 1582 1259 cingitur
1601 1209 1641 1256 5,

251 1268 293 1306 ὅ(
312 1266 490 1321 parando
516 1267 676 1307 interim
696 1264 805 1305 bello
827 1264 1046 1306 secundum
1066 1278 1278 1320 tutumque
1299 1267 1427 1322 ipsum
1451 1282 1572 1308 mare.

313 1329 420 1370 VII.
454 1331 571 1372 NON
596 1327 761 1370 fallebat
784 1329 907 1369 duces
929 1330 1101 1385 impetus
1131 1329 1321 1370 militum.
1349 1330 1456 1380 Sed,
1487 1330 1641 1372 bellan-

248 1390 354 1434 tibus
370 1391 456 1434 aliis
467 1423 478 1443 ‚
495 1392 647 1449 placuit
662 1392 877 1448 exspectari
893 1391 1063 1432 bellum:
1086 1409 1108 1429 «
1124 1394 1293 1434 victores
1307 1393 1509 1447 viciosque
1525 1409 1641 1434 num-

164 1467 222 1493 20
248 1472 270 1492 »
282 1470 399 1510 quam
414 1455 540 1497 solida
558 1456 634 1497 fide
651 1454 899 1497 coalescere:
924 1469 999 1496 nec
1016 1455 1161 1496 referre
1179 1455 1393 1498 Vitellium
1405 1487 1418 1507 ‚
1443 1472 1492 1497 an
1510 1458 1640 1498 Otho-

248 1534 372 1560 »nem
386 1550 399 1570 ,
420 1519 665 1576 superstitem
680 1519 841 1560 fortuna
856 1518 1020 1560 faceret.
1037 1518 1175 1560 Rebus
1192 1519 1375 1561 secundis
1390 1521 1511 1561 etiam
1528 1535 1640 1576 egre-

247 1584 369 1638 »gios
394 1583 516 1624 duces
543 1581 810 1624 insolescere:
844 1581 1085 1623 discordiam
1114 1583 1175 1623 his
1198 1582 1241 1633 ⁶,
1267 1584 1495 1637 ignaviam,
1521 1583 1640 1624 luxu-

247 1647 400 1687 »riemz
430 1650 470 1688 ὃ(
494 1647 655 1687 suismet
674 1647 808 1696 vitiis,
835 1644 1005 1686 alterum
1027 1644 1164 1696 bello,
1190 1645 1359 1687 alterum
1386 1645 1549 1688 vit-storia
1572 1662 1641 1703 pe-

247 1711 448 1750 »riturum
471 1727 513 1750 ».
535 1710 663 1765 Igitur
686 1724 792 1750 arma
810 1710 852 1748 in
873 1709 1126 1750 occasionem
1143 1709 1325 1750 distulere
1341 1740 1354 1760 ,
1376 1710 1639 1766 Vespasianus

166 1788 190 1814 2
198 1786 219 1825 5
247 1772 544 1828 Mucianusque
566 1788 719 1830 nuper,
755 1773 880 1815 ceteri
907 1770 1006 1814 olim
1027 1773 1163 1814 mixtis
1196 1772 1369 1815 consiliis
1396 1779 1431 1814 ⁷:
1463 1775 1638 1831 optimus

288 1924 298 1939 ¹
320 1921 430 1950 VAnro
454 1929 580 1951 Evam-u
594 1921 608 1957 ]
623 1920 664 1951 Ut
679 1918 818 1951 vidimus
838 1919 925 1959 supra
965 1927 1019 1950 ΚΑ
1034 1925 1082 1951 Ic.
1106 1926 1345 1951 CEBACTOY.
1389 1921 1423 1951 Id
1448 1919 1488 1951 cst
1510 1943 1518 1955 ‚
1546 1919 1640 1950 Salvii

246 1959 361 1991 Annal.
383 1961 457 1995 XV,
474 1970 514 1997 24
534 1961 568 1991 &
584 1971 636 1999 27.
967 1960 1085 1989 Othonis
1097 1959 1216 1998 Caesaris
1234 1960 1359 1999 Augusti.
1384 1962 1485 1998 Caput
1500 1959 1638 1991 Othonis

290 2001 301 2014 ²
325 2000 478 2030 Paoxmo
501 2010 605 2031 c1v11.1
624 2000 745 2036 Βειιο]
762 2000 835 2036 Quo
848 1998 924 2029 Vin·
964 2000 1093 2029 nudum.
1110 2002 1145 2029 In
1163 1999 1277 2037 postica
1294 2007 1398 2038 parte,
1424 2006 1636 2037 ΚΑΙΣΑΡΕΑΕ,

248 2039 309 2070 dex
330 2039 364 2070 δε
386 2039 486 2070 Galba
514 2039 661 2070 adversus
685 2039 849 2069 Neronem
874 2049 923 2068 re-
963 2038 1108 2078 Caefizreae.
1137 2040 1230 2069 Mons
1250 2040 1383 2078 Argaeus.
1407 2040 1490 2069 Infra
1514 2046 1573 2069 ET.
1601 2048 1638 2070 Λ.

246 2079 420 2111 bellavere.
964 2080 997 2108 ld
1011 2079 1067 2115 est,
1090 2088 1162 2107 anno
1176 2079 1271 2114 primo.

289 2124 299 2144 3
322 2119 445 2149 Snvwm
469 2128 620 2149 LEGIONES
642 2119 656 2155 ]
674 2118 754 2149 Vide
776 2119 875 2148 Notas
889 2117 922 2148 &
1005 2124 1013 2145 5
1038 2119 1125 2148 MAar
1150 2118 1328 2154 cmcrrun]
1349 2119 1467 2149 Cuncta
1489 2128 1639 2158 opportu-

245 2157 490 2189 Emendationes
509 2159 547 2189 ad
566 2157 642 2187 Hist.
659 2159 704 2194 ΙΙ,
721 2162 752 2188 6.
770 2157 818 2187 lbi
836 2157 922 2196 plura
938 2153 942 2199 ,¹
963 2168 1019 2188 na:
1040 2158 1145 2187 insulae
1159 2181 1167 2193 ‚
1190 2157 1351 2196 ipsumque
1378 2168 1461 2189 mare
1482 2168 1584 2189 tutum
1601 2161 1635 2190 ὃς

244 2198 281 2228 ὃζ
296 2197 460 2228 necessaria
482 2198 519 2228 de
538 2196 720 2228 nominibus
736 2199 770 2229 ὃ(
787 2207 921 2228 numero
938 2206 940 2223 ν
962 2198 1099 2236 parando
1124 2197 1211 2227 bello
1233 2197 1412 2227 secundum.

245 2236 410 2276 legionum
435 2236 588 2268 dicentur.
1002 2238 1015 2255 ⁶
1037 2237 1247 2268 Ducoanmm
1263 2237 1477 2274 111⁵]Vitellio
1490 2236 1636 2268 &Otho-

285 2280 300 2299 4
322 2278 530 2308 CAPI‘ADocm
553 2279 566 2314 ]
606 2275 840 2314 Cappadociam
857 2297 865 2310 ‚
889 2282 922 2304 ut
961 2276 1006 2306 ni.

245 2323 348 2346 cetera
367 2315 527 2351 Orientis,
548 2323 646 2355 partes
667 2315 805 2346 Othonis
834 2315 921 2345 secu-
1002 2321 1014 2341 7
1036 2315 1156 2347 Mixris
1181 2317 1359 2353 coxsxrus]
1377 2316 1484 2353 Nuper
1497 2325 1633 2346 concor-

243 2362 308 2385 tam
331 2355 454 2386 testatur
475 2366 617 2385 nummus
646 2355 788 2385 Caesareae
811 2354 896 2384 cusus
912 2377 920 2390 ,
936 2343 939 2391 l
963 2356 1014 2385 des
1035 2354 1232 2393 Vespasianus
1246 2354 1469 2394 Mucianusque
1482 2378 1489 2388 ,
1504 2358 1574 2385 ante
1590 2355 1634 2384 in-

244 2394 326 2430 apud
343 2395 390 2425 Cl.
405 2393 733 2433 Motelliim,leejsa111·.
753 2394 920 2432 Numifhfflr.
936 2396 938 2414 ¹
961 2394 1048 2425 vidia
1064 2394 1238 2424 discordes:
1259 2403 1289 2424 at
1307 2394 1402 2424 ceteri
1423 2394 1518 2426 olim,
1537 2405 1629 2424 nem-

244 2433 341 2465 Tom.
369 2435 416 2473 11,
449 2444 515 2474 pag.
548 2445 617 2465 202.
643 2442 706 2466 CA.
730 2440 913 2464 οΘΩΝοΣ
935 2419 939 2465 i
960 2444 1116 2474 pecorum
1131 2434 1241 2471 amici,
1258 2434 1324 2474 post
1338 2433 1474 2465 Neronis
1493 2436 1631 2474 exitum,
