2230 3047
186 497 214 539 5

140 802 213 838 ’.ιο

151 1446 209 1473 20

149 1754 204 1794 25

417 150 906 194 HISTORIARUM
937 150 1135 192 LIBER
1169 152 1423 194 PRIMUS.
1568 167 1620 206 53

241 232 387 275 Fabius
410 232 562 275 Valens
603 232 850 286 adjunxerat.
886 231 1025 285 Jurgia
1056 232 1252 287 primum:
1283 249 1380 275 mox
1409 236 1493 276 rixa
1523 235 1627 276 inter

242 296 414 338 Batavos
438 301 478 338 ὅ(
495 297 751 352 legionarios.
768 295 961 336 Dumhis
974 323 987 344 ‚
1015 309 1083 335 aut
1103 294 1182 335 illis
1196 326 1209 345 ‚
1229 297 1352 337 studia
1373 298 1545 339 militum
1565 299 1628 340 ad-

242 374 483 414 gregantur,
512 360 637 416 prope
658 361 700 399 in
726 358 914 415 proelium
945 358 1150 405 exarsere5
1175 360 1215 398 ni
1245 359 1420 411 Valens,
1448 363 1625 403 animad-

241 423 420 463 versione
444 437 688 479 paucorum,
717 421 865 462 oblitos
882 420 961 473 jam
989 421 1162 462 Batavos
1178 423 1333 477 imperii
1351 424 1626 467 admonuisset.

242 486 276 526 F
278 487 398 526 r'ustra
424 486 607 526 adversus
627 484 784 526 AEduos
807 485 960 539 quaesita
980 483 1078 525 belli
1101 484 1229 526 causa.
1248 485 1343 528 Juffi
1371 503 1391 522 <c
1415 491 1628 542 pecuniam

241 562 391 603 »atque
416 563 522 589 arma
544 548 697 589 deferre
727 565 773 599 »,
799 549 995 603 gratuitos
1022 547 1198 604 insuper·
1216 563 1463 590 commeatus
1489 557 1498 573 ¹
1532 568 1630 608 prae-

241 610 378 652 buere:
400 612 508 667 quod
523 612 648 652 AEdui
662 611 900 663 formidine,
918 611 1210 666 Lugdunenses
1226 612 1374 666 gaudio
1391 613 1535 655 fecere.
1549 617 1629 658 Sed

241 673 352 729 legio
372 674 514 715 Italica
536 679 576 716 ὅ(
599 674 660 715 ala
680 675 857 715 Taurina
882 679 896 695 ²
921 674 1106 715 abduiiae.
1131 674 1356 715 Cohortem
1381 676 1628 719 duodevice-

241 737 376 778 simam
399 742 409 766 ³
432 738 624 794 Lugduni
639 767 652 788 ‚
674 736 800 779 solitis
813 737 883 778 sibi
896 737 1098 778 hibernis4
1110 767 1124 788 ‚
1142 737 1315 792 relinqui
1331 738 1496 794 placuit.
1513 742 1628 782 Man-

240 798 318 841 lius
333 800 483 842 Valens
497 831 510 852 ,
529 800 684 856 legatus
706 800 854 842 Italica:
874 800 1047 856 legionis
1062 831 1075 851 ‚
1098 816 1337 856 quamquam
1354 801 1456 843 bene
1477 804 1525 844 de
1547 820 1628 860 par-

241 863 346 905 tibus
362 866 526 905 meritus
540 894 552 914 ,
575 863 690 905 nullo
707 864 812 921 apud
828 863 1042 905 Vitellium
1063 865 1218 905 honore
1236 865 1333 905 fuit:
1358 865 1518 908 secretis
1536 882 1629 922 eum

240 926 587 968 criminationibus
602 927 863 969 infamaverat
877 926 1023 970 Fabius
1044 928 1248 982 ignarum,
1273 933 1311 970 δε
1328 932 1407 984 quo
1428 932 1628 972 incautior

240 990 518 1046 deciperetur,
542 990 670 1047 palam
694 990 910 1033 laudatum.

300 1054 447 1094 LXV.
481 1055 722 1095 VETEREM
748 1057 851 1096 inter
871 1055 1162 1111 Lugdunenses
1190 1057 1518 1113 Viennensesque
1548 1059 1627 1101 dis-

240 1117 443 1158 cordiam⁵
454 1120 681 1174 proximum
694 1117 846 1159 bellum
861 1119 1114 1161 accenderat:
1131 1119 1264 1160 inulta:
1278 1122 1454 1162 invicem
1471 1121 1627 1173 clades,

238 1179 414 1222 crebrius
435 1181 686 1236 infestiusque
699 1212 712 1233 ‚
735 1180 854 1236 quam
876 1197 919 1223 ut
938 1185 1093 1224 tantum
1114 1197 1277 1239 propter
1298 1186 1508 1225 Neronem
1531 1185 1628 1227 Gal-

237 1242 408 1298 bamque
439 1259 694 1300 pugnaretur.
716 1245 768 1286 Et
794 1245 925 1288 Galba
943 1246 1092 1287 reditus
1112 1245 1441 1300 Lugdunensium
1456 1279 1469 1299 ,
1500 1265 1622 1290 occa-

236 1306 345 1348 slone
370 1309 433 1347 irae
450 1338 462 1358 ,
489 1310 530 1348 in
553 1309 694 1350 fiscum
713 1322 886 1350 verterat
909 1309 938 1348 ⁶.
962 1309 1120 1350 Multus
1145 1309 1284 1350 contra
1306 1313 1348 1351 in
1374 1313 1626 1354 Viennenses

235 1371 389 1411 honor:
406 1371 512 1412 unde
527 1371 749 1423 aemulatio,
766 1377 806 1414 ὅ(
820 1373 990 1423 invidia,
1010 1378 1050 1414 ὃς
1066 1388 1147 1413 uno
1165 1389 1281 1414 amne
1299 1379 1313 1402 7
1329 1375 1508 1416 discretis
1526 1391 1625 1417 con-

236 1447 386 1474 nexum
411 1434 560 1476 odium.
584 1436 712 1490 Igitur
732 1436 1023 1491 Lugdunenses
1048 1436 1298 1477 exstimulare
1319 1438 1493 1492 singulos
1513 1439 1624 1479 mili-

234 1509 323 1537 tum
338 1527 352 1548 ,
380 1501 420 1539 ὅ(
440 1499 482 1538 in
502 1499 746 1540 eversionem
760 1500 1048 1540 Viennensium
1065 1499 1272 1553 impellere
1287 1531 1300 1551 ,
1325 1518 1346 1538 (ι
1368 1501 1558 1542 obsessam
1573 1503 1621 1544 ab

234 1559 346 1601 »illis
367 1560 571 1603 coloniam
588 1563 698 1604 suam
720 1560 734 1585 3
748 1593 762 1614 ,
783 1562 940 1616 adjutos
956 1564 1140 1605 Vindicis
1163 1579 1354 1615 conatus,
1375 1566 1622 1622 conscriptas

232 1639 394 1680 »nuper
413 1624 594 1680 legiones
617 1628 657 1666 in
684 1627 899 1682 praefidium
919 1626 1056 1668 Galbae
1080 1645 1101 1663 »
1124 1627 1347 1669 referendo.
1369 1627 1421 1668 Et
1442 1628 1509 1669 ubi
1527 1645 1622 1670 cau-

233 1687 292 1728 sas
311 1688 497 1736 odiorum
518 1690 805 1745 praetenderant
818 1721 830 1740 ‚
852 1691 1173 1746 magnitudinem
1196 1691 1330 1746 praedae
1348 1691 1620 1735 ostendebant.

233 1751 328 1792 Nec
348 1749 428 1804 jam
449 1752 599 1793 secreta
618 1754 848 1794 exhortatio
861 1784 874 1804 ,
894 1754 962 1795 sed
979 1752 1146 1810 publicae
1171 1769 1330 1810 preces:
1355 1772 1376 1791 (ε
1392 1756 1502 1796 Irent
1516 1756 1620 1798 ulto-

230 1830 254 1852 »
264 1828 324 1856 res
341 1844 354 1865 ,
383 1815 662 1857 exscinderent
685 1816 818 1857 sedem
840 1816 993 1859 Gallici
1011 1816 1108 1863 belli
1129 1822 1166 1857 9:
1192 1819 1332 1859 cunda
1353 1817 1439 1860 illic
1456 1834 1620 1862 externa

945 1896 1141 1936 plementum
1159 1896 1271 1926 Annal.
1284 1898 1374 1934 XVI,
1392 1908 1444 1933 92·

984 1941 996 1960 7
1018 1937 1086 1966 Uno
1111 1947 1196 1966 AMNE
1214 1936 1415 1972 ]Rhodano,
1432 1936 1455 1966 le
1476 1937 1580 1967 le'tie.

271 1899 280 1913 ¹
305 1894 495 1927 Gimrui'ros
526 1907 654 1927 ικευρειι
681 1902 905 1932 εοΜΜεΑτυε]

233 1934 377 1966 Gratuita
401 1935 517 1967 cibaria
546 1936 584 1967 ad
607 1936 761 1967 exercitus
788 1936 904 1967 alimo—

234 1973 331 2004 niam.
985 1974 996 1993 ⁸
1020 1976 1193 2006 Coromasi
1217 1980 1325 2010 SUAM]
1349 1976 1497 2007 Claudius
1519 1979 1619 2016 Impe-

271 2016 282 2029 ²
305 2015 372 2044 Am
394 2014 541 2046 Tauium
563 2019 574 2050 ]
595 2015 642 2045 De
659 2015 720 2054 qua
735 2015 822 2054 supr-³³
839 2026 903 2055 cap.

274 2097 284 2117 ³
306 2093 487 2124 Cononrem
512 2098 832 2128 nuonisvicizsiimsz]
854 2094 904 2125 Sic

235 2130 316 2161 infra
334 2142 399 2170 cap.
420 2135 473 2169 80,
497 2142 690 2164 memoratur
722 2133 905 2172 septimade—

233 2170 316 2202 cima
332 2171 455 2203 cohors.

272 2214 287 2233 ⁴
308 2212 432 2242 Souris
454 2221 512 2242 sim
533 2215 706 2251 mammis]
726 2212 807 2244 Vide
818 2212 905 2251 supra

233 2250 346 2281 Annal.
368 2252 432 2287 111,
455 2262 506 2288 41.

277 2295 284 2316 5
311 2290 518 2321 DiscoRDJAM
538 2292 552 2328 ]
584 2291 631 2321 De
649 2291 710 2331 qua
732 2290 846 2321 dietum
859 2290 905 2321 su-

233 2329 287 2368 pra
299 2328 332 2358 in
342 2329 566 2369 Supplemcnto
588 2331 700 2361 Annal.
723 2332 812 2366 XVI,
832 2332 882 2367 73.

272 2369 285 2386 ⁶
299 2369 331 2398 lu
348 2380 458 2399 riscuM
475 2371 667 2407 VERTERAT]
687 2371 768 2400 Ciim
782 2369 902 2406 Gallos,

231 2405 359 2440 vindici
375 2409 570 2445 adversatos,
588 2410 721 2448 puniret.
735 2409 814 2442 Vide
826 2410 903 2449 Sup-

944 2021 1048 2051 rator‚
1077 2023 1165 2045 natus
1193 2015 1367 2054 Lugduni,
1401 2017 1510 2047 urbem
1540 2016 1623 2048 hanc

945 2053 1107 2084 coloniam
1124 2053 1200 2085 fecit
1212 2078 1221 2092 ‚
1242 2054 1434 2094 vocavitque
1448 2079 1457 2093 ‚
1475 2064 1509 2086 ut
1530 2057 1618 2086 cons-

944 2102 988 2124 tat
1003 2104 1041 2123 ex
1055 2094 1212 2124 veteribus
1226 2094 1439 2124 monumentis
1452 2117 1460 2130 ‚
1478 2096 1516 2124 C.
1529 2097 1565 2126 C.
1579 2098 1620 2127 C.

944 2134 1040 2163 AVG.
1063 2134 1161 2164 LVG.
1182 2134 1218 2163 Id
1239 2133 1279 2164 est
1304 2133 1446 2163 Coloniam
1470 2133 1618 2164 Claudium

945 2172 1058 2208 Copi'am
1079 2172 1229 2212 Augustam
1249 2172 1467 2213 Lugdunenfim.
1488 2174 1618 2212 Inscrip-

945 2220 1011 2241 tnm
1032 2221 1159 2251 quoque
1183 2212 1282 2243 veteri
1304 2213 1525 2244 Taurobolio.
1541 2215 1617 2243 CO·-

946 2252 1047 2282 LON.
1064 2252 1222 2282 COPIAE.
1245 2253 1341 2283 AVG.
1356 2253 1452 2282 LVG.
1471 2252 1551 2283 Vide
1566 2254 1617 2283 CI.

945 2291 983 2321 de
1014 2290 1152 2321 Colonia
1176 2313 1185 2326 ,
1217 2290 1331 2330 Histoire
1358 2291 1507 2320 Limeraire
1536 2291 1567 2320 de
1587 2292 1617 2320 Ia.

944 2329 1008 2359 ville
1021 2329 1053 2359 de
1073 2329 1163 2369 Ljon».
1182 2331 1279 2361 Toni.
1293 2332 1316 2360 Ι.
1337 2341 1403 2370 pag.
1426 2333 1483 2360 123
1501 2332 1534 2361 &
1551 2332 1614 2369 seq.

984 2374 996 2393 ⁹
1019 2370 1154 2400 Garum
1178 2381 1265 2400 Βειιι
1285 2374 1295 2404 ]
1314 2370 1410 2407 Quod
1424 2370 1537 2408 gestum
1548 2380 1615 2401 crat

943 2419 999 2448 pro
1018 2408 1153 2442 Vindice
1175 2410 1320 2442 adversus
1338 2411 1511 2441 Neronem.

1649 284 1680 309 A.
1693 285 1722 307 U.
1734 285 1765 309 C.

1670 333 1741 362 822.

1673 387 1694 410 J.
1707 388 1738 411 C.

1682 443 1733 470 69·
