2209 3047
328 197 410 239 AD
430 198 655 241 LIBRUM
688 198 741 239 II.
767 198 912 240 HIST.
945 198 993 238 C.
1018 199 1197 242 CORN.
1229 200 1436 243 TACITI.
1492 218 1582 254 4²7

197 284 259 312 aut
285 287 305 311 a
327 275 460 312 Tacito
487 276 647 318 diversa,
675 288 754 331 quce
777 276 838 312 hic
863 286 1046 323 apponere
1070 277 1190 321 juvat,
1222 277 1303 314 cum
1337 278 1411 326 ipse
1434 278 1582 315 Bebria-

197 325 337 361 censern
362 338 526 373 campum
551 326 732 368 invisent,
763 329 796 362 &
819 338 899 361 curn
924 324 989 367 iis,
1046 324 1082 358 ui
1108 338 1236 374 pugnae
1261 327 1512 372 interfuerant,
1541 329 1582 366 fit

198 374 415 412 collocutus.
443 375 632 412 Brevitatis
660 376 788 419 causa,
817 375 952 411 Graecis
975 373 1018 410 ab
1050 373 1170 411 inebo.

195 458 294 513 De
314 458 410 525 iis,
441 479 553 535 quae
579 458 972 531 Bebriacenfiem
990 478 1224 535 pugnam
1238 459 1424 529 secuta
1430 460 1581 536 func,

494 548 556 589 Ex
588 548 800 589 Plutarcho
821 578 833 600 ‚
856 554 891 589 in
914 550 1044 589 Othon.
1071 563 1288 604 pag-1072·

242 637 383 673 Vzcros
409 637 607 672 Othonianos
622 663 632 679 ,
660 635 763 684 castra
778 636 843 682 sica
864 649 1031 683 repetentes
1044 663 1054 679 ,
1080 649 1174 685 neque
1188 636 1340 671 Proculus
1358 649 1452 686 neque
1468 640 1581 676 Pauli-

193 697 252 721 nus
270 689 415 722 comitari
433 686 614 734 aufisiaent:
635 687 747 720 verum
769 691 913 722 vitavere
935 686 1036 734 castra
1059 689 1170 721 timore
1191 687 1331 720 militum
1344 713 1354 729 ,
1382 691 1435 734 qui
1455 691 1581 735 culpam

186 737 305 783 jamin
319 736 408 770 duces
422 736 622 771 derivabant.
642 736 768 770 Annius
790 738 863 771 vero
882 738 998 772 Gallus
1017 739 1130 782 recepit
1148 739 1182 771 in
1203 737 1314 782 oppido
1330 735 1523 781 Bebriaco,
1545 740 1581 773 Εσ·

195 785 311 820 lenivit
332 785 561 832 colligentesse
586 798 626 820 ex
644 786 776 833 pugnd‚
797 785 886 833 quast
907 789 1017 820 neutro
1042 786 1198 821 inclinatd
1221 785 1379 826 ymon-1⁴3,
1411 787 1448 822 ἔπ’
1472 789 1583 822 multis

196 833 256 880 ipfi
267 835 413 881 partibus
430 834 740 882 hostessuperaſjent.
759 837 887 870 Marius
907 837 1010 882 Celsus
1022 862 1031 879 ‚
1055 837 1223 870 contradis
1241 836 1381 870 omnibus
1394 863 1403 879 ,
1433 839 1486 884 qui
1500 850 1584 882 pra:-

188 884 333 932 feffuras
347 885 501 919 habebant
516 912 527 928 ,
551 886 662 920 auclor
684 895 752 920 erat
765 913 775 928 ,
799 897 834 920 ut
855 888 1011 920 communi
1021 886 1125 932 saluti
1146 886 1358 932 consulerent,
1372 886 1585 934 demonstrans

196 951 220 966 κ
245 947 265 969 a
288 936 350 970 tali
373 933 461 969 clade
486 935 524 970 ἓν
541 933 653 982 strage
674 936 767 970 tantd
790 938 908 970 civium
935 948 972 970 ne
998 935 1153 971 Othonem
1177 935 1300 983 quidem
1316 965 1324 977 ,
1352 936 1441 971 modo
1463 939 1514 971 vir
1536 937 1586 971 bo-

192 997 284 1018 nnus
300 984 373 1032 fit,
397 985 577 1031 periclitari
601 985 770 1032 fortunam
807 987 920 1020 velle:
953 986 1100 1033 quando,
1127 987 1252 1034 inquit,
1281 987 1359 1020 Cato
1386 986 1422 1021 ΕΤ
1445 986 1548 1033 Scipio
1572 1013 1586 1030 ‚

197 1050 219 1066 ο»
229 1037 282 1082 qui
307 1036 423 1080 Caesari
444 1034 514 1082 post
538 1036 634 1070 aciem
659 1036 876 1082 Pharsalicam
898 1037 1013 1071 vie‘lori
1036 1036 1138 1071 cedere
1157 1036 1413 1070 detreclaverunt
1428 1063 1437 1079 ‚
1461 1037 1585 1084 culpen-

192 1095 304 1126 mtur,
331 1084 412 1132 quod
434 1085 550 1119 multos
575 1086 612 1119 ἔτ’
628 1083 732 1130 fortes
757 1088 844 1120 viros
872 1088 906 1120 in
927 1085 1046 1132 Afric&
1073 1088 1277 1134 nequicquam
1295 1086 1516 1131 perdiderint,
1539 1087 1586 1122 li-

196 1134 275 1168 ==cet
293 1147 354 1180 pro
372 1135 484 1180 populi
511 1135 651 1169 Romani
673 1147 827 1170 certarent
854 1136 1009 1171 libertate.
1036 1135 1193 1180 Quamvis
1215 1135 1263 1183 fit
1289 1138 1371 1170 enim
1397 1136 1481 1170 alids
1508 1149 1587 1171 com-

196 1199 219 1216 ω
229 1186 333 1219 munis
355 1184 497 1219 omnibus
508 1185 669 1231 fortuna,
694 1198 790 1219 unum
813 1187 893 1220 viris
916 1186 1003 1220 honis
1025 1197 1130 1220 tamen
1156 1197 1216 1219 non
1241 1185 1379 1227 adimit,
1394 1185 1428 1233 fi
1451 1188 1588 1222 incurre-

195 1249 220 1266 a»
232 1236 320 1275 rint,
350 1236 426 1282 quin
444 1247 505 1280 pro
528 1234 647 1282 cafibus
670 1236 754 1270 reela
778 1237 907 1282 capiant
930 1234 1059 1283 confilia
1085 1253 1121 1271 κ.
1147 1235 1198 1270 Sic
1215 1234 1309 1282 fatus
1328 1239 1489 1281 permovit
1507 1249 1589 1283 prae-

190 1283 306 1331 fec‘los.
328 1283 499 1332 Postquam
524 1287 599 1320 vero
624 1286 741 1320 milites
766 1296 992 1328 tentaverunt,
1019 1297 1112 1334 atque
1133 1299 1181 1320 eos
1202 1290 1293 1331 pacis
1320 1285 1471 1320 viderunt
1493 1289 1588 1332 cupi-

197 1333 276 1376 dos,
301 1333 448 1368 Titianus
470 1345 575 1370 autem
599 1335 766 1370 mittendos
786 1335 903 1381 censuit
925 1335 962 1370 de
978 1335 1144 1370 concordid
1164 1336 1308 1382 legat053
1332 1336 1434 1381 visum
1460 1347 1495 1370 ut
1515 1337 1590 1371 Cel-

188 1382 247 1430 sus
271 1383 308 1418 ὓ·
333 1383 450 1418 Gallus
468 1384 740 1431 prcficiscerentur
754 1411 766 1428 ,
793 1387 1054 1433 convenirentque
1074 1387 1233 1421 Caecinam
1255 1385 1292 1419 {T
1313 1385 1490 1420 Valentem.
1511 1390 1589 1421 Per-

196 1432 344 1481 gentibus
366 1434 524 1468 occurrere
548 1437 762 1476 centuriones,
791 1437 845 1482 qui
866 1451 887 1466 <e
911 1438 1014 1482 copias
1035 1452 1057 1467 υ
1083 1446 1297 1470 narraverunt
1323 1451 1344 1466 ιε
1367 1438 1439 1482 jam
1464 1436 1590 1483 movzffz

198 1483 271 1518 2²&
296 1483 477 1519 contendere
498 1484 709 1528 Bebriacum,
737 1485 838 1532 miſjos
867 1485 906 1520 ab
933 1485 1061 1520 ducibus
1078 1486 1114 1532 se
1142 1485 1183 1520 ad
1213 1484 1367 1534 agendum
1397 1485 1434 1520 de
1460 1498 1590 1520 concor-

199 1531 289 1567 „did
314 1549 348 1568 a.
373 1533 460 1577 Quos
482 1533 678 1568 collaudatos
708 1535 814 1581 Celsus
846 1534 883 1569 θ’
912 1535 1030 1570 Gallus
1055 1545 1252 1578 oraverunt,
1282 1546 1317 1569 ut
1343 1546 1425 1570 retro
1452 1535 1591 1571 redirent

201 1582 359 1630 &secum
385 1582 513 1617 obviam
534 1583 737 1629 procederent
758 1586 900 1619 Caecinae.
925 1585 969 1620 Ut
989 1584 1085 1631 prope
1111 1596 1285 1626 venerunt,
1301 1585 1447 1619 'incurrit
1466 1588 1592 1632 pericu-

201 1632 269 1666 lum
287 1632 401 1679 Celsus.
419 1634 505 1667 Nam
515 1633 604 1680 forte)
617 1635 853 1679 praecurrebant
871 1635 949 1669 vic'li
966 1635 1039 1669 ante
1056 1635 1140 1681 apud
1158 1633 1287 1681 infidias
1305 1637 1433 1681 equites.
1452 1637 1465 1675 (
1485 1634 1592 1684 Equi-

202 1690 256 1718 tes
282 1694 411 1730 nempe
434 1682 585 1727 Batavi,
612 1696 704 1732 quos
727 1696 747 1719 a
770 1683 1030 1734 gladiatoribus
1055 1684 1248 1733 repressos,
1280 1682 1363 1720 dein
1389 1684 1485 1733 apud
1507 1684 1592 1721 infi-

204 1730 280 1767 dias
300 1731 409 1768 caesos
432 1732 566 1781 scripsit
590 1733 812 1770 Plutarchus.
839 1734 953 1771 Aliter
974 1734 1123 1770 Tacitus
1144 1745 1278 1783 cap.43
1305 1737 1331 1780 ).
1353 1734 1414 1769 Ubi
1435 1748 1506 1783 ergo
1528 1735 1591 1770 ad-

200 1794 385 1817 ventantem
411 1785 593 1830 conspexere
616 1785 759 1831 Celsum,
786 1788 937 1830 impetum
957 1788 1103 1831 protinus
1127 1798 1196 1820 cum
1215 1786 1349 1819 clamore
1374 1787 1407 1819 in
1425 1786 1517 1820 illum
1531 1785 1590 1832 fe-

201 1844 279 1868 cere.
311 1833 456 1867 Ceterum
477 1836 658 1881 objecerunt
678 1835 714 1881 se
731 1848 791 1881 pro
819 1848 853 1870 eo
880 1837 1096 1878 centuriones,
1127 1846 1220 1883 atque
1251 1835 1323 1869 illos
1353 1836 1556 1885 reprefferunt
1574 1849 1590 1871 .·

201 1895 239 1917 ac
261 1883 330 1917 cz'cm
353 1883 412 1917 alii
436 1883 582 1918 ordinum
606 1884 747 1919 duflores
769 1886 989 1920 exclamarent
1003 1915 1011 1927 ,
1036 1897 1070 1920 ut
1088 1885 1277 1932 abstinerent
1293 1898 1313 1919 a
1333 1886 1418 1932 Celfi)
1433 1900 1446 1920 .·
1475 1898 1508 1920 re
1526 1887 1589 1929 iis,

201 1934 256 1980 qui
278 1946 347 1968 cum
374 1933 501 1968 Caecind
527 1945 638 1977 erant,
668 1935 851 1982 compend,
879 1935 1039 1982 confestim
1073 1936 1216 1977 advec‘li,
1252 1936 1425 1970 tumultum
1450 1937 1590 1983 equitum

202 1995 278 2017 mox
293 1982 473 2029 sedavere:
493 1983 699 2032 salutatoque
727 1987 856 2021 comiter
885 1985 997 2032 Celfh,
1036 1986 1197 2034 concestere
1230 1998 1300 2019 curn
1327 1997 1359 2019 eo
1392 1985 1590 2020 Bebriacum.

202 2032 292 2066 Inter
314 2034 378 2068 haec
402 2033 564 2070 Titianam
587 2037 775 2080 poenitentia
797 2038 898 2082 cepit,
925 2035 1007 2084 quod
1031 2036 1150 2084 legatos
1175 2034 1245 2082 mist
1269 2035 1309 2070 et.
1332 2036 1437 2082 Igitur
1453 2035 1590 2082 ferocis-

194 2079 294 2128 simos
316 2083 446 2130 quofiJue
470 2084 611 2119 militum
631 2087 747 2120 iterum
767 2088 901 2131 imponit
919 2088 1017 2120 muris
1030 2112 1040 2128 ‚
1067 2097 1180 2120 ceteros
1197 2099 1216 2120 a
1246 2085 1414 2132 ferendam
1434 2098 1518 2131 opem
1536 2098 1590 2120 ex«

205 2132 296 2166 citat.
322 2131 370 2166 At
395 2133 447 2168 ubi
471 2147 545 2181 equo
570 2136 695 2169 Ca’cina
719 2135 868 2170 adveclus
896 2136 1045 2170 dextram
1062 2137 1232 2181 porrexit,
1259 2148 1346 2170 nemo
1371 2135 1459 2169 ultrd
1488 2136 1591 2169 reluc-

204 2190 293 2216 tatus
316 2179 359 2227 est
385 2195 399 2215 .·
416 2182 474 2228 sed
494 2185 553 2217 alii
564 2185 712 2229 salutare
738 2199 777 2220 ex
797 2186 948 2220 moem'bus
972 2187 1087 2220 milites
1103 2213 1113 2228 ,
1138 2198 1214 2232 pars
1244 2184 1340 2231 portd
1362 2185 1498 2231 reseratd
1519 2186 1590 2219 exi-

205 2242 263 2272 re,
288 2242 381 2278 atque
405 2232 641 2268 advenientibus
659 2235 695 2280 se
721 2235 918 2281 immiscere:
948 2238 1015 2270 vim
1043 2235 1159 2282 inferre
1194 2248 1283 2270 nemo
1306 2262 1316 2278 ‚
1343 2235 1400 2282 fid
1429 2236 1591 2282 gratulari

204 2281 427 2328 complentque
441 2282 478 2326 se
503 2285 636 2317 mutuo:
661 2284 790 2332 denique
813 2297 915 2320 omnes
936 2287 969 2319 in
995 2285 1091 2320 verba
1119 2286 1243 2321 Vitellii
1257 2288 1452 2332 juraverunt
1466 2311 1475 2327 ,
1497 2295 1590 2332 atque

207 2330 250 2364 ad
266 2343 335 2364 eum
351 2330 511 2378 transiere.
536 2334 588 2367 Ita
601 2334 743 2382 plerique
759 2364 768 2376 ‚
798 2337 852 2382 qui
869 2334 1038 2381 interfuere
1055 2348 1168 2383 pugnoe
1180 2365 1188 2377 ‚
1213 2349 1276 2370 rem
1293 2334 1411 2382 gestam
1430 2345 1586 2376 narrant,

202 2378 343 2426 fatentes
367 2393 404 2415 ne
419 2381 455 2427 se
478 2382 603 2430 quidem
627 2383 663 2418 ob
687 2384 894 2429 confufionem
921 2385 958 2420 ἐπ’
984 2386 1109 2421 turbam
1125 2384 1260 2432 singula
1287 2385 1395 2419 eat-affl&
1422 2383 1511 2431 noſj'e.

266 2429 504 2468 Praetorianos
529 2442 648 2470 autem
670 2432 816 2473 laudare
839 2433 982 2472 videtur
1005 2434 1154 2472 Tacitus
1168 2462 1178 2480 ‚
1207 2433 1290 2470 cum
1315 2446 1375 2468 non
1399 2436 1519 2470 virtute
1533 2434 1569 2482 se
1584 2461 1592 2476 ‚

1218 2504 1346 2547 Hhh
1379 2502 1406 2557 ij
