2209 3047
603 188 693 235 436
783 180 1004 221 NOTAE
1056 176 1141 217 ET
1189 174 1785 222 EMENDATIONES

652 256 759 293 CAP.
791 254 917 290 LXVI.
948 254 1161 299 Asssxssm]
1189 253 1292 289 Unus
1308 251 1372 288 Ms.
1392 252 1478 301 Agr.
1506 253 1676 302 exarsisset.

649 307 784 347 JUNGI,
816 316 866 340 UT
894 307 1033 349 rmos]
1059 305 1156 339 Bene
1177 302 1252 339 ΜΠ.
1274 305 1307 337 &
1328 312 1463 338 veteres
1482 314 1523 338 ac
1543 304 1761 340 recentiores
1787 305 1974 346 editiones.

603 355 646 391 In
670 354 795 390 mediis
810 353 1031 389 editionibus
1046 381 1055 396 ‚
1080 365 1114 387 ut
1129 353 1350 400 fidosjzmgit.

660 405 978 449 OssmezATum]
1007 402 1062 437 Ita
1078 401 1276 437 Ms.Gue1f.
1301 400 1492 436 Rhenanus
1520 405 1553 438 ὃς
1570 401 1812 441 Recentiores.
1836 403 1879 440 In
1900 406 1975 443 Mss.

605 454 658 489 Re
688 452 807 490 .Harl.
819 456 852 489 &
866 452 1085 489 editionibus
1102 451 1280 487 veteribus
1298 479 1306 494 ‚
1334 451 1537 485 obliteratum
1557 452 1610 499 est.

654 467 845 539 {renem
867 505 993 548 SUNT]
1030 501 1126 537 Bene
1139 500 1204 536 Ms.
1221 500 1318 537 Flor.
1342 499 1500 536 Pichena
1519 504 1552 537 &
1573 502 1817 540 Recentiores.
1851 502 1976 553 Vulgo

604 553 729 601 digreſjl
742 554 833 599 fient.

659 652 763 688 CAP.
794 651 939 688 LXVII.
972 652 1198 694 SEPARATI]
1233 649 1331 685 Bene
1350 648 1426 685 Mff.
1444 651 1541 687 Flor.
1560 651 1662 687 Harl.
1680 651 1788 687 Bodl.
1807 650 1874 687 Jes.
1886 651 1977 688 Eud.

603 702 715 738 corb.
737 701 855 738 Guelf.
884 701 1074 736 Rhenanus
1103 703 1136 736 ὃς
1157 697 1399 735 Recentiores.
1430 699 1474 735 ln
1503 701 1571 736 Ms.
1592 700 1679 750 Reg.
1701 704 1733 737 <Sc
1758 701 1978 737 editionibus

606 751 784 788 veteribus
800 778 809 794 ,
828 754 998 797 separatae.

661 802 952 846 DEFEREBANT]
986 800 1040 836 Ita
1057 798 1134 834 ΜΠ.
1166 797 1280 835 editio
1309 798 1476 848 princeps
1500 803 1533 836 ὃς
1560 800 1786 837 recentiores.
1811 799 1979 837 Puteola-

605 863 692 893 nus,
731 852 866 884 cabant.

662 851 1049 935 TFfRTIADECIMANI..
1064 927 1071 934 .
1086 901 1200 943 Jussi]
1229 898 1286 933 Sic
1310 898 1374 936 Ms.
1392 898 1489 935 Flor.
1511 899 1705 936 Rhenanus
1726 902 1760 935 &
1784 899 1979 937 Recentio-

605 962 668 986 res.
689 948 805 985 Ceteri
824 948 944 996 scripti
965 951 998 983 ἃ.
1017 948 1105 984 editi
1124 947 1226 990 libri,
1253 949 1534 984 tertiamdecimam
1547 977 1554 985 .
1570 977 1578 985 .
1596 950 1713 996 .juffit.

659 1000 935 1034 VOLUPTATUM
968 1001 1327 1043 OBLIVISCERETUR]
1357 997 1413 1033 Ita
1437 998 1514 1035 Mff.
1540 998 1654 1036 editio
1676 999 1843 1048 princeps
1867 1002 1901 1037 δι
1924 1012 1978 1038 re-

607 1048 793 1086 centiores,
825 1047 1063 1091 Puteolanus,
1091 1049 1283 1094 voluptates.

656 1148 759 1183 CAP.
791 1146 956 1183 LXVIII.
997 1146 1306 1192 DISTRAXERAT]
1338 1144 1434 1183 Bene
1446 1146 1522 1182 Mff.
1538 1146 1654 1183 vatic.
1676 1146 1773 1184 Flor.
1791 1147 1892 1183 Harl.
1913 1147 1979 1184 Jes.

606 1197 726 1234 Guelf.
744 1197 878 1246 Lipfius
893 1200 924 1233 &
938 1196 1181 1234 Recentiores.
1209 1196 1252 1232 In
1270 1196 1348 1232 Mff.
1375 1196 1465 1246 Reg.
1479 1196 1587 1233 Bodl.
1599 1200 1633 1233 ὃς
1646 1197 1866 1234 editionibus
1884 1207 1982 1234 vete«

604 1247 698 1283 ribus
714 1276 722 1291 ,
749 1249 950 1295 dzstz'rzxerat.

655 1299 836 1333 Lumcizo
869 1302 1022 1343 lNlTlo]
1049 1297 1103 1332 Ita
1129 1296 1194 1332 Ms.
1216 1296 1328 1332 Corb.
1354 1296 1468 1333 editio
1492 1297 1659 1347 princeps
1687 1301 1721 1334 ὃς
1752 1298 1980 1334 recentiores.

603 1347 647 1382 In
663 1347 738 1382 ΜΠ.
755 1347 853 1382 Harl.
868 1346 974 1382 Bodl.
987 1346 1052 1383 Jes.
1069 1350 1102 1382 ὃς
1116 1346 1333 1382 Puteolanus
1354 1375 1362 1390 ‚
1384 1348 1587 1384 ludicrorum.
1899 1386 1903 1390 ,

659 1396 738 1432 Nm
764 1409 965 1433 NUMERUS.
979 1424 986 1432 .
1003 1425 1009 1432 .
1029 1400 1237 1441 AUXISSET]
1270 1396 1344 1431 Mss.
1362 1396 1459 1432 Flor.
1480 1396 1567 1445 Reg.
1580 1396 1690 1432 Corb.
1708 1397 1800 1433 Bud.
1818 1401 1851 1433 ὃς
1866 1397 1982 1433 editio

603 1447 769 1495 princeps
793 1447 926 1482 habent
951 1446 1094 1495 quidem
1109 1473 1118 1489 ‚
1148 1445 1282 1493 auxiffit
1304 1460 1318 1480 .·
1347 1456 1383 1481 at
1406 1445 1577 1489 omisere,
1608 1446 1693 1493 nifi3
1724 1447 1825 1495 quod
1854 1447 1982 1482 merito

603 1496 784 1544 supplevit
817 1496 1019 1532 Rhenanus.
1053 1495 1166 1544 quue
1199 1495 1355 1530 innuunt
1383 1495 1460 1530 Mff.
1487 1495 1572 1545 Agr.
1593 1499 1627 1532 ὃς
1651 1495 1762 1531 Corb.
1787 1496 1873 1531 licet
1899 1508 1983 1531 cor-

604 1546 707 1594 rupte
732 1546 862 1582 habeat
889 1546 949 1581 hic
966 1572 975 1587 ,
1006 1548 1039 1579 in
1061 1557 1163 1579 motus
1176 1570 1184 1579 .
1200 1571 1207 1579 .
1221 1572 1230 1580 .
1248 1573 1255 1581 .
1271 1546 1416 1593 auxiſjkc.
1441 1544 1502 1581 ille
1515 1572 1524 1587 ,
1551 1545 1610 1592 m'fi
1639 1557 1748 1581 metus.
1766 1544 1985 1581 Puteolanus

603 1606 741 1638 tamen,
760 1595 918 1644 Ryckius
933 1623 941 1637 ,
965 1598 1051 1630 ut&
1067 1594 1141 1629 Mss.
1158 1593 1261 1630 Harl.
1279 1594 1386 1630 Bodl.
1403 1594 1469 1631 Jes.
1487 1595 1608 1630 ludicro
1630 1597 1721 1629 initio
1739 1607 1748 1629 ε
1767 1607 1912 1630 numerus
1925 1622 1937 1630 ,η
1952 1620 1982 1632 ..

605 1649 711 1681 auxit.
742 1645 900 1695 Margini
931 1645 996 1680 Ms.
1020 1644 1126 1680 Bodl.
1145 1643 1329 1687 additum,
1354 1645 1499 1693 auxzffit.
1527 1645 1664 1681 Totum
1687 1644 1809 1679 locum
1836 1644 1984 1681 invertit

605 1694 740 1742 Lipslus
762 1723 771 1738 ‚
799 1697 834 1730 ξφ
856 1696 980 1744 quidem
1000 1706 1108 1741 partes
1126 1694 1258 1743 modeste¹
1278 1693 1496 1741 distraxerat,
1519 1695 1580 1742 mfi
1597 1707 1742 1729 numerus
1766 1695 1910 1741 caeJbrum
1932 1698 1982 1729 in-

606 1747 727 1779 vidiam
745 1746 824 1780 bello
854 1744 998 1792 aux-iffa.
1025 1744 1121 1790 Apud
1140 1746 1273 1780 viliores
1288 1755 1358 1779 orta
1373 1744 1489 1790 seditio
1505 1771 1515 1787 ‚
1543 1745 1663 1779 ludicro
1688 1747 1791 1780 initio.
1807 1745 1984 1790 Discubue-

603 1806 655 1828 rat
671 1796 819 1830 Vitellius
834 1825 841 1837 ,
858 1797 925 1831 &c.
944 1793 1041 1830 Ferri
1059 1793 1176 1842 potest
1194 1795 1340 1844 vulgata
1351 1793 1524 1843 scriptura
1538 1821 1546 1837 ,
1567 1794 1653 1830 licet
1670 1793 1780 1842 paulo
1793 1793 1980 1842 abruptior

605 1843 768 1879 videatur
800 1844 930 1880 oratio.
949 1843 1089 1892 Nempe
1114 1843 1280 1880 Vitellius
1299 1854 1414 1892 partes
1442 1843 1601 1880 modeste
1635 1843 1848 1880 distraxerat.
1870 1842 1981 1891 Apud

606 1893 756 1930 vietor-es
773 1905 852 1930 orta
873 1893 921 1930 est
946 1893 1075 1930 seditio
1096 1893 1252 1930 luctandi
1273 1893 1412 1937 studi03
1438 1893 1579 1930 ludicro
1600 1893 1746 1943 quidem
1768 1893 1874 1929 initio
1892 1921 1901 1935 ,
1917 1892 1982 1928 nifi

606 1955 770 1979 numerus
787 1944 959 1979 caesorum
978 1942 1153 1980 invidiam
1171 1943 1268 1980 bello
1293 1943 1394 1980 civili
1411 1943 1565 1980 auxiffet.
1597 1945 1649 1978 At
1667 1942 1750 1978 cum
1776 1943 1813 1977 in
1835 1943 1909 1979 hoc
1926 1953 1982 1978 tu-

604 1993 718 2028 multu
746 1993 823 2029 duae
855 1994 1026 2029 cohortes
1057 1992 1281 2028 auxiliarium
1322 1993 1463 2029 fuissent
1499 1993 1689 2030 interfeetce
1716 2020 1728 2036 ,
1778 1992 1984 2029 detestabile

603 2041 791 2079 videbatur
809 2043 942 2080 bellurn
962 2043 1089 2086 civile,
1107 2044 1209 2090 hujus
1232 2042 1353 2092 stragis
1374 2043 1488 2079 causa.

659 2091 834 2128 Pnamm:
860 2097 1001 2139 MlLEs]
1040 2093 1116 2129 Mff.
1129 2093 1241 2129 Corb.
1262 2092 1368 2128 Bodl.
1388 2096 1421 2129 ὅ(
1438 2092 1552 2129 editio
1571 2092 1756 2141 princeps,
1773 2093 1916 2138 proinde.

657 2143 749 2177 AUT
770 2154 960 2178 L1CENTER
976 2147 1100 2188 AGlT]
1131 2143 1190 2178 Sic
1210 2142 1285 2178 ΜΠ.
1302 2142 1387 2192 Reg.
1411 2141 1511 2179 Flor.
1532 2142 1650 2179 Guelf.
1683 2142 1795 2178 editio
1815 2142 1981 2190 princeps

604 2193 638 2226 δε
653 2191 873 2228 recentiores.
898 2192 939 2227 In
958 2192 1032 2229 ΜΠ.
1055 2193 1167 2228 Corb.
1183 2192 1266 2242 Agr.
1290 2205 1346 2227 αιιι
1371 2194 1500 2228 licenter
1523 2207 1625 2241 agere.
1646 2192 1713 2227 Ms.
1736 2191 1842 2227 Bodl.
1863 2195 1896 2228 ὃς
1914 2191 1980 2226 Pu-

603 2240 767 2276 teolanus
779 2269 787 2284 ‚
812 2254 867 2276 aut
888 2244 1082 2289 licentiosus,
1102 2242 1228 2278 omisso
1241 2242 1353 2278 verbo
1367 2273 1374 2284 ,
1391 2245 1470 2290 agit.
1487 2242 1748 2278 Emendaverat
1762 2240 1976 2283 Rhenanus,

603 2302 659 2325 aut
678 2293 831 2327 licentior.
857 2292 1000 2326 Licemcr
1011 2291 1142 2327 habent
1157 2292 1231 2327 Mss.
1249 2292 1350 2327 Harl.
1363 2291 1430 2327 Jes.
1446 2292 1504 2330 sed
1519 2292 1665 2331 verbum
1683 2291 1841 2329 omisere.
1852 2289 1977 2328 Altera

602 2340 741 2377 tanturn
756 2353 864 2378 manu
882 2341 1043 2378 additum
1065 2341 1103 2378 in
1122 2341 1189 2381 Ms.
1208 2341 1312 2379 Harl.
1331 2355 1437 2390 agens.
