2209 3047
322 183 405 225 AD
427 184 651 226 LIBRUM:
675 184 750 226 ΠΙ.
779 184 922 226 HIST.
951 184 998 225 C.
1025 185 1202 226 CORN.
1228 183 1436 228 TACITI.
1492 202 1578 239 473

245 261 351 297 CAP.
380 260 506 298 LXIV.
538 261 810 299 CONCEDERET
836 265 854 308 ]
877 260 974 297 Male
997 261 1064 296 Ms.
1094 261 1182 312 Reg.
1209 266 1242 300 &
1263 264 1376 301 editio
1395 263 1587 314 princeps,

197 314 359 397 recgiergg
386 373 522 398 DUCEM
549 365 565 407 ]
594 361 661 398 Ms.
686 362 798 398 Corb.
824 365 858 398 ὃς
881 361 994 398 editio
1019 360 1206 411 princepS,
1226 364 1262 411 st
1284 365 1391 401 ducem
1409 365 1457 412 se.

250 413 410 448 EAsnm
440 423 547 447 ILLAS
573 415 590 457 ]
619 411 684 449 Ms.
714 411 828 448 Corb.
856 425 907 448 eas
932 413 1018 448 illas.

251 511 357 548 CAP.
385 511 492 548 LXV.
520 512 734 549 INVALIDUS
761 523 932 548 SENECTA
959 516 976 558 ]
1005 511 1069 550 Ms.
1092 512 1179 562 Agr.
1209 514 1371 548 invalidus
1397 526 1490 550 aetate
1504 515 1581 562 sen-

187 562 298 609 suque.
326 562 419 598 Mira
434 562 659 598 librariorum
682 561 821 597 incuria
836 588 845 603 ‚
868 562 975 598 verba
989 562 1249 605 illa,invalidus
1265 564 1412 609 sensti,
1445 565 1481 599 in
1500 564 1580 600 Mff.

196 611 294 649 Flor.
318 611 406 661 Reg.
433 612 462 647 A
493 625 519 647 r.
540 611 658 647 Guelf.
681 614 714 646 δε
734 610 896 648 editione
923 613 1086 661 principe
1117 613 1386 661 conjunguntur
1419 627 1498 649 curn
1527 615 1582 651 se-

193 661 387 710 quentibus
409 626 525 697 veriis
547 661 673 709 capitis
698 661 770 708 67,
786 661 888 708 fimul
902 663 1070 710 ferebatur
1090 663 1246 699 leb'liculd.
1274 663 1439 698 Errorexn
1462 664 1583 713 depre-

195 711 324 747 hendit
351 710 626 759 emendavitque
650 710 881 747 Puteolanus.

243 762 529 796 Susmcmmnus
559 772 815 796 INCESSERENT
842 765 860 808 ]
885 761 941 797 Ita
966 761 1182 798 Puteolanus
1207 765 1239 798 δε
1268 760 1582 798 Recentiores.SiC

194 822 342 858 quoque
367 809 434 846 Ms.
461 809 582 846 Guelf.
604 809 720 859 prima
743 823 862 847 manu,
883 811 1007 847 Altera
1028 813 1254 848 emendatum
1269 839 1278 854 ,
1305 813 1501 849 incederent5
1529 812 1582 846 uti

195 859 331 895 habent
353 859 420 895 Ms.
446 859 534 908 Reg.
560 862 593 895 ὃς
617 860 731 896 editio
755 860 934 909 princeps.
962 861 1005 896 In
1032 861 1098 897 Ms.
1123 864 1212 911 Agr.
1239 862 1447 897 incenderent.

246 908 475 945 FORTUNAM
503 921 662 945 FRATRIS
691 914 708 956 ]
735 910 778 945 In
802 909 868 946 Ms.
891 910 1158 958 Bud.fortunae;
1180 911 1281 961 quod
1298 909 1477 948 immerito
1496 921 1580 960 pro-

193 959 256 996 bat
279 959 484 995 Rhenanus.
510 958 609 995 Male
634 959 709 996 Mff.
735 959 853 996 Guelf.
881 960 948 997 Jes.
976 964 1099 998 matris.

241 1009 416 1051 NAMQUE
445 1011 612 1045 FLAvms
638 1011 650 1056 ]
681 1009 746 1045 Ms.
775 1009 888 1046 Corb.
917 1024 991 1046 nam
1012 1013 1157 1049 Flavius.

242 1059 372 1095 FmEM
401 1070 632 1095 PRAEJUVISSE
660 1062 676 1107 ]
703 1059 769 1095 ΜΓ.
788 1060 871 1109 Agr.
886 1062 1051 1110 praeiviffe.
1071 1061 1191 1097 Ceteri
1211 1073 1335 1097 omnes
1355 1060 1435 1096 libri
1460 1060 1583 1110 scripti

194 1111 229 1145 &
249 1108 364 1152 editi,
391 1108 578 1156 praejuviffi.
605 1111 657 1145 At
680 1108 763 1145 cum
788 1109 935 1146 verbum
956 1114 1139 1157 praejuvare
1163 1111 1335 1160 nusquam
1363 1111 1399 1145 in
1430 1110 1584 1159 scripto·-

192 1158 292 1196 ribus
317 1158 454 1194 Latinis
490 1170 680 1202 occurrat,
710 1160 885 1196 Nicolaus
909 1160 1076 1196 Heinfius
1107 1161 1292 1204 tentabar,
1328 1174 1411 1206 praes
1441 1162 1584 1210 juviffiz:

192 1207 297 1257 quod
328 1208 475 1257 Ryckio
503 1209 726 1258 Groevioque
756 1210 904 1257 placuit.
945 1210 1143 1258 Displicuit
1176 1222 1293 1246 autem
1332 1209 1389 1246 Cl.
1422 1209 1583 1247 Ernesto.

193 1257 275 1294 Nec
296 1257 379 1294 sane
398 1273 480 1305 praes
506 1258 604 1295 fuisse
635 1259 778 1296 videtur
801 1260 975 1302 Sabinus3
1006 1260 1065 1296 sed
1097 1260 1171 1309 ipse
1197 1260 1357 1296 affeaam
1381 1259 1586 1309 Vespafiani

195 1307 304 1344 fidem
326 1308 515 1356 praejuvit,
552 1308 665 1345 domo
689 1309 851 1358 agrisque
875 1310 1021 1359 pignori
1046 1310 1213 1358 acceptis.

249 1358 510 1395 OrrENsARUM
541 1371 696 1395 OPERTA
725 1363 742 1405 ]
767 1359 864 1396 Male
891 1361 966 1396 Mss.
990 1359 1098 1396 Bodl.
1120 1360 1187 1397 Jes.
1215 1365 1249 1397 ὅς
1271 1359 1514 1404 Puteolanus,
1536 1359 1586 1408 of-

187 1408 356 1456 fenfizrum
382 1422 486 1454 opera.

244 1457 323 1494 PER
354 1469 632 1495 CONmTloNEM
657 1462 675 1504 ]
707 1458 772 1496 Ms.
799 1460 886 1510 Agr.
906 1474 964 1506 per
984 1460 1188 1496 conditiones.

248 1507 359 1543 Duos
388 1520 524 1544 TESTES
552 1511 570 1554 ]
599 1508 665 1544 Ms.
689 1508 756 1544 Jes.
784 1510 844 1544 duo
871 1510 971 1556 testes.

246 1557 410 1593 SABINUS
441 1569 524 1594 NON
556 1569 767 1595 INSULTANS
791 1563 810 1606 ]
835 1560 1020 1596 Acidalius
1041 1559 1165 1596 frustra
1194 1568 1332 1604 tentat,
1363 1560 1488 1596 Sabini.

247 1658 353 1695 CAP.
381 1658 511 1697 LXVI.
541 1660 587 1697 IN
617 1673 790 1698 LIBIDINE
817 1664 830 1710 ]
855 1661 954 1699 Male
977 1661 1054 1698 Mss.
1077 1662 1165 1713 Reg.
1194 1662 1302 1699 Bodl.
1325 1661 1439 1698 Corb.
1459 1663 1492 1698 &
1510 1659 1588 1697 edi-

194 1708 250 1745 tio
278 1709 444 1758 princeps
461 1737 471 1753 ,
498 1713 531 1746 in
556 1712 730 1748 libidinem.

248 1761 308 1794 NE
337 1771 471 1796 vro-ros
502 1773 654 1803 QUIDEM
684 1774 859 1800 LATURos
885 1766 902 1809 ]
924 1761 1157 1810 Conjiciebat
1175 1761 1403 1804 Vertranius,
1425 1775 1461 1797 ne
1484 1761 1588 1795 vic‘lor

196 1809 320 1857 quidem
343 1811 494 1845 laturus:
522 1810 713 1848 Rhenanus
729 1841 738 1856 ‚
765 1826 801 1848 ne
824 1815 944 1849 wiffam
967 1814 1089 1862 quidem
1115 1815 1252 1848 laturus.
1273 1813 1325 1847 At
1345 1811 1435 1847 nihil
1460 1819 1588 1859 peccat

196 1858 343 1908 vulgata
368 1859 564 1909 scriptura,
586 1874 666 1910 quae
687 1862 811 1899 eadem
832 1863 880 1900 est
902 1863 940 1898 iu
960 1862 1127 1899 omnibus
1151 1862 1248 1897 libris
1267 1862 1450 1910 scriptis&
1467 1859 1585 1897 editis.

250 1908 446 1946 Pssozmn
471 1923 480 1946 t
505 1923 574 1947 SED
605 1923 667 1947 UBI
694 1916 710 1958 ]
735 1913 832 1949 Male
859 1913 934 1950 Mss.
959 1915 1047 1962 Reg.
1070 1912 1183 1949 Corb.
1208 1915 1242 1949 ὃς
1262 1912 1377 1949 editio
1398 1911 1585 1960 princeps,

192 1962 355 2005 promittis
371 1975 384 1994 .·
413 1960 450 1995 ξεν
475 1961 526 1996 ubi
552 1964 619 1998 &c.
646 1962 689 1997 In
713 1962 779 2001 Ms.
803 1963 912 2000 Bodl.
931 1966 1106 2010 promitti:
1127 1963 1185 2010 sed
1208 1966 1375 2009 imperium
1401 1963 1451 1997 ubi
1472 1962 1588 2008 Vespa-

187 2008 300 2056 fianus
323 2012 391 2046 &c.
414 2010 505 2046 Mox
526 2011 592 2048 Ms.
618 2012 730 2048 Corb.
758 2015 931 2060 invaserat.

248 2057 458 2096 AEMULATU
487 2074 719 2100 REDlTURAM
748 2066 766 2109 ]
800 2064 856 2099 Ita
882 2063 1018 2112 Lipsius
1041 2066 1074 2099 &
1099 2061 1342 2099 Recentiores.
1374 2060 1486 2097 Favet
1520 2059 1587 2095 Ms.

197 2106 296 2144 Flor.
318 2108 356 2144 in
379 2123 452 2159 quo
470 2139 479 2153 ,
506 2114 688 2148 oemulatore
711 2113 865 2150 diturum.
886 2114 994 2150 Forte
1018 2125 1136 2149 tamen
1162 2112 1351 2161 legendum
1367 2139 1377 2154 ‚
1404 2112 1588 2163 aemulatore

198 2158 404 2194 redituram:
433 2159 479 2195 fic
501 2162 596 2198 enim
618 2162 753 2199 habent
780 2163 857 2199 Mss'.
880 2163 981 2199 Harl.
1007 2163 1073 2200 Jes.
1102 2166 1134 2198 &
1167 2162 1395 2199 Puteolanus.
1432 2161 1473 2195 In
1512 2158 1590 2195 ΜΠ.

199 2206 289 2257 Reg.
314 2210 402 2258 Agr.
431 2211 465 2245 ὅς
491 2211 652 2249 editione
677 2213 867 2261 principe,
901 2215 1083 2248 aemulazore
1115 2213 1276 2248 daturum.
1308 2210 1384 2248 Mss.
1413 2209 1524 2246 Corb.
1556 2210 1592 2244 &

198 2257 293 2294 Bud.
331 2260 493 2297 daturam.
523 2262 662 2297 Frustra
695 2273 808 2298 tentat
839 2264 1052 2306 Rhenanus,
1086 2264 1225 2307 aemulo,
1256 2262 1429 2298 redituram
1447 2275 1461 2294 .·
1490 2259 1520 2296 J.
1549 2259 1591 2295 F.

128 2312 132 2316 '
203 2307 440 2351 Gronovius,
471 2313 677 2353 aemulatore,
699 2313 863 2357 futuram.

254 2357 414 2396 CAsmus
446 2373 569 2397 Dussns
600 2375 856 2398 RESERVATUM
886 2366 902 2408 ]
927 2363 1023 2400 Bene
1047 2362 1265 2399 Puteolanus
1291 2366 1324 2399 &
1353 2360 1595 2398 Recentiores.

201 2404 282 2444 Nec
309 2409 449 2446 variant
470 2411 548 2448 Mss.
573 2412 676 2448 Harl.
702 2412 809 2451 Bodl.
834 2413 902 2453 les,
923 2412 969 2450 In
990 2413 1067 2453 ΜΠ,
1092 2412 1191 2451 Flor.
1216 2414 1304 2462 Reg.
1329 2413 1442 2447 Corb.
1469 2413 1502 2447 δε
1526 2406 1598 2446 edi-

298 2479 336 2520 T
332 2496 405 2524 om.
437 2483 516 2527 III.
1279 2484 1320 2526 O
1337 2498 1361 2524 0
1379 2498 1405 2524 0
