2209 3047
505 302 535 326 A.
552 302 581 323 U.
593 301 623 323 C.

529 349 600 377 822.

531 399 555 422 1.
567 399 597 422 C.

538 447 590 481 69.

908 167 956 208 C.
1023 166 1427 210 CORNELII
1491 168 1775 210 TACITI

643 246 842 289 contineri
867 261 949 286 non
976 246 1129 302 possent
1145 277 1158 298 ,
1183 249 1249 302 qui
1273 249 1401 303 puniri
1427 260 1625 302 poterant.

704 309 937 351 XXVIII.
970 310 1043 350 AT
1068 309 1243 351 Civilem
1267 310 1463 350 immensiS
1483 309 1658 351 auctibus
1681 315 1692 332 ¹
1715 309 1898 350 universa
1918 311 2019 350 Ger-

642 375 773 414 mania
793 371 1040 424 extollebat,
1060 373 1250 414 societate
1270 371 1516 413 nobilissimis
1535 372 1713 413 obfidum
1734 370 1898 413 firmata.
1918 371 1993 412 Ille
2006 401 2020 422 ,

641 450 686 477 ut
709 437 852 490 cuique
870 437 1096 491 proximum
1111 466 1123 486 ,
1152 453 1173 472 «
1200 436 1338 476 vastari
1361 434 1486 477 Ubios
1508 435 1784 489 Treverosque
1808 439 1823 456 ²
1840 465 1853 485 ‚
1879 439 1918 475 δε
1946 433 2023 474 alia

641 514 795 540 »manu
818 499 979 540 Mosam
1004 514 1161 540 amnem
1187 504 1196 527 ³
1225 498 1383 539 transire
1410 516 1432 536 >2
1456 497 1592 551 jubet,
1622 516 1644 536 (ε
1670 512 1714 538 ut
1741 499 1955 553 Menapios
1980 501 2021 538 δε

642 562 862 603 »Morinos
886 565 927 604 ὃς
957 576 1133 603 extrema
1161 560 1384 602 Galliarum
1409 575 1588 616 quateret
1613 578 1656 602 ».
1680 562 1785 601 Aeta:
1810 559 2022 613 utrobique

643 625 777 681 praedae
793 639 804 672 ;
820 625 994 666 infestius
1010 626 1051 665 in
1067 624 1201 674 Ubiis,
1220 624 1329 678 quod
1349 639 1446 679 gens
1461 625 1710 666 Germanica:
1727 625 1892 678 originis
1909 652 1922 673 ,
1939 621 2023 674 eju-

644 687 727 728 rata
746 686 868 744 patria
881 717 893 737 ‚
913 689 1193 729 Romanorum
1213 702 1387 738 nomen,
1406 686 1714 743 Agrippinenses
1733 692 1752 716 4
1770 698 2023 727 vocarentur.

645 751 760 791 Caesae
784 753 969 791 cohortes
992 765 1152 800 eorum,
1165 750 1206 790 in
1225 751 1319 791 vico
1338 751 1586 792 Marcoduro
1607 755 1618 782 5
1628 781 1641 801 ,
1656 750 1888 791 incuriosius
1908 762 2025 802 agen-

644 827 730 864 tes,
759 814 848 866 quia
875 811 1018 868 procul
1040 810 1126 869 ripa
1147 811 1164 834 ⁶
1189 812 1362 854 aberant.
1389 815 1483 855 Nec
1509 816 1696 868 quievere
1723 812 1842 862 Ubii,
1869 812 2025 865 quomi-

645 891 718 916 nus
739 875 883 930 praedas
903 890 924 916 e
939 873 1156 916 Germania
1174 889 1371 931 peterent:
1392 878 1522 933 primo
1540 877 1719 933 impune:
1740 876 1832 916 dein
1852 875 2025 914 circum-

644 940 756 980 venti
780 937 870 977 sunt
884 967 897 987 ,
922 953 991 993 per
1016 953 1135 979 omne
1168 938 1209 978 id
1229 937 1381 979 bellum
1414 939 1580 981 meliore
1599 940 1654 979 usl
1676 938 1779 987 fide,
1805 935 1925 990 quam
1946 936 2026 977 for-

646 1002 755 1042 tuna.
790 999 976 1041 Contusis
1020 1000 1131 1041 Ubiis
1147 1030 1160 1050 ‚
1192 1003 1378 1056 gravior,
1412 1007 1452 1043 δε
1479 1002 1656 1044 successu
1685 1015 1817 1041 rerum
1851 999 2026 1040 ferocior

649 1062 818 1112 Civilis,
847 1062 1039 1104 obsidium
1058 1062 1267 1118 legionum
1290 1069 1305 1092 ⁷
1330 1065 1522 1119 urgebat3
1548 1065 1710 1106 intentis
1736 1062 1947 1112 custodiis,
1976 1076 2026 1101 ne

646 1127 733 1180 quis
759 1125 943 1167 occultus
966 1127 1128 1167 nuntius
1155 1128 1352 1168 venientis
1384 1127 1521 1168 auxilii
1553 1139 1791 1183 penetraret.
1814 1126 2026 1166 Machinas

645 1187 877 1242 molemque
913 1204 1080 1244 operum
1107 1189 1265 1230 Batavis
1293 1189 1476 1245 delegat:
1514 1191 1840 1231 Transrhenanos
1867 1204 1890 1225 «
1919 1202 2029 1244 proe-

647 1250 779 1291 »lium
799 1268 820 1287 »
842 1251 1072 1307 poscentes,
1093 1268 1114 1288 «
1134 1252 1186 1293 ad
1197 1252 1460 1294 scindendum
1481 1252 1632 1294 vallum
1650 1254 1728 1302 ire,
1749 1250 2028 1304 detrusosque,

647 1314 949 1368 »redintegrare
969 1328 1171 1356 certamen
1190 1332 1211 1352 »
1229 1314 1365 1366 jubet3
1386 1315 1596 1372 superante
1613 1315 1870 1356 multitudine
1884 1343 1898 1365 ,
1917 1318 1958 1355 ὃς
1977 1313 2029 1353 fa-

651 1377 721 1419 cili
743 1377 889 1418 damno
915 1375 951 1417 ⁸:
979 1392 1055 1419 nec
1078 1378 1200 1418 finem
1223 1377 1350 1419 labori
1374 1394 1457 1420 nox
1485 1379 1641 1420 adtulit.

713 1439 890 1481 XXIX.
925 1440 1209 1482 CONGESTIS
1247 1442 1399 1483 circum
1431 1441 1577 1497 lignis,
1609 1440 1886 1494 accensisque,
1917 1436 2030 1478 simul

651 1502 857 1557 epulantes
871 1533 884 1553 ,
910 1518 954 1544 ut
976 1504 1139 1558 quisque
1160 1505 1256 1546 vino
1272 1504 1518 1555 incaluerat,
1544 1506 1593 1546 ad
1612 1519 1788 1561 pugnam
1806 1503 2032 1543 temeritate

652 1566 760 1605 inani
779 1565 1019 1607 ferebantur.
1039 1568 1204 1622 Quippe
1223 1568 1399 1624 ipsorum
1418 1566 1500 1608 tela
1518 1583 1588 1624 per
1605 1566 1787 1607 tenebras
1807 1580 1929 1606 vana:
1950 1565 2032 1605 Ro-

651 1630 761 1668 mani
784 1629 1043 1684 conspicuam
1065 1629 1321 1671 barbarorum
1345 1632 1471 1671 aciem
1486 1659 1500 1680 ,
1530 1635 1569 1671 &
1594 1630 1619 1669 si
1642 1630 1728 1683 quis
1750 1625 1912 1669 audacia
1925 1657 1939 1677 ,
1966 1640 2033 1668 aut

651 1691 868 1746 insignibus
890 1696 906 1720 9
936 1691 1160 1748 effulgens,
1188 1693 1236 1734 ad
1269 1695 1391 1733 istum
1419 1693 1676 1734 destinabant.
1707 1691 1961 1732 Intelle&um
1994 1689 2035 1730 id

641 183 726 219 242

694 1793 702 1806 ¹
728 1789 883 1818 Immausm
908 1791 1087 1827 AUchnus]
1111 1788 1162 1820 Sic
1188 1790 1326 1821 Velleius

655 1827 802 1858 Patercul.
819 1829 866 1864 ΙΙ,
887 1839 936 1865 40.
950 1828 1041 1867 Hujus
1063 1829 1135 1865 viri,
1162 1829 1325 1869 Pompeii,

648 1866 789 1905 sqsligium
816 1867 904 1895 rantis
927 1867 1049 1897 auc'h‘bus
1073 1869 1189 1905 fortuna
1217 1869 1324 1898 extulit.

657 1905 813 1948 Immenfis
833 1914 937 1936 autem
954 1908 1090 1938 auaibus
1117 1908 1326 1939 extollebatur

658 1945 792 1981 Civilis,
826 1948 896 1975 cum
927 1946 1153 1977 Transrhenani
1178 1947 1326 1978 Germani

658 1984 797 2022 undique
814 1984 841 2014 ei
854 1985 1064 2024 jungerentur.

699 2026 709 2038 ²
733 2025 827 2053 Umos
859 2024 1103 2060 TREVEROSQUE
1129 2027 1142 2063 ]
1172 2026 1266 2056 Nunc
1287 2024 1327 2054 les

655 2061 765 2098 periples
782 2061 813 2090 de
828 2061 947 2102 Cologne
962 2063 991 2092 ὓ
1009 2064 1040 2092 de
1057 2063 1168 2094 Treves.

699 2105 708 2126 3
734 2102 850 2131 Mosm
873 2113 981 2133 AMNEM
1003 2105 1017 2140 ]
1051 2105 1144 2134 Nunc
1171 2103 1198 2132 la
1224 2102 1326 2141 Mense.

658 2140 719 2175 At,
735 2148 767 2169 ut
785 2142 863 2170 rene
880 2141 1025 2172 observat
1045 2143 1181 2173 eruditus
1205 2142 1327 2173 Buche-

659 2177 720 2208 rius
734 2202 742 2215 ‚
754 2177 877 2217 Belgium
891 2179 1057 2218 Romanum,
1072 2192 1138 2221 pag.
1155 2184 1208 2219 183
1221 2181 1325 2220 &seq-

659 2227 725 2247 non
746 2218 864 2248 Mosam
892 2223 1028 2256 tantum,
1054 2221 1103 2251 sed
1129 2222 1162 2251 &
1192 2221 1327 2251 Scaldim

657 2255 798 2300 l’E-Jseaur,
826 2257 943 2288 transsit
972 2269 1076 2289 manus
1097 2260 1147 2289 illa
1170 2259 1326 2290 sociorum

659 2296 771 2325 C1v11is
782 2319 790 2331 ‚
803 2305 868 2334 quae
881 2297 1041 2336 Menapios
1052 2323 1059 2334 ‚
1071 2299 1212 2329 Morinos
1223 2322 1232 2334 ,
1244 2309 1327 2329 nunc

657 2333 834 2378 lea-'dioceses
859 2334 890 2364 de
911 2335 1033 2366 Tournai
1045 2361 1053 2374 ‚
1070 2336 1100 2366 de
1120 2337 1258 2376 Boulogne
1271 2361 1279 2372 ‚
1295 2337 1327 2367 de

657 2372 861 2410 Salar-Omen
875 2373 982 2412 d'Ipre,
999 2376 1033 2406 &
1053 2384 1190 2406 extrema
1210 2376 1328 2407 Gauia-

658 2422 725 2444 xum
745 2436 756 2452 ,
785 2422 936 2454 quateret.
965 2415 1045 2447 Vide
1072 2416 1327 2456 Supplementum

1365 1790 1477 1820 Annal.
1501 1791 1595 1827 VIII,
1618 1799 1668 1830 35.
2007 1824 2014 1830 .

1403 1835 1418 1853 4
1439 1831 1708 1867 Mammenses]
1729 1829 1826 1867 Quod
1842 1835 1959 1858 nomen
1987 1835 2030 1855 eis

1367 1879 1404 1899 ex
1426 1869 1602 1907 Agrippinae
1631 1870 1791 1900 vocabulo
1823 1866 1957 1898 inditum
1975 1864 2033 1902 est;

1365 1916 1399 1938 ut
1414 1907 1550 1938 vidimus
1565 1909 1652 1946 supra
1670 1908 1782 1938 Annal.
1803 1908 1861 1937 XII
1876 1929 1885 1941 ‚
1905 1914 1955 1942 27.

1409 1951 1417 1973 5
1440 1949 1474 1977 Iu
1497 1959 1575 1980 vico
1599 1947 1837 1983 Mincommo]
1870 1942 2033 1974 Marcodu-

1366 1996 1451 2021 rum,
1479 1997 1562 2017 nunc
1588 1986 1712 2024 Didi-en,
1733 1986 1805 2015 dans
1829 1985 1853 2014 le
1875 1981 1977 2013 Ducke
2000 1980 2033 2009 de

1365 2025 1482 2055 Juliers.

1406 2065 1419 2083 ⁶
1441 2065 1545 2101 Rm]
1567 2064 1644 2103 Ripa
1668 2064 1778 2096 Rheni.
1932 2101 1937 2106 ,

1405 2109 1418 2129 7
1439 2106 1601 2134 ΟΒειοιυΜ
1623 2104 1815 2140 melonum]
1838 2103 1913 2139 Quae
1930 2099 2033 2144 mtcas-

1366 2141 1418 2173 tris
1439 2143 1602 2174 Veteribus
1619 2164 1627 2177 ‚
1651 2153 1734 2174 nunc
1760 2142 1867 2171 Samen
1882 2165 1892 2178 ‚
1909 2141 2033 2171 detine-

1364 2182 1497 2220 banrur3
1515 2190 1549 2212 ut
1567 2181 1681 2212 dietum
1698 2183 1737 2212 est
1755 2181 1841 2220 supra
1857 2190 1923 2218 cap.
1943 2189 1994 2216 23.

1406 2221 1417 2240 ⁸
1440 2221 1549 2252 FAc1u
1581 2232 1692 2251 DAMNO
1713 2225 1726 2260 ]
1757 2220 1853 2258 Quod
1885 2220 2033 2248 damnum

1366 2260 1456 2291 facile
1472 2261 1661 2291 tolerabatur
1671 2270 1796 2299 propter
1806 2258 1941 2289 militum
1953 2256 2033 2286 mul-

1365 2299 1545 2330 titudinem.
1945 2302 1952 2308 ”

1403 2344 1417 2363 9
1439 2341 1506 2370 Αυτ
1534 2348 1705 2369 msmmssus
1721 2336 1866 2374 ]Quibus
1875 2343 1927 2364 aut
1943 2333 2033 2364 locu-

1366 2377 1536 2415 pletiffimi‚
1552 2386 1604 2407 aut
1625 2377 1648 2406 ii
1666 2376 1777 2415 quibus
1791 2376 1946 2406 honorata
1966 2380 2032 2403 erat

1365 2416 1493 2452 militia,
1507 2415 1783 2455 distinguebantur.

2058 823 2106 849 10

2062 1135 2109 1174 15

2058 1449 2112 1475 20
