2209 3047
294 177 378 220 AD
412 178 639 221 LIBRUM
673 176 949 234 QUINTUM
981 178 1407 222 HISTORIARUM.
1469 193 1551 234 351

167 258 377 316 civilisque
403 266 415 283 ¹
449 276 544 303 cum
573 260 821 302 senatoribus
848 258 1013 313 aliisque
1036 289 1049 310 ,
1071 261 1138 301 seu
1173 261 1312 314 domi,
1330 262 1398 303 seu
1425 263 1522 305 foris
1539 267 1555 285 ²
1579 287 1694 297 -—-

168 340 268 366 cena
287 340 298 373 3
321 340 439 380 quam
460 325 577 381 super
598 323 738 377 jocosa
763 329 773 353 ³
797 328 838 365 δε
859 321 1073 379 indulgens
1090 329 1107 352 4
1123 325 1314 369 hilaritas.
1336 328 1419 370 Hic
1444 343 1557 370 com-

166 390 299 430 munis
324 390 414 429 vitae
435 402 553 430 tenor
584 393 613 429 5.

231 452 403 493 XLIX.
438 451 636 502 EADEM,
659 455 700 493 ὅ(
722 452 839 492 anxia
860 451 1013 507 magis,
1035 465 1129 507 erga
1151 448 1298 494 liberos
1323 469 1442 507 cura,
1464 459 1558 498 cum

113 522 141 566 5
167 514 397 572 reipublicae
417 531 573 567 amore,
590 529 677 557 tum
697 515 839 555 domus
859 513 1001 570 gloria.
1017 515 1232 556 Paternum
1251 518 1359 557 enim
1379 522 1558 562 animum

165 578 341 634 angebat
361 579 646 629 Domitianus,
669 577 887 634 praeferoce
908 577 1072 630 indole,
1103 583 1144 619 &
1166 579 1207 619 in
1230 593 1369 620 omnes
1390 582 1560 626 fortunae

165 641 242 683 suae
264 641 451 685 libidines
472 656 669 700 praeceps:
691 656 783 682 eum
807 655 918 697 pater
939 643 1125 698 privatim
1147 640 1495 698 objurgationibus
1520 648 1558 700 ⁶,

165 707 209 746 in
233 705 400 762 publico
425 705 647 748 honoribus
669 705 719 746 ad
740 704 909 747 meliora
930 705 1160 748 revocabat.
1179 706 1298 748 Titus
1314 736 1327 757 ,
1353 710 1473 763 patris
1497 711 1560 752 de-

166 767 269 810 liciae
284 798 297 819 ,
324 769 412 825 spes
439 768 710 823 columenque
736 769 916 826 imperii:
952 770 1034 825 ipse
1061 785 1197 811 tamen
1223 771 1409 825 inquietae
1438 774 1559 814 etiam

87 841 142 871 10
166 830 453 874 sollicitudinis
495 832 611 874 causa
624 862 637 884 ,
679 847 764 873 non
804 833 1001 889 suspicaci
1040 833 1238 890 Principis
1282 835 1447 889 ingenio
1476 840 1487 887 (
1518 838 1560 877 id

165 896 399 936 enim-vitii
423 911 446 936 a
475 893 669 952 generosa
697 909 834 937 mente
869 895 1005 938 aberat
1029 899 1041 948 )
1069 897 1136 938 sed
1168 899 1394 939 recentium
1426 900 1560 942 adhuc

163 957 394 1016 reipublicae
427 958 697 1015 procellarum
728 958 922 1001 memoria
943 990 956 1011 ,
997 964 1038 1002 &
1068 960 1242 1003 occultis
1273 962 1521 1005 sermonibus
1550 982 1558 1005 :

171 1038 195 1059 «
218 1023 305 1063 Titi
332 1023 455 1064 fidem
487 1022 700 1065 vacillare:
725 1024 860 1065 favere
890 1022 1097 1079 legiones:
1129 1040 1206 1066 nec
1232 1024 1458 1081 religione,
1490 1027 1559 1069 sed

164 1084 436 1142 »explorandi
465 1088 619 1128 animos
643 1086 759 1128 causa
773 1118 786 1139 ,
811 1089 915 1128 inter
939 1088 1081 1145 Apidis
1104 1088 1213 1130 sacra
1242 1093 1256 1115 ⁷
1274 1119 1288 1139 ,
1317 1090 1359 1129 in
1383 1090 1558 1132 maxima

89 1153 137 1195 15
164 1150 368 1206 »AEgypti
397 1148 631 1192 celebritate
651 1181 665 1202 ,
699 1152 814 1207 regni
840 1152 1032 1207 cupidum
1058 1148 1072 1173 3
1089 1181 1103 1202 ,
1134 1153 1248 1206 regio
1274 1152 1389 1192 usum
1419 1153 1558 1195 diade-

163 1226 303 1254 »mate
323 1231 366 1254 ».
388 1214 505 1255 Titus
522 1244 534 1265 ,
560 1216 644 1256 haec
672 1216 713 1255 in
735 1214 843 1255 Urbe
863 1212 1031 1267 jaffitari
1052 1216 1288 1272 impatiens,
1313 1216 1423 1270 quod
1446 1218 1560 1259 cons-

165 1273 316 1317 cientia
336 1278 493 1333 integer
505 1308 519 1328 ,
531 1278 718 1320 festinans
734 1279 912 1320 Romam
933 1279 1215 1335 proficiscitur.
1230 1278 1453 1334 Legiones,
1471 1296 1556 1336 quae

161 1339 449 1395 Hierosolyma
465 1371 478 1392 ,
505 1356 555 1382 eo
581 1342 711 1393 duce,
740 1354 957 1398 ceperant,
986 1359 1008 1378 «
1035 1355 1104 1383 aut
1128 1357 1377 1394 remaneret,
1405 1358 1473 1385 aut
1498 1345 1558 1386 se—

163 1418 291 1444 »cum
310 1418 451 1444 omnes
471 1406 618 1460 pariter
643 1404 861 1446 abduceret
883 1409 900 1434 9
924 1421 946 1442 >›
972 1405 1110 1447 frustra
1135 1421 1324 1447 oravere:
1350 1408 1488 1461 quinta
1513 1409 1555 1449 in

81 1473 138 1502 20
159 1465 347 1508 Moesiam
359 1497 374 1520 ‚
390 1468 689 1522 quintadecima
707 1469 750 1509 in
764 1469 1015 1510 Pannoniam
1029 1470 1192 1511 remiffae
1211 1475 1258 1513 ¹0.
1277 1470 1396 1526 Argis
1417 1476 1445 1493 ¹¹
1465 1485 1556 1513 tan-

203 1634 213 1649 ¹
238 1629 367 1661 FAcius
397 1632 606 1664 c1v1L18QUE]
630 1629 666 1658 In
687 1628 736 1659 his
759 1638 836 1668 epu—
877 1630 930 1659 rior
949 1629 1090 1659 traditur:
1112 1639 1196 1669 eaque
1211 1639 1345 1659 momenta
1361 1629 1494 1670 domestici
1516 1633 1555 1662 ad

162 1667 201 1699 lis
217 1679 276 1700 nec
288 1670 398 1706 luxus,
420 1679 479 1699 nec
499 1678 616 1708 ganea,
635 1668 774 1707 sedfiaper
786 1678 837 1698 cae-
877 1668 980 1708 aliquid
999 1668 1144 1706 petendum
1168 1678 1332 1708 magnopere
1350 1671 1512 1707 captabant.

160 1717 227 1737 nam
239 1732 249 1746 ,
270 1708 414 1748 &semper
425 1707 498 1737 aliis
509 1707 747 1748 communzffimus,
762 1708 836 1737 mul-
918 1714 926 1736 5
951 1711 1040 1740 V1TAE
1060 1720 1165 1741 τεκοῐι
1180 1710 1195 1747 ]
1214 1711 1342 1740 Sueton.
1358 1709 1436 1740 ibid.
1447 1712 1482 1743 &
1493 1713 1554 1743 Au.

161 1756 192 1775 ta
203 1748 264 1785 joco
293 1747 472 1792 transigebat.
494 1749 624 1778 Sueton.
649 1748 682 1778 in
712 1747 834 1787 Vespas.
877 1748 931 1780 rel.
946 1748 1063 1780 Vieror.
1082 1748 1116 1779 in
1137 1750 1294 1788 Epitome.
1310 1748 1464 1789 [nstitutum
1490 1754 1554 1782 werd

161 1787 264 1818 XXII.
276 1788 517 1819 Convivabatur
526 1787 835 1826 saepe&lautiffime‚
877 1786 1008 1824 urzi'fhrme
1026 1788 1099 1817 omni
1119 1788 1230 1825 imperio
1249 1789 1346 1819 renuit.

162 1826 300 1866 qualiter
331 1828 421 1858 decet
438 1827 635 1866 Principem,
663 1828 698 1859 ὃζ
721 1836 755 1859 ut
781 1837 837 1858 an-
916 1829 929 1847 ⁶
945 1830 1246 1862 Omunoarmmws
1266 1829 1280 1865 ]
1299 1829 1465 1869 Elatosque
1487 1829 1555 1868 ejus

162 1874 282 1897 nonam
300 1868 472 1905 adjuvaret.
486 1867 563 1897 Inde
572 1868 701 1898 Sueton.
715 1867 747 1897 in
759 1867 837 1898 Ves-
878 1867 1210 1907 spiritusdeprimebat,
1219 1868 1291 1898 teste
1306 1868 1424 1906 Dione,
1439 1870 1554 1906 LXVI,

161 1904 223 1944 pas.
236 1907 321 1937 XIX.
335 1906 393 1936 Sed
413 1906 443 1936 Cr
463 1906 662 1936 convivabatur
674 1906 789 1947 affitiue‘:
804 1917 837 1935 czc
877 1918 947 1947 pag.
966 1918 1040 1947 749.
1062 1907 1142 1939 Vide
1164 1909 1198 1940 ὃ(
1221 1909 1350 1939 Sueton.
1378 1908 1411 1938 in
1436 1908 1553 1940 Domi·

155 1944 261 1983 soepius
273 1946 345 1975 1·εὸΞᾶ
355 1957 389 1976 ac
397 1945 497 1987 dapsile
508 1970 517 1984 ‚
527 1955 555 1975 ut
567 1946 740 1975 macellarios
755 1945 836 1984 adju·
877 1947 954 1978 tian.
979 1949 1018 1978 ΙΙ.

162 1993 252 2016 ναι-ετ.
263 1986 328 2017 Hac
338 1986 371 2017 in
381 1996 432 2023 re,
446 1994 480 2017 ut
491 1986 526 2016 in
538 1986 606 2017 aliis
618 1986 758 2025 plurimis
775 1988 837 2017 Au-
916 1992 929 2012 7
951 1987 1047 2018 INTER
1073 1987 1184 2017 Armis
1209 1997 1306 2017 sacrm
1320 1988 1334 2025 ]
1363 1987 1411 2018 De
1437 1986 1550 2027 quibus

163 2023 279 2062 gustum
301 2025 439 2057 imitatus
452 2050 460 2063 ‚
476 2026 514 2057 de
535 2036 599 2065 quo
621 2026 787 2058 Suetonius
803 2027 835 2056 in

161 2064 243 2102 Aug.
253 2065 394 2097 LXXIV.
403 2066 510 2096 eadem
525 2065 636 2096 iisdem
654 2066 759 2097 verbis
772 2076 836 2097 me-

162 2110 283 2142 morat;
299 2104 333 2136 &
346 2105 452 2136 addit:
475 2107 587 2136 Coenam
601 2105 685 2135 trinis
696 2105 814 2144 ferculis
826 2128 835 2141 ,

161 2150 214 2170 aut
232 2143 292 2172 crim
321 2143 654 2184 abundantfflime‚ssnis
681 2148 692 2182 (
715 2145 835 2177 Gallice

162 2180 232 2210 trois
261 2192 293 2212 ou
305 2182 355 2222 Ji'x
367 2183 514 2223 services)
541 2184 703 2222 praebebat,
727 2194 757 2214 ut
782 2195 835 2214 non

163 2221 248 2251 nimio
261 2222 371 2261 fitmptu
384 2247 393 2261 ‚
415 2224 454 2253 ita
464 2224 572 2262 summd
591 2225 728 2255 comitate.

201 2265 215 2279 ²
238 2263 298 2292 Seu
309 2274 412 2300 nom,
426 2273 481 2294 ssu
492 2264 769 2302 ron1s]Dio,loc.
783 2264 835 2295 cit.

181 2305 212 2344 ,Ξ
237 2302 354 2333 JocosA
372 2304 386 2340 ]
414 2302 486 2331 Erat
507 2304 577 2333 enim
603 2302 762 2333 dicacitatis
777 2304 837 2342 plu-

161 2347 249 2369 rimoe.
271 2343 402 2373 Sueton.
430 2342 510 2374 ibid.

203 2382 219 2402 ⁴
239 2379 282 2411 ΕΤ
305 2392 476 2413 moriter-us
505 2386 515 2417 ]
539 2384 669 2414 Sueton.
703 2382 737 2412 in
760 2383 837 2414 Ves-

163 2417 225 2488 RJs.
233 2419 317 2451 XXI.
330 2423 356 2451 A
365 2422 481 2453 balneo
492 2422 519 2451 in
529 2422 681 2453 triclinium
690 2422 837 2462 tranfibat.

197 2466 226 2487 ec
245 2457 298 2490 ullo
322 2468 437 2500 tempore
453 2461 590 2503 facilior,
621 2472 670 2496 auc
693 2462 839 2503 indulgen-

877 2026 993 2057 dierum
1013 2026 1101 2066 supra
1118 2036 1184 2065 cap.
1208 2030 1261 2063 46.

916 2066 927 2085 ⁸
951 2067 1052 2097 Rnom
1067 2077 1208 2097 cumbum
1224 2067 1238 2103 ]
1255 2066 1320 2097 Hos
1332 2076 1471 2097 rumores
1487 2076 1551 2097 me<

876 2115 979 2137 morat
997 2105 1165 2137 Suetonius
1189 2105 1222 2135 in
1242 2105 1306 2135 Tit.
1329 2108 1369 2137 V.

916 2151 928 2169 ⁹
951 2147 1092 2177 Panium
1116 2147 1330 2184 Annucizur]
1353 2144 1551 2176 Haecomnia

875 2186 1042 2216 Suetonius
1060 2184 1137 2216 ibid.

918 2230 945 2245 ¹⁰
968 2226 1114 2256 Rsmssiz
1126 2226 1140 2263 ]
1153 2223 1276 2264 Joseph.
1292 2224 1372 2255 Bell.
1388 2225 1457 2255 Jud.
1472 2225 1549 2261 Vll,

878 2274 905 2305 5.
930 2275 1016 2296 num.
1033 2276 1061 2303 3.

919 2309 942 2324 ¹¹
968 2306 1081 2343 Annis]
1098 2305 1139 2334 Ar
1161 2315 1195 2335 os
1207 2304 1298 2340 ‚urbs
1311 2301 1442 2334 Ciliciae.
1458 2311 1550 2340 quam

876 2344 1046 2384 Stephanus
1057 2368 1065 2382 ‚
1082 2343 1114 2373 de
1156 2343 1249 2373 rbihus
1260 2367 1268 2379 ‚
1286 2343 1329 2373 ait
1339 2350 1427 2385 :etate
1437 2341 1486 2371 sua
1499 2351 1551 2379 ap-

877 2385 985 2421 pellari
998 2384 1183 2423 Α’ργειέπολιι.
1197 2384 1294 2420 Hujus
1308 2383 1391 2412 urbis
1403 2390 1548 2423 nummos

877 2424 1051 2461 publicavit
1073 2424 1122 2454 Cl.
1145 2423 1297 2457 Pellerin‚
1321 2420 1455 2458 Melange
1467 2418 1550 2450 deri:-

876 2465 964 2505 verses
979 2463 1138 2495 Me'tiuiiles.
1155 2464 1251 2494 ‘s0m.
1269 2462 1291 2491 l.
1309 2470 1377 2499 pag.
1396 2470 1446 2490 22·

1579 317 1611 342 A.
1620 318 1652 341 U.
1662 316 1696 342 C·

1603 367 1674 402 824.

1604 418 1626 442 J.
1645 419 1675 443 C·

1612 477 1665 506 7¹·
