2209 3047
359 162 442 209 AD
466 165 693 208 LIBRUM
716 164 788 208 IV.
807 163 952 206 HIST.
980 164 1028 203 C.
1052 164 1232 206 CORN.
1264 163 1475 206 TACITI.
1530 177 1550 217 5
1568 182 1617 216 17

232 243 455 281 Vincebatur
478 254 596 281 autem
617 242 877 293 magnitudine.
895 240 1038 277 vietum
1060 254 1206 291 quoque
1224 241 1272 277 est
1289 241 1620 291 Hierosolymitani

232 296 267 330 ὃς
292 293 509 343 Babylonici
541 294 668 343 templi
695 293 838 342 opibus.
866 289 1192 338 Hierosolymitani
1223 291 1303 328 satis
1326 293 1507 341 perspeffla
1536 309 1617 334 om-

231 343 338 380 nibus
353 344 542 393 opulentia
557 357 568 386 ;
587 344 631 381 de
648 345 718 393 qua
732 343 850 380 adhuc
864 339 1105 390 opportunius
1126 341 1263 377 dicetur
1279 342 1313 377 in
1325 343 1432 379 Notis
1443 346 1476 379 ὅ(
1491 343 1618 384 Emen-

233 394 444 430 dationibus
470 394 516 430 ad
542 394 634 430 Hist.
666 394 697 430 V
715 422 726 437 ‚
772 396 806 430 8.
843 393 944 440 Opes
971 401 1089 427 autem
1114 391 1240 437 templi
1269 392 1489 442 Babylonici
1514 424 1524 439 ,
1558 411 1618 433 ea-

230 456 382 494 rumque
397 444 562 493 pondera
578 473 588 488 ‚
604 456 683 493 quae
698 443 857 480 efficiunt
871 442 977 478 libras
994 440 1146 477 Gallicae
1158 452 1312 478 monetae
1327 443 1496 492 amplius,
1510 447 1616 496 quam

230 505 520 540 400.ooo‚ooo‚
537 493 739 544 fingulatim
765 493 924 529 recenset
948 491 1137 528 Diodorus
1151 489 1288 525 Siculus
1302 493 1340 527 II
1356 521 1365 536 ,
1395 507 1433 541 9.
1452 508 1534 546 pag,
1554 510 1616 543 70,

230 542 311 580 Nec
322 544 450 580 mirum
463 554 577 580 tantas
595 543 693 580 fuisse
712 555 800 591 opes
812 543 848 577 in
865 543 1003 590 templo
1017 540 1247 590 Babylonico
1259 568 1267 583 ‚
1288 541 1369 577 curn
1383 546 1518 592 Cyrus,
1531 547 1617 584 Per..

230 592 346 629 sarum
369 607 451 638 rex,
483 594 590 643 capta
603 592 813 642 Babylone,
836 592 975 629 devicta
985 592 1087 635 Aha,
1103 590 1188 627 teste
1199 589 1318 626 Plinio
1338 618 1347 634 ‚
1370 592 1527 632 XXXIII
1543 625 1552 640 ‚
1571 611 1587 647 3
1605 625 1616 643 ,

229 646 407 691 quingenta
423 645 529 679 millia
545 645 740 679 talentorum
758 646 884 690 argenti
903 641 1160 691 reportaverit,
1171 641 1208 677 θ’
1222 653 1371 677 craterem
1384 643 1614 692 Semiramidis,

229 696 320 740 cujus
339 694 463 740 pondus
489 693 665 742 quindecim
701 694 824 728 talenta
855 695 1026 740 colligebat
1046 708 1060 727 .·
1079 705 1158 742 quae
1187 690 1260 727 duo
1287 691 1445 729 efficiunt
1465 695 1616 734 Gallica:

228 752 387 779 monetae
402 742 511 778 libras
531 743 808 792 2,614,578‚43
820 753 851 791 5.
881 742 965 779 Hac
979 741 1098 779 nostra
1110 752 1213 778 :crate
1233 741 1320 778 alter
1336 741 1514 780 Persarum
1534 760 1593 783 rex
1606 774 1617 791 ,

227 792 585 830 Thamas-Kouli-Kan
606 820 617 837 ,
648 792 856 843 Mogolicas
885 805 973 841 opes
1003 792 1167 841 potitus,
1195 792 1396 840 reportavit
1422 821 1432 836 ,
1468 794 1616 833 minima

227 841 375 891 quidem
393 842 648 886 aestimatione,
667 846 851 889 roupiarum
869 842 1007 891 argenti
1033 853 1176 879 centum
1191 842 1360 879 undecim
1374 844 1528 880 Kiurours
1544 873 1554 889 ,
1578 857 1618 882 ut

226 891 428 942 loquuntur
446 907 456 930 :
473 893 575 944 quod
596 893 705 930 efficit
723 903 880 929 monetae
896 892 1048 928 Gallicae
1074 892 1183 929 libras
1198 904 1515 942 2,497‚500,000.
1542 895 1618 931 Im-

227 955 291 979 mo
316 942 400 986 alii,
430 946 464 980 &
494 943 571 992 ipse
588 943 644 980 Cl.
660 942 829 979 Voulton
847 971 857 986 ‚
884 952 972 978 tunc
993 942 1153 979 medicus
1173 943 1405 991 Imperatoris
1432 943 1617 995 Mogolici

226 993 535 1036 Muhammed-cha,
554 993 722 1042 scripsere
743 1005 763 1028 a
777 994 1130 1029 Thamas-Kouli-Kan
1158 1003 1361 1042 reportatos
1387 993 1452 1030 esse
1472 1005 1616 1032 trecen-

225 1052 284 1078 tos
301 1044 476 1078 Kiurouros
488 1072 498 1087 ‚
514 1043 668 1080 Gallica:
681 1053 839 1081 monetae
855 1042 962 1080 libras
979 1044 1298 1093 6,750‚000‚000.
1324 1043 1440 1091 Quod
1458 1045 1617 1084 inflatius

225 1091 399 1141 scriptum
414 1103 518 1142 puto.

279 1142 339 1179 De
352 1144 372 1178 J
375 1143 456 1180 ovis
473 1143 642 1180 Thebani
657 1172 666 1187 ‚
690 1143 923 1194 Ephelithue
942 1143 1074 1181 Dianae
1090 1144 1308 1193 templorum
1333 1144 1463 1193 opibus
1479 1158 1556 1182 non
1567 1146 1616 1183 ita

224 1204 464 1241 compertum.
494 1193 603 1230 Notae
627 1206 716 1231 vero
735 1207 862 1231 eorum
880 1194 1094 1244 magnitudo
1109 1199 1142 1231 &
1157 1195 1425 1244 magnificentia
1452 1221 1461 1236 ,
1488 1196 1617 1245 quibus

224 1243 365 1291 templo
398 1243 616 1294 Capitolino
646 1244 920 1281 antecellebant.
949 1244 1009 1281 De
1032 1245 1162 1281 Diana:
1191 1244 1330 1293 templo
1352 1244 1437 1282 vide
1460 1245 1617 1283 Plinium

223 1291 400 1336 XXXVI,
421 1306 480 1341 14.
506 1294 644 1330 Thebis
663 1305 781 1331 autem
801 1304 948 1332 manent
965 1295 1084 1331 adhuc
1100 1295 1226 1343 templi
1241 1294 1343 1331 Jovis
1363 1295 1489 1332 rudera
1502 1324 1511 1339 ‚
1537 1308 1618 1346 quae

224 1342 374 1380 exhibet
390 1343 446 1380 Cl.
469 1343 642 1380 Pococke
658 1372 668 1387 ‚
687 1346 887 1391 Description
907 1346 948 1392 of
965 1347 1015 1380 tlte
1036 1345 1126 1392 East.
1154 1345 1264 1381 Tom.
1281 1344 1310 1380 I.
1329 1358 1411 1393 pag.
1428 1357 1490 1390 92.
1505 1346 1618 1382 tabul.

222 1391 398 1430 XXVIII.
423 1392 478 1429 Ex
492 1393 535 1429 iis
549 1393 734 1430 ruderibus
752 1394 891 1429 constat
905 1394 1079 1442 templum
1101 1393 1201 1429 illudv
1214 1394 1371 1430 habuisse
1388 1396 1618 1445 longitudine

222 1442 305 1492 plus
321 1443 428 1492 quarn
450 1442 549 1480 mille
573 1446 607 1480 ὃς
622 1443 907 1493 quadringentos
928 1443 1060 1492 pedes,
1089 1443 1281 1480 latitudine
1305 1455 1487 1482 trecentos
1507 1447 1619 1496 quin-

224 1492 421 1541 quaginta:
435 1492 611 1529 ambitum
626 1494 713 1530 vero
728 1493 827 1529 fuisse
842 1493 951 1529 trium
969 1493 1123 1529 millium
1134 1497 1166 1530 δε
1179 1493 1460 1544 quingentorum
1470 1496 1618 1545 pedum.

278 1541 376 1579 Inter
393 1553 493 1578 tanta
527 1543 748 1592 templorum
771 1543 903 1579 decora
919 1571 929 1586 ‚
959 1543 1051 1578 nihil
1073 1543 1182 1580 habet
1206 1554 1290 1580 actas
1304 1544 1422 1581 nostra
1440 1547 1542 1596 quod
1559 1549 1620 1583 in-

222 1591 358 1629 videat.
384 1592 611 1629 Summorum
641 1592 862 1630 Pontificum
890 1593 1009 1630 studio
1036 1593 1242 1644 pietateque
1278 1594 1407 1631 fa6tum
1423 1623 1432 1639 ,
1454 1607 1517 1640 ut,
1537 1598 1621 1634 reli-

223 1642 336 1693 gione
363 1643 540 1687 naeres,
564 1643 691 1694 templi
715 1656 863 1694 quoque
894 1643 1072 1690 majestate
1087 1644 1322 1682 vinceremus.
1348 1645 1418 1680 His
1449 1648 1618 1684 omnibus

221 1692 367 1742 templis
386 1692 527 1743 praestat
548 1693 625 1729 divi
644 1694 737 1730 Petri
756 1694 795 1730 in
810 1693 989 1730 Vaticano
1008 1695 1183 1743 templum
1201 1723 1211 1739 ‚
1235 1694 1429 1731 maximum
1448 1698 1531 1733 artis
1549 1698 1620 1734 mi-

222 1743 412 1788 raculum,
441 1743 609 1780 omnibus
633 1754 729 1781 retro
763 1744 900 1781 saeculis
930 1744 1144 1780 inauditum.
1175 1745 1296 1780 Tanta
1322 1755 1441 1782 autem
1470 1747 1519 1783 est
1546 1750 1620 1796 ejus

221 1792 427 1842 amplitudo
442 1821 452 1838 ,
469 1803 531 1838 ut,
549 1807 631 1831 cum
647 1794 833 1844 peristylio
855 1794 992 1831 aedibus
1016 1795 1184 1844 apposito
1210 1805 1330 1843 pateat
1355 1795 1454 1832 mille
1475 1797 1619 1836 sexcen-

221 1851 280 1879 tos
294 1843 671 1895 pedeslongitudine,
689 1844 826 1882 ambitu
844 1855 1001 1896 quatuor
1021 1844 1136 1882 millia
1146 1845 1281 1896 pedum
1300 1845 1463 1896 colligat.

276 1943 386 1981 CAP.
415 1944 513 1982 LIV.
542 1945 627 1983 VEL
657 1957 873 1983 ExTERNUM
901 1950 919 1992 ]
949 1945 1006 1982 Ita
1028 1945 1105 1981 Mss.
1132 1944 1229 1981 Flor.
1256 1946 1345 1995 Reg.
1371 1945 1475 1983 Harl.
1508 1948 1619 1985 Bodl.

220 1993 289 2030 Jes.
311 1995 402 2045 Agr.
427 1995 550 2032 Guelf.
574 1996 754 2034 editiones
777 2007 915 2034 veteres
938 1999 973 2033 δε
994 1995 1222 2034 recentiores.
1248 1996 1442 2033 Rhenanus
1468 2010 1511 2034 ac
1533 1997 1618 2048 Lip—

221 2042 290 2079 fius
314 2044 489 2090 omisere,
514 2047 578 2083 vel.

275 2092 402 2131 Fmssm
431 2108 593 2133 IMPERxo
623 2101 640 2143 ]
662 2097 721 2133 Sic
742 2096 819 2133 Mff.
838 2096 936 2133 Flor.
959 2097 1048 2146 Reg.
1067 2096 1156 2145 Agr.
1173 2096 1288 2133 editio
1306 2097 1494 2148 princeps,
1521 2099 1619 2146 Ryc-

220 2143 354 2180 kius&
378 2143 618 2184 Recentiores.
653 2147 732 2184 Mff.
751 2147 853 2185 Harl.
871 2146 980 2184 Bodl.
1013 2150 1046 2183 δε
1073 2146 1313 2192 Puteolanus,
1338 2148 1444 2197 finem
1481 2151 1615 2194 imperii.

221 2193 290 2229 Ms.
314 2193 380 2230 Jes.
409 2197 534 2241 imperii
546 2198 664 2243 finem.

273 2244 518 2281 CREDERENT
546 2249 564 2292 ]
596 2247 694 2284 Bene
724 2247 800 2284 Mss.
824 2251 859 2284 ὃς
883 2258 1021 2285 veteres
1043 2247 1338 2299 recentioresquev
1357 2250 1547 2286 editiones,
1572 2248 1619 2287 In

219 2292 444 2331 intermediis
459 2323 468 2338 ‚
496 2297 684 2333 crederetur.

275 2345 493 2381 BELLORUM
523 2346 708 2384 C1V1L1UM
738 2351 755 2393 ]
783 2349 939 2383 Ciuilium
964 2346 1060 2383 abest
1081 2347 1125 2383 ab
1152 2349 1315 2386 editione
1338 2348 1515 2397 principe.

277 2391 335 2431 Er
364 2406 540 2436 INTERNA
564 2406 674 2438 MALA
702 2402 722 2446 ]
746 2397 845 2437 Male
871 2397 986 2437 editio
1008 2398 1202 2450 princeps,
1233 2401 1270 2437 ξφ
1296 2399 1484 2440 inm-valla.
