2209 3047
396 187 477 229 AD
498 189 722 232 LIBRUM
746 185 961 231 V.H18T.
985 189 1033 230 C.
1067 189 1246 231 CORN.
1283 190 1492 233 TAerrr.
1566 199 1651 244 587

266 264 391 302 Livius
414 265 541 309 XXII,
569 278 632 313 23.
650 264 843 312 Acceſjerant
865 265 934 300 duae
958 277 1005 299 res
1027 265 1066 299 ad
1091 267 1269 315 aagendam
1286 269 1442 304 imidiam
1467 270 1654 305 diffamas.-

269 329 331 350 una
355 316 474 362 fraude
496 330 532 351 ac
560 317 630 351 dolo
660 316 855 357 Annibalis,
885 314 965 363 qubd
990 316 1058 349 ct'cm
1088 329 1106 349 a
1130 318 1273 364 perfugis
1301 322 1327 353 ei
1357 319 1547 366 monstrazus
1577 334 1654 368 ager

266 365 432 400 diblazoris
460 367 528 415 effer
553 395 562 410 ‚
595 366 735 400 omnibus
768 367 850 400 circa¹
868 366 938 412 fhlo
959 367 1110 413 aequatis,
1139 368 1178 399 ab
1204 381 1264 402 uno
1290 382 1321 403 eo
1336 369 1463 415 ferrum
1489 373 1653 418 ignemque

266 416 305 450 ἔπ’
325 419 393 450 vim
416 429 536 451 omnem
560 415 692 463 hostium
715 415 862 463 abstineri
877 414 969 464 juffit
984 445 992 456 ,
1019 426 1053 450 ut
1075 416 1187 450 occulti
1212 419 1346 466 alicujus
1368 421 1455 465 paffl
1479 433 1513 454 ea
1537 434 1650 456 merces

267 465 370 500 videri
396 466 502 512 postet.

320 514 449 551 FLExu
478 527 659 552 AUTUMM
686 519 704 561 ]
732 514 829 551 Bene
853 513 1044 551 Rhenanus
1067 518 1101 552 ὃς
1127 514 1371 553 Recentiores.
1396 517 1615 555 Puteolanus
1639 546 1650 562 ,

298 578 364 599 uxu
390 577 548 600 autumn!-

259 564 294 613 fl
319 614 484 651 Crzfissffls
514 625 762 651 rruvmmnus
791 625 967 650 maninus
994 618 1012 660 ]
1050 614 1120 650 Ms.
1157 614 1256 651 Flor.
1289 615 1401 650 crebris
1436 629 1494 661 per
1523 618 1653 654 hiemem

266 665 648 750 'mligllhrurseREssANTun
680 717 697 758 ]
722 714 820 750 Bene
844 713 909 749 Ms.
936 713 1026 749 Bud.
1044 712 1236 750 Rhenanus
1257 716 1291 749 &
1309 714 1554 752 RecentioreS.
1575 715 1651 753 Mff.

265 763 367 801 Harl.
389 763 497 800 Bodl.
523 763 588 800 Jes.
613 763 731 799 Guelf.
754 766 787 800 &
813 763 1052 806 Puteolanus,
1082 764 1314 811 deferebantur.

317 862 423 900 CAP.
454 861 585 898 XXIV.
614 827 806 899 ΡΑκΑὸΤυΜ
836 866 853 908 ]
890 861 987 899 Bene
1024 861 1082 899 CI.
1119 862 1282 900 Ernestus
1314 876 1334 900 e
1364 862 1432 899 Ms.
1462 863 1580 901 Guelf.
1610 864 1655 901 In

267 911 336 948 Ms.
363 912 466 948 Harl.
493 915 526 948 &
552 912 731 949 veteribus
757 911 977 948 editionibus
993 940 1003 956 ‚
1027 915 1205 959 peraffum.

316 962 686 998 TRANSCENDERiNT
715 966 731 1008 ]
759 962 827 998 Ms.
853 961 919 998 Jes.
947 963 1184 1009 transbenderit.

319 1012 358 1048 Sl
385 1025 482 1053 Qum
511 1015 528 1057 ]
558 1012 625 1048 Ms.
654 1012 757 1048 Harl.
775 1013 833 1059 secl
856 1013 943 1060 quid.
972 1012 1040 1048 Ms.
1066 1012 1132 1048 Jes.
1149 1013 1208 1059 sed
1229 1014 1315 1060 quia.

316 1110 424 1146 CAP.
451 1110 566 1148 XXV.
597 1112 707 1158 QUID
738 1123 971 1148 PERFECTUM
999 1114 1017 1157 ]
1042 1110 1118 1148 Mis.
1140 1111 1244 1148 Harl.
1267 1110 1375 1148 Bodl.
1398 1110 1464 1147 Jes.
1487 1110 1561 1159 quid
1579 1124 1656 1158 pro·

258 1160 395 1207 fliium.

320 1210 585 1246 NAVAVERINT
613 1215 630 1257 ]
663 1210 729 1246 Ms.
752 1210 861 1246 Bodl.
891 1211 1046 1247 secunda
1068 1224 1200 1254 manu,
1230 1221 1445 1246 navaverunt.

316 1259 373 1295 ET
402 1272 642 1296 CETERORUM
669 1264 686 1306 ]
717 1260 827 1297 Jastat
853 1260 1045 1297 Rhenanus
1072 1260 1107 1298 se
1137 1260 1314 1297 inseruisse
1343 1257 1579 1308 particulam,
1608 1259 1657 1295 &a

268 1309 404 1346 Verum
431 1309 529 1345 illam
557 1311 628 1358 jam
654 1310 809 1347 habebat
830 1310 1059 1347 Puteolanus.

319 1360 536 1396 VIRTUTEM
567 1372 616 1395 ET
645 1372 754 1395 νικος
784 1364 800 1405 ]
832 1360 929 1396 Bene
957 1361 1024 1396 Ms.
1052 1359 1152 1395 Flor.
1182 1359 1318 1407 Lipsius
1350 1361 1382 1393 &
1414 1357 1659 1395 Recentiores.

266 1408 344 1444 ΜΠ.
377 1408 480 1444 Harl.
509 1409 614 1445 Bodl.
640 1408 707 1445 Jes.
733 1412 772 1444 ὃς
787 1409 1030 1453 Puteolanus,
1057 1412 1207 1444 virtutes.
1224 1408 1364 1444 Frustra
1386 1407 1547 1444 tentabat
1566 1406 1660 1445 Rhe-

264 1470 402 1502 nanus,
425 1462 642 1505 juventutem.

318 1507 365 1543 IN
397 1520 505 1543 ARMA
536 1520 678 1543 Tssusos
708 1511 725 1552 ]
753 1507 828 1542 Hie
850 1507 1000 1555 explicit
1025 1506 1091 1543 Ms.
1118 1506 1185 1544 Jes.

315 1558 564 1594 Resipiscmzss
593 1561 611 1604 ]
638 1557 737 1593 Male
763 1557 829 1593 Ms.
855 1557 962 1593 Bodl.
991 1558 1147 1604 respicere.

317 1656 426 1693 CAP.
456 1656 586 1693 XXVI.
618 1658 805 1693 NABALIAE
834 1667 1012 1693 FLUMINIS
1033 1659 1050 1701 ]
1077 1654 1214 1691 Frustra
1237 1656 1398 1693 tentabat
1416 1653 1572 1704 Lipsius,
1595 1657 1660 1693 Va-

262 1709 347 1744 halis
366 1708 526 1756 fluminis.
555 1707 597 1742 ln
615 1707 679 1742 Ms.
704 1707 795 1742 Bud.
822 1708 978 1742 Flahalie.

320 1756 376 1792 ET
405 1757 547 1793 C1v1L1s
576 1762 593 1804 ]
621 1757 675 1793 lta
701 1757 768 1794 Ms.
805 1756 904 1793 Flor.
932 1755 1090 1792 Pichena
1115 1758 1148 1791 &
1178 1754 1419 1792 Recentiores.
1447 1756 1489 1789 Et
1515 1754 1610 1792 abest
1638 1767 1659 1792 a

264 1805 345 1842 Mss.
372 1807 478 1843 Varie
507 1809 619 1855 1958.
646 1807 748 1844 Harl.
772 1806 879 1843 Bodl.
908 1805 1088 1842 Omiserat
1113 1818 1258 1855 quoque
1282 1804 1511 1842 Puteolanus.

318 1856 378 1893 NE
409 1857 660 1893 GERMANICAE
691 1860 708 1903 ]
737 1857 801 1893 Ms.
830 1856 933 1892 Harl.
963 1868 997 1891 ut
1025 1857 1234 1891 Germanica».
1546 1875 1556 1879 -

320 1906 668 1943 TRANSCENDERET
699 1911 716 1952 ]
744 1908 787 1943 In
813 1907 891 1943 Mss.
916 1906 1033 1943 Vatic.
1066 1907 1179 1955 1958.
1208 1904 1312 1942 Harl.
1335 1904 1443 1941 Bodl.
1469 1906 1502 1940 Sc
1526 1904 1660 1941 veteti-

261 1956 332 1993 -bus
356 1956 578 1992 editionibus
600 1968 681 1993 ante
693 1956 850 2006 Lipsium
868 1985 878 2001 ,
907 1957 1169 2004 transcenderent.

316 2007 523 2043 ANTONms
551 2019 742 2043 EpisToLis
770 2011 786 2054 ]
815 2007 872 2043 Ita
897 2007 962 2043 Ms.
988 2005 1085 2042 Flor.
1110 2005 1266 2041 Pichena
1291 2007 1324 2040 &
1346 2003 1589 2040 Recentiores.
1615 2002 1657 2038 In

267 2055 346 2092 Mff.
380 2056 498 2093 vatic.
532 2060 644 2106 1958.
671 2057 775 2094 Harl.
804 2056 914 2094 Bodl.
937 2060 971 2093 ὃς
1000 2056 1178 2093 veteribus
1208 2053 1428 2091 editionibus
1447 2082 1456 2098 ‚
1492 2055 1656 2089 Antonius

267 2107 398 2154 absens,
429 2107 560 2143 omissis
586 2107 734 2155 epistolis.
1554 2151 1562 2156 <

317 2156 584 2193 Honmzomus
614 2157 788 2194 chcus
816 2161 833 2203 ]
858 2158 914 2193 Ita
937 2156 1094 2193 Pichena
1115 2159 1148 2192 &
1167 2154 1408 2191 Recentiores.
1432 2153 1465 2188 A
1492 2151 1565 2188 ΜΠ.
1587 2149 1656 2186 Va-

260 2205 333 2243 rie.
352 2210 463 2256 1958.
486 2207 588 2243 Harl.
606 2207 711 2243 Bodl.
732 2212 765 2244 δε
789 2206 1011 2244 editionibus
1035 2205 1213 2243 veteribus
1237 2203 1329 2241 abest
1345 2232 1354 2247 ,
1383 2204 1590 2238 Hordeonius.
1642 2249 1649 2259 “

317 2255 516 2294 MONEBAT
545 2261 561 2304 ]
587 2257 683 2293 Bene
711 2257 789 2294 Mff.
819 2262 852 2295 δε
874 2268 1010 2294 veteres
1036 2255 1321 2304 recentioresque
1350 2253 1537 2290 editiones.
1560 2249 1657 2286 Male

267 2304 460 2342 Rhenanus
475 2335 484 2351 ,
514 2308 670 2343 movebat.

321 2357 547 2394 FLAleNUS
577 2370 616 2393 IN
645 2356 852 2394 PANNONIA
881 2362 898 2404 ]
936 2358 1032 2395 Bene
1060 2357 1126 2393 Ms.
1153 2355 1250 2391 Flor.
1276 2354 1432 2390 Pichena
1458 2354 1489 2387 &
1518 2350 1659 2385 Recen-

266 2403 393 2440 tiores.
417 2407 462 2442 In
486 2407 560 2444 ΜΠ.
585 2407 702 2444 Varie.
734 2411 846 2457 1958.
872 2408 976 2445 Harl.
1003 2407 1112 2445 Bodl.
1139 2409 1172 2443 &
1198 2405 1376 2443 veteribus
1403 2399 1624 2439 editionibus
1646 2423 1660 2444 ,

271 2454 431 2491 Fabianus
459 2460 493 2493 in
522 2458 704 2494 Pannonici.
1320 2502 1350 2539 E
1475 2499 1496 2507 ..

1363 2515 1381 2539 e
1394 2514 1412 2539 e
1428 2514 1446 2538 e
1473 2512 1497 2545 1]
