2209 3047
350 191 432 234 AD
465 192 690 234 LIBRUM
718 191 793 233 ΙΙΙ.
815 189 960 233 HIST.
993 190 1041 231 C.
1061 191 1242 233 CORN.
1262 191 1472 234 TACITI.
1520 206 1605 247 453

268 267 331 305 DE
362 282 480 307 Exn-U
507 274 525 316 ]
558 270 655 307 Bene
678 269 815 320 Lipsius
850 271 884 305 δε
914 266 1224 306 Recentiores.1n
1259 269 1336 306 Mss.
1370 272 1404 306 δε
1432 270 1613 308 veteribus

220 318 443 357 editionibus
459 348 469 363 ,
495 322 531 356 de
555 324 708 357 exercitu.

272 371 319 406 IN
350 371 572 407 Virunum
602 373 619 416 ]
650 370 747 407 Bene
773 369 848 406 ΜΠ.
867 367 963 405 Flor.
981 366 1094 403 Corb.
1115 367 1205 416 Agr.
1235 368 1394 406 Pichena
1416 373 1449 406 ὃς
1473 369 1612 407 Recen-

221 419 342 457 tiores.
368 422 406 454 In
431 422 625 462 Vitellium,
654 419 692 455 id
724 419 772 456 est
800 419 951 454 adversus
979 417 1156 465 Vitellium.
1188 418 1222 452 A
1253 419 1328 456 Mss.
1360 419 1463 457 Harl.
1498 420 1609 459 Bodl.

220 468 287 506 Jes.
309 472 342 505 ὃς
360 467 563 506 Puteolano
589 469 685 506 abest
706 467 913 517 praepofitio
941 471 986 504 in.

274 518 555 556 Pssssssumpsmn
584 521 595 566 ]
620 518 748 555 Mallet
770 517 1056 561 Freinshemius,
1083 516 1271 564 rescripsere.
1295 517 1343 553 At
1370 519 1494 556 nescio
1520 520 1609 570 quid

218 568 390 605 audacius
412 572 447 606 &
472 569 585 619 magis
609 567 872 604 Cornelianum
894 567 1023 611 habet,
1043 568 1274 614 praesumpfi’re.

268 620 404 655 FACTA
433 630 613 656 TRIBUNIS
644 629 1036 659 CENTURIONIBUSQUE
1066 619 1078 664 ]
1126 616 1221 653 Bene
1254 615 1332 652 Mss.
1372 618 1469 655 Flor.
1516 621 1607 670 Agr.

218 667 323 704 Harl.
348 668 484 717 Lipfius
498 697 507 712 ‚
533 667 695 717 Ryckius
720 670 753 703 ὃς
771 667 1014 704 Recentiores.
1040 667 1084 702 In
1106 666 1185 703 ΜΠ.
1205 665 1313 702 Bodl.
1334 666 1402 703 Jes.
1426 672 1459 704 δε
1479 671 1608 709 veteri-

216 715 284 755 bus
304 718 551 763 editionibus,
572 717 668 765 sabla
690 731 710 753 a
734 718 881 754 tribunis.
906 716 1147 761 Puteolanus,
1171 717 1208 753 &⁰
1232 717 1476 753 centurionibus.

266 818 376 856 CAP.
406 818 449 855 X.
477 819 705 856 ΑΡοΝιΑΝυς
732 823 749 866 ]
775 819 874 855 Bene
893 818 1086 854 Rhenanus
1102 819 1135 853 ὃς
1152 816 1395 855 Recentiores.
1413 818 1459 854 In
1475 818 1553 855 ΜΠ.
1574 822 1609 857 &

215 869 397 906 Veteribus
416 869 639 906 editionibus
653 898 664 913 ,
688 875 891 916 Apontanus.
913 869 967 903 At
987 879 1074 903 mox
1097 867 1207 911 infra,
1235 880 1313 917 cap.
1335 867 1385 904 ΙΙ.
1407 869 1609 914 Aponianus.

272 919 489 956 GALBIANAE
518 931 678 956 LEGIONI
706 923 724 965 ]
750 919 849 956 Bene
866 918 933 955 Ms.
951 916 1065 954 Corb.
1082 916 1197 954 editio
1216 917 1406 967 princep3‚
1432 921 1466 956 ὃς
1482 931 1608 957 recen-

214 967 337 1005 tiores.
365 969 604 1013 Puteolanus,
638 971 776 1005 Galbiae.

268 1018 326 1054 ET
354 1032 408 1056 UT
437 1031 691 1056 PRODlTlOle
717 1023 735 1065 ]
761 1019 816 1055 Ita
837 1018 920 1055 libri
939 1030 1064 1054 omnes
1083 1016 1207 1067 scripti
1231 1021 1265 1055 ὃς
1286 1018 1387 1056 editi.
1409 1018 1529 1068 Lipfio
1550 1020 1609 1056 vi-

213 1066 318 1105 detur
339 1081 414 1105 vox
437 1069 578 1111 abeffe3
599 1069 885 1119 legendumque,
908 1069 1099 1115 proditionis
1118 1070 1295 1112 auc‘lorem,
1314 1068 1372 1105 vel
1393 1082 1611 1116 conpertum:

212 1117 278 1154 nifi
302 1129 421 1156 tamen
437 1147 447 1163 ,
478 1119 619 1169 inquit,
644 1119 867 1169 compendio
894 1118 983 1162 fuit,
1011 1119 1048 1154 (ς’
1074 1130 1109 1152 ut
1131 1120 1333 1163 proditione,
1360 1123 1411 1154 ira
1437 1121 1608 1155 militum.-

211 1167 253 1203 id
275 1168 348 1213 est,
372 1180 412 1205 ut
441 1169 479 1204 in
508 1169 745 1218 proditione,
776 1168 871 1219 quali
903 1168 986 1205 esset
1010 1167 1186 1217 proditio.
1213 1167 1396 1205 Tentabat
1420 1168 1608 1214 Pichena,

213 1218 253 1252 θ’
276 1231 311 1254 ut
331 1220 524 1265 proditorem
540 1235 553 1254 .·
584 1220 755 1263 Grotius,
781 1232 816 1256 ut
844 1220 966 1266 proditi
992 1221 1043 1253 ira
1068 1219 1193 1253 militis.
1219 1218 1377 1255 Faernus
1409 1222 1443 1255 ὃς
1470 1219 1607 1255 Acida-

211 1266 282 1304 lius
308 1269 574 1314 emendabant,
602 1273 774 1316 rapiuntur
797 1283 889 1305 arma
915 1280 998 1304 metu
1018 1268 1222 1314 proditionis.
1249 1270 1305 1303 Ira
1335 1270 1486 1305 militum.
1515 1268 1610 1305 Vul-

210 1328 332 1368 gatam
357 1320 567 1370 scripturam
590 1319 789 1357 defendunt
813 1318 1027 1356 Gronovius
1052 1320 1087 1353 ὃς
1102 1316 1279 1353 Ernestus.
1306 1317 1386 1355 Nec
1409 1331 1481 1367 ego
1505 1318 1609 1356 dam-

210 1380 298 1405 nare
323 1369 431 1407 ausim
445 1397 456 1414 ‚
484 1369 584 1420 quod
602 1369 776 1419 plurimus
794 1369 834 1405 fit
853 1368 950 1418 apud
971 1368 1132 1417 optimos
1150 1366 1342 1417 scriptores
1360 1368 1608 1419 genitivorum

212 1417 306 1454 usus.

259 1469 438 1507 Apomvs
468 1473 486 1516 ]
514 1470 574 1507 Sic
596 1470 679 1507 libri
698 1482 823 1506 omnes
848 1468 971 1517 scripti
996 1470 1028 1504 Sc
1060 1467 1148 1504 editi
1164 1495 1173 1511 ‚
1207 1477 1336 1517 praeter
1361 1468 1577 1506 Rhenanum
1595 1496 1609 1515 ,

208 1518 274 1566 qui
287 1520 424 1561 omisit,
440 1521 610 1567 Aponius;
638 1524 672 1556 δε
686 1520 881 1557 Pichenarn
896 1546 906 1562 ,
935 1518 997 1568 qui
1015 1517 1243 1562 emendavit,
1257 1522 1445 1565 Aponianus
1462 1532 1474 1561 3
1506 1520 1607 1569 quod

208 1566 250 1603 id
274 1568 319 1604 ad
345 1569 499 1606 Dillium
527 1570 762 1619 Aponianum
786 1569 940 1606 referret.
963 1567 1096 1604 Verum
1111 1595 1122 1611 ,
1147 1577 1187 1603 ut
1210 1568 1302 1605 recte
1326 1568 1493 1606 observat
1515 1570 1607 1620 Byc-

209 1616 294 1654 kius
309 1647 319 1662 ‚
346 1619 424 1656 haec
448 1620 606 1668 speRant
627 1620 814 1669 Aponium
837 1618 1089 1661 Saturninum,
1116 1617 1160 1654 de
1183 1631 1258 1668 quo
1280 1618 1383 1667 supra
1407 1631 1486 1668 cap.
1514 1633 1554 1667 9.

262 1668 469 1716 NAMQUE]
493 1671 553 1707 Sic
577 1670 701 1721 scripti
724 1673 758 1707 ὃς
780 1669 869 1707 editi
892 1668 1000 1714 libri,
1028 1677 1156 1718 praeter
1172 1667 1329 1718 Lipfium
1345 1696 1357 1714 ‚
1381 1670 1444 1719 qui
1465 1670 1603 1716 omifit,

231 1732 279 1755 ue.

207 1731 229 1768 q
264 1768 529 1808 CRUDESCERE
557 1774 576 1818 ]
609 1770 669 1807 Sic
701 1769 821 1806 adhuc
849 1768 972 1818 scripti
1006 1771 1040 1805 ὃς
1067 1767 1155 1805 editi
1186 1767 1295 1812 libri,
1322 1778 1451 1817 praeter
1481 1768 1512 1806 J.
1543 1771 1604 1808 Fr.

206 1819 466 1865 Gronovium,
494 1821 577 1870 qui,
603 1821 698 1858 fort'e
725 1833 916 1869 operarum
940 1818 1035 1855 vitio
1052 1846 1061 1861 ‚
1091 1818 1228 1862 edidit,
1257 1820 1445 1865 candescere.

260 1869 318 1906 Ac
347 1883 508 1908 PROBRls
535 1876 553 1919 ]
581 1871 637 1908 Ita
660 1870 737 1908 Mss.
767 1874 800 1907 &
823 1881 960 1907 veteres
981 1868 1171 1906 editiones.
1195 1868 1391 1905 Rhenanus
1410 1868 1606 1906 RecentIO-

204 1917 356 1969 resque,
386 1922 423 1957 fs·
450 1922 587 1969 probris.
613 1922 656 1958 In
682 1920 760 1958 Mff.
788 1921 889 1959 Harl.
915 1919 983 1958 Jes.
1006 1919 1117 1957 altera
1145 1931 1254 1956 manu
1279 1918 1508 1958 emendatum
1523 1946 1535 1965 ‚
1565 1933 1602 1956 ac

205 1970 347 2007 vocibus.

261 2020 453 2058 MILITARI
484 2034 642 2059 DECORE
668 2026 686 2068 ]
709 2021 765 2058 Ita
782 2021 860 2057 Mff.
881 2020 979 2057 Flor.
996 2019 1099 2055 Harl.
1120 2017 1229 2055 Bodl.
1247 2018 1313 2056 Jes.
1333 2018 1453 2057 Guelf.
1472 2018 1602 2056 Puteo-

205 2068 309 2104 lanus
327 2073 360 2106 &
378 2072 623 2109 Recentiores.
644 2070 688 2106 In
716 2071 796 2108 ΜΠ.
821 2071 908 2121 Reg.
932 2069 1047 2107 Corb.
1075 2068 1238 2107 editione
1252 2069 1438 2120 principe,
1463 2071 1499 2107 &
1514 2069 1601 2120 ΜΡ-1

205 2117 295 2162 fius,
324 2122 462 2157 militari
490 2124 614 2158 honore.

259 2169 499 2206 INJICERENT
526 2175 545 2217 ]
567 2170 633 2207 Ms.
663 2171 776 2208 Corb.
798 2174 970 2206 mitterent.

261 2219 508 2256 FArrscEssET
537 2224 548 2268 ]
582 2220 679 2258 Bene
715 2221 781 2257 Ms.
816 2220 931 2257 Corb.
974 2222 1009 2256 ὃς
1045 2219 1224 2257 editiones
1258 2218 1486 2258 recentiores,
1523 2217 1602 2256 Mff.

206 2266 312 2305 Harl.
332 2269 440 2309 Bodl.
458 2269 526 2308 Jes.
551 2273 585 2306 δε
607 2271 826 2308 Puteolanus
840 2299 849 2316 ,
872 2272 1035 2319 fatiscere.
1064 2270 1247 2320 COrrupte
1272 2270 1387 2308 editio
1406 2270 1574 2319 princeps
1591 2294 1603 2312 ,

130 2314 134 2318 ⁵
200 2319 401 2366 satisfacere.

256 2367 567 2408 DILABERENTUR
596 2374 614 2417 ]
637 2372 735 2408 Bene
762 2371 837 2408 ΜΠ.
854 2371 951 2408 Flor.
977 2368 1065 2420 Reg.
1085 2370 1200 2407 Corb.
1229 2370 1345 2407 editio
1374 2369 1541 2419 princeps
1567 2369 1603 2406 &

209 2419 437 2460 recentiores.
462 2421 540 2458 ΜΠ.
560 2422 663 2460 Harl.
678 2421 788 2460 Bodl.
816 2420 884 2460 Jes.
907 2424 941 2459 &
958 2419 1178 2459 Puteolanus
1191 2449 1202 2468 ,
1226 2422 1432 2461 dilaberetur.
