2230 3047
461 280 574 296 β

459 315 491 338 A.
503 315 532 338 U.
544 314 574 337 C.

482 361 551 388 822.

484 417 506 439 J.
526 417 553 439 C·

492 463 542 495 69.

598 192 654 228 40
855 176 902 215 C.
963 174 1373 216 CORNELII
1429 157 1708 214 TACITI

597 271 722 305 uxor,
749 270 795 295 ac
821 255 940 295 frater
955 254 1238 296 Scribonianus
1253 285 1266 305 ,
1291 256 1341 295 T.
1363 256 1529 294 Vinium
1555 254 1737 309 Crispina
1760 250 1840 293 filia
1854 259 1968 294 conr-

597 319 761 374 posuere
775 347 787 368 ,
809 318 971 372 quaefitis
989 318 1280 373 redemptisque
1300 316 1494 373 capitibus
1514 323 1522 338 ¹
1536 346 1548 368 ,
1569 331 1651 370 quae
1668 313 1823 357 venalia
1846 317 1968 355 inter-

598 382 764 421 feclores
788 381 1048 422 servaverant.
1105 416 1111 418 .
1574 390 1579 394 “

661 443 885 484 XLVIII.
919 445 1034 484 Piso
1058 458 1181 483 unum
1203 448 1242 485 ὅ(
1264 443 1502 484 tricesimum
1526 443 1646 483 aetatis
1669 456 1817 482 annum
1839 438 1970 495 exple-

599 505 695 556 bat,
720 504 822 546 fama
855 506 1048 555 meliore,
1081 506 1197 559 quam
1233 506 1403 546 fortuna.
1438 507 1592 546 Fratres
1620 503 1703 555 ejus
1733 508 1746 524 ²
1771 504 1970 556 Magnum

600 567 792 609 Claudius
808 599 820 619 ,
840 569 1018 610 Crassum
1040 570 1154 609 Nero
1173 569 1466 609 interfecerant.
1486 568 1573 623 Ipse
1590 568 1658 608 diu
1671 565 1807 616 exsul,
1830 565 1972 618 quatri-

601 631 681 672 duo
703 630 830 672 Caesar
845 661 858 681 ‚
887 630 1094 687 properata
1119 632 1361 686 adoptione,
1389 631 1436 671 ad
1459 633 1537 671 hoc
1559 643 1714 671 tantum
1734 627 1873 680 majori
1896 627 1971 666 fra-

602 696 652 734 tri
675 693 853 749 praelatus
874 696 950 743 est,
979 709 1023 734 ut
1043 695 1150 749 prior
1171 694 1434 734 occideretur.
1454 694 1504 733 T.
1524 695 1667 734 Vinius
1688 691 1974 745 quinquaginta.

600 757 751 812 septem
775 771 897 797 annos
912 758 1027 796 variis
1044 755 1217 796 moribus
1238 758 1332 809 egit.
1349 757 1462 796 Pater
1476 754 1536 795 illi
1557 771 1577 795 e
1598 753 1776 811 praetorifi
1796 750 1946 794 familia
1960 780 1972 801 ,

601 833 801 860 maternus
825 834 918 860 avus
938 834 958 858 e
982 819 1223 874 proscriptis.
1245 817 1373 859 Prima
1395 816 1536 858 militia
1559 823 1567 846 ³
1593 818 1773 866 infamis,
1796 814 1973 869 legatum

605 881 821 922 Calvifrum
854 880 1045 922 Sabinum
1068 886 1085 908 4
1114 880 1327 921 habuerat:
1355 880 1467 932 cujus
1491 895 1619 930 uxor,
1652 878 1755 919 mala
1787 878 1976 933 cupidine

604 945 757 986 visendi
778 945 891 984 situm
913 945 1124 984 castrorum
1138 973 1148 992 ,
1177 957 1245 998 per
1268 945 1425 983 no&em
1449 942 1608 983 militari
1630 942 1768 982 habitu
1788 939 1978 994 ingreffa,

606 1010 698 1048 cum
715 1006 869 1062 vigilias
885 1011 924 1046 ὃ(
941 1019 1071 1046 cetera
1087 1001 1383 1046 militiae‘munia
1397 1005 1534 1046 eadem
1553 1003 1715 1046 lascivia
1731 1002 1952 1044 temerasset
1965 1030 1980 1050 ‚

607 1071 649 1109 in
672 1070 757 1125 ipsis
779 1070 983 1125 principiis
1007 1073 1019 1099 5
1051 1069 1221 1123 stuprum
1247 1069 1360 1109 ausa:
1394 1073 1434 1109 ὅ(
1463 1069 1638 1109 criminis
1666 1066 1781 1119 hujus
1812 1080 1899 1105 reus
1926 1065 1978 1105 T.

605 1133 751 1174 Vinius
773 1131 1021 1186 arguebatur.
1047 1131 1173 1184 Igitur
1191 1130 1291 1182 jussu
1317 1131 1364 1171 C.
1387 1131 1546 1171 Caesaris
1567 1129 1583 1151 ⁶
1604 1143 1787 1170 oneratus
1808 1129 1978 1169 catenis:

610 1209 733 1244 mox,
760 1195 981 1234 mutatione
1008 1207 1235 1248 temporum
1263 1198 1302 1243 ⁷,
1328 1194 1501 1234 dimissus
1517 1223 1529 1243 ‚
1559 1193 1674 1234 cursu
1692 1195 1892 1233 honorum
1919 1192 1981 1229 in-

609 1257 766 1298 offenso
781 1286 792 1307 ‚
815 1257 968 1311 legioni
991 1257 1074 1311 post
1094 1269 1300 1310 praeturam
1323 1256 1573 1312 praepositus,
1594 1255 1858 1311 probatusque
1874 1283 1886 1304 ‚
1910 1253 1982 1293 ser-

610 1318 682 1361 vili
703 1319 890 1375 deinceps
909 1318 1056 1374 probro
1072 1318 1265 1373 respersus
1285 1320 1337 1359 est
1351 1348 1363 1369 ,
1390 1333 1590 1372 tamquam
1609 1318 1804 1373 scyphum
1821 1330 1983 1357 aureum

608 1384 651 1423 in
681 1383 871 1422 convivi0
893 1381 1053 1422 Claudii
1073 1380 1248 1428 furatus;
1278 1386 1317 1422 ὃ(
1343 1381 1533 1422 Claudius
1550 1379 1701 1436 postera
1720 1380 1783 1420 die
1804 1378 1878 1420 soli
1902 1394 1984 1419 om-

2008 824 2058 850 10

611 1447 721 1485 nium
749 1446 873 1486 Vinio
895 1442 1077 1484 fiffllibus
1106 1440 1119 1463 ³
1151 1445 1356 1484 ministrari
1385 1442 1498 1495 jussit.
1533 1443 1611 1484 Sed
1638 1444 1781 1483 Vinius
1809 1457 1982 1497 procon—
2012 1449 2070 1477 20

613 1506 742 1547 sulatu
775 1505 951 1547 Galliam
974 1505 1278 1546 Narbonensem
1305 1506 1437 1547 severe
1464 1508 1696 1560 integreque
1727 1506 1852 1545 rexit:
1890 1518 1987 1545 mox

615 1569 752 1610 Galbae
774 1567 948 1610 amiciti&
973 1570 1014 1608 in
1043 1567 1251 1624 abruptum
1281 1571 1443 1620 trafi‘ms,
1461 1569 1609 1618 audax,
1626 1567 1812 1618 callidus,
1830 1582 1987 1623 promp-

614 1645 703 1684 tus,
727 1636 766 1673 ὃς
780 1662 793 1683 ,
811 1646 930 1688 prout
955 1632 1131 1672 animum
1151 1631 1376 1673 intendisset
1391 1661 1405 1684 ,
1438 1646 1606 1688 pravus,
1635 1644 1701 1672 aut
1733 1630 1941 1673 industrius
1969 1658 1985 1682 ‚

618 1792 672 1823 put
699 1784 815 1815 Pisonis
840 1785 986 1823 accepisse
1021 1784 1142 1815 testatur
1171 1785 1285 1815 Plutar-

618 1824 691 1854 chus
706 1824 738 1852 in
755 1824 871 1858 Galba,
885 1834 952 1862 pag.
971 1827 1057 1853 1066.
1074 1825 1121 1855 Τὴν
1136 1824 1165 1853 δέ
1188 1825 1285 1853 Πεὲι-ω-

619 1877 655 1894 νος
674 1864 684 1898 (
696 1863 829 1900 κεφαλὴν)
849 1865 861 1895 ἦ
874 1864 931 1898 γυνὴ
942 1863 1027 1892 ’ἔλειξεν
1038 1863 1143 1902 0139oele
1156 1863 1284 1896 σ’ἒηέῒᾶο-α.

619 1903 677 1932 Pro
701 1902 806 1940 οὐρανίκ
832 1902 1060 1931 emendandum
1085 1902 1203 1941 Οὐερανία
1219 1925 1227 1938 ,
1254 1911 1286 1933 ut

619 1940 747 1971 eruditis
767 1941 913 1971 omnibus
930 1948 1136 1978 compertum.
1156 1942 1202 1971 De
1228 1944 1287 1972 Ve-

620 1978 706 2010 rania
718 2003 726 2014 ‚
748 1980 872 2018 ejusque
884 1987 985 2009 morte
1001 1989 1034 2009 ac
1050 1980 1162 2019 Reguli
1178 1980 1285 2011 fraude

619 2018 694 2048 vide
716 2017 849 2048 Plinium
868 2019 922 2056 Ep.
939 2020 984 2054 11,
1006 2029 1055 2048 20.

661 2063 667 2075 ¹
702 2058 948 2092 RsnfflpnsQue
973 2068 1132 2087 CAPITIBUS
1156 2058 1170 2094 ]
1202 2058 1286 2089 Vinii

618 2104 710 2133 caput
732 2096 794 2125 filia
817 2097 880 2133 ejus
897 2095 1037 2133 Crispina
1062 2097 1213 2130 redemit,
1235 2098 1288 2127 de-

620 2145 689 2165 cern
708 2134 846 2164 millibus
864 2135 1050 2169 sestertium,
1072 2136 1196 2166 Gallicae
1219 2146 1287 2166 mo-

619 2183 697 2204 netae
718 2173 803 2203 libris
836 2184 929 2212 1945,
961 2174 1032 2204 teste
1062 2174 1224 2205 Plutarcho
1255 2175 1288 2204 in

622 2211 739 2247 Galba,
757 2222 824 2251 pag.
846 2217 935 2242 1066.

662 2255 672 2267 ²
695 2251 841 2281 FRATRES
859 2263 927 2284 mus
948 2253 961 2289 ]
977 2251 1024 2282 De
1040 2251 1086 2282 his
1098 2252 1171 2283 vide
1192 2254 1290 2282 Stem-

621 2300 672 2320 ma
687 2290 777 2320 Crassi
794 2300 828 2320 ac
845 2291 962 2321 Pisonis
980 2290 1013 2320 in
1026 2291 1120 2321 Notis
1134 2292 1168 2322 &
1182 2292 1291 2321 Emen-

623 2329 802 2359 dationibus
821 2330 859 2358 ad
876 2330 949 2359 Hist.
968 2330 1000 2363 1,
1022 2341 1066 2366 14.

663 2374 673 2394 ³
698 2369 800 2397 Pium.
824 2369 973 2404 ΜιιιτιΑ]
992 2370 1024 2397 In
1044 2368 1214 2399 Pannonia.

1323 1785 1438 1815 Sabino
1465 1784 1589 1824 ejusque
1615 1794 1714 1814 uxore
1743 1782 1891 1814 Cornelia
1913 1783 1987 1814 vide

1324 1825 1578 1863 Supplementum
1598 1824 1709 1853 Annal.
1725 1824 1813 1858 VIII,
1834 1826 1878 1852 16.
1892 1823 1987 1853 Forte

1325 1864 1408 1893 idem
1431 1863 1470 1893 est
1488 1863 1525 1892 de
1547 1873 1610 1902 quo
1631 1864 1746 1892 Seneca
1766 1863 1819 1900 Ep.
1842 1872 1891 1898 27.
1920 1861 1989 1890 Cal-

1324 1902 1406 1941 vifius
1428 1901 1551 1930 Sabinus
1574 1901 1699 1930 memorici
1717 1900 1804 1939 nostrti
1818 1899 1875 1936 fuit
1893 1899 1987 1929 dives.-

1328 1941 1356 1970 θ’
1370 1941 1561 1977 patrimonium
1579 1939 1695 1968 habebar
1714 1939 1833 1968 libertini
1857 1939 1887 1968 ff
1907 1939 1990 1979 inge-

1325 1981 1408 2009 nium.
1425 1980 1582 2018 Numquam
1602 1978 1658 2008 vidi
1673 1979 1803 2008 hominem
1817 1977 1924 2007 beatum
1941 1980 1989 2008 in-

1327 2019 1475 2048 decentius.

1367 2065 1375 2085 5
1401 2059 1434 2087 Iu
1456 2055 1992 2096 ipsismmc11211s]Ubierantaqui-

1327 2097 1362 2127 1ae
1374 2121 1382 2134 ‚
1398 2097 1479 2136 signa
1489 2121 1498 2133 ,
1511 2097 1672 2126 castrorum
1686 2095 1821 2125 numina.
1837 2096 1915 2125 Vide
1925 2106 1992 2135 quae

1328 2137 1366 2166 de
1386 2135 1543 2174 principiis
1566 2143 1673 2165 notata
1694 2135 1760 2165 sunt
1775 2134 1862 2173 supra
1878 2135 1992 2165 Annal-

1328 2177 1359 2212 I,
1378 2179 1427 2204 61.
1446 2183 1513 2205 not.
1528 2186 1556 2210 4.

1367 2215 1380 2232 ⁶
1403 2215 1440 2244 C.
1459 2215 1625 2252 Cffismus]
1643 2212 1711 2243 Caii
1727 2212 1884 2252 Caligulae.

1368 2259 1381 2279 7
1403 2254 1594 2283 Mumnons
1626 2262 1803 2283 TEMPORUM
1830 2254 1842 2290 ]
1879 2251 1992 2282 Occiso

1330 2291 1490 2330 Caligula,
1514 2292 1685 2330 imperante
1708 2290 1855 2321 Claudio.

1370 2331 1381 2351 ⁸
1410 2332 1588 2362 Fieriurus
1622 2341 1809 2360 Miuisraaizi
1838 2330 1852 2366 ]
1880 2328 1996 2363 Eadem

1330 2369 1402 2400 vide
1426 2371 1507 2409 apud
1526 2369 1722 2401 Plutarchum
1744 2369 1777 2400 in
1791 2367 1908 2404 Galba,
1926 2378 1993 2407 pag.

660 2412 675 2431 ‘³
698 2408 885 2440 CALvisiuM
905 2409 1074 2446 sisinum]
1093 2409 1139 2439 Dc
1154 2407 1290 2439 Calvisio
1334 2412 1422 2448 1058.

1858 2448 1998 2492 efidem
