2209 3047
545 375 615 404 822.

547 425 569 448 J.
582 425 611 449 C.

894 195 942 236 C.
1008 194 1434 238 CORNELII
1497 191 1800 235 TACITI

660 277 793 318 forum
811 276 1114 318 &imminentia
1125 277 1215 318 foro
1230 273 1378 331 templa
1397 280 1406 296 ¹
1426 274 1665 329 praeterveffi
1676 302 1688 323 ‚
1708 274 1868 327 erigunt
1880 271 2008 314 aciem
2024 277 2040 296 ²

662 213 748 238 202

620 328 635 351 i'
661 354 730 396 per
746 339 953 380 adversum
969 338 1118 381 collem
1133 370 1145 389 ‚
1170 340 1291 392 usque
1308 337 1355 377 ad
1378 338 1522 392 primas
1544 334 1781 392 Capitolina:
1805 337 1904 377 arcis
1922 335 2041 378 fores.

658 402 782 444 Erant
798 403 1013 457 antiquitus
1030 404 1207 459 porticus
1224 407 1233 429 ³
1251 403 1291 440 in
1306 398 1429 440 latere
1446 398 1542 440 clivi
1556 429 1568 449 ‚
1595 399 1740 439 dextrae
1758 397 2039 440 subeuntibus:

659 468 702 506 in
729 480 895 519 quarum
915 467 1062 506 tedium
1084 464 1217 520 egreffi
1232 493 1244 513 ,
1272 463 1372 503 saxis
1393 461 1617 517 tegulisque
1637 459 1878 504 Vitellianos
1897 461 2040 502 obrue-

658 528 767 569 bant.
781 531 926 583 Neque
942 528 1020 569 illis
1038 542 1174 568 manus
1189 557 1201 577 ,
1230 526 1299 565 nili
1325 524 1466 581 gladiis
1483 538 1662 572 armatae3
1689 528 1728 566 ὃ(
1749 524 1937 566 arcessere
1958 538 2042 565 tor-

659 605 821 643 menta,
848 604 915 632 aut
942 591 1094 631 miffilia
1111 590 1188 631 tela
1203 620 1215 639 ‚
1242 587 1413 643 longum
1429 588 1649 630 videbatur.
1676 589 1800 630 Faces
1828 589 1869 627 in
1890 588 2042 643 promi-

659 669 822 696 nentem
838 656 1039 710 porticum
1055 659 1072 682 4
1087 652 1218 705 jecere
1234 666 1244 698 3
1266 655 1306 693 ὃς
1322 651 1585 706 sequebantur
1601 653 1753 707 ignem:
1773 649 2042 704 ambustasque

660 717 854 774 Capitolii
869 717 972 758 fores
996 721 1009 748 5
1033 715 1321 772 penetrassent,
1347 716 1389 754 ni
1403 714 1572 756 Sabinus
1588 713 1761 756 revulsas
1778 713 1953 767 undique
1969 714 2040 754 sta-

657 794 772 832 tuas,
797 781 942 821 decora
969 777 1189 830 majorum,
1214 779 1256 817 in
1276 777 1364 833 ipso
1388 778 1496 819 aditu
1508 808 1521 828 ,
1547 779 1637 819 vice
1667 778 1796 827 muri,
1820 775 2040 828 objecisset.

659 844 765 884 Tum
781 842 955 883 diversos
970 841 1163 898 Capitolii
1177 840 1303 882 aditus
1318 841 1534 891 invadunt,
1554 839 1665 893 juxta
1677 838 1815 881 lucum
1830 837 1927 892 asyli
1943 837 1980 889 ⁶,
1997 842 2038 880 ὅ(

658 905 735 961 qua
749 906 920 961 Tarpeia
935 919 1050 961 rupes
1068 910 1081 933 ⁷
1101 918 1264 946 centum
1279 903 1464 958 gradibus
1481 904 1622 944 aditur.
1638 902 1860 959 Improvisa
1874 915 2040 955 utraque

657 971 717 1010 vis
733 983 743 1015 3
769 970 933 1024 propior
948 982 1065 1021 atque
1083 968 1210 1008 acrior
1226 981 1295 1022 per
1310 965 1461 1020 asylum
1479 964 1493 988 ⁸
1523 965 1753 1021 ingruebat:
1782 980 1858 1006 nec
1875 964 1947 1004 sisti
1964 978 2041 1020 po-

656 1045 813 1081 terant,
838 1030 1070 1071 scandentes
1093 1045 1161 1086 per
1191 1027 1402 1081 conjun&a
1429 1029 1613 1070 aedificia:
1639 1043 1747 1082 quae,
1776 1041 1820 1067 ut
1847 1028 1888 1067 in
1915 1024 2042 1068 multa

656 1109 755 1150 pace
769 1123 782 1143 ‚
807 1095 849 1133 in
869 1092 994 1134 altum
1017 1093 1148 1143 edita,
1172 1091 1302 1133 solum
1318 1090 1513 1148 Capitolii
1535 1090 1751 1145 aequabant.
1769 1091 1851 1131 Hic
1873 1089 2040 1146 ambigi-

655 1170 720 1197 tur
732 1186 745 1206 ,
769 1173 790 1193 «
806 1157 941 1210 ignem
957 1157 1068 1197 teffls
1086 1169 1382 1212 oppugnatores
1398 1153 1611 1206 injecerint
1624 1184 1636 1205 ‚
1661 1169 1712 1194 an
1728 1152 1865 1194 obseffi
1887 1170 1908 1191 »
1918 1182 1931 1203 ‚
1957 1167 2040 1207 quae

656 1218 833 1260 crebrior
849 1223 864 1247 9
880 1219 984 1260 fama
999 1220 1052 1259 est
1066 1249 1078 1269 ,
1102 1236 1123 1256 «
1144 1220 1223 1272 quo
1240 1219 1413 1259 nitentes
1430 1233 1477 1258 ac
1495 1217 1718 1274 progressos
1734 1214 1982 1272 depellerent
1998 1233 2018 1253 »
2030 1246 2041 1257 .

656 1282 756 1324 Inde
775 1280 905 1338 lapsus
928 1283 1030 1337 ignis
1052 1283 1093 1322 in
1112 1282 1317 1338 porticus,
1343 1280 1535 1338 appositas
1557 1279 1701 1322 aedibus
1722 1283 1777 1317 ¹0:
1800 1293 1898 1320 mox
1932 1279 2040 1320 susti-

702 1417 833 1461 ¹Fouo
858 1427 981 1448 τεΜηΑ
1004 1421 1015 1451 ]
1038 1416 1170 1455 Templa
1183 1416 1329 1447 Fortunae
1408 1417 1422 1436 ⁶
1441 1416 1557 1446 Lucum
1578 1416 1697 1453 Asvm]
1718 1416 1822 1452 Quem
1836 1414 1915 1446 olim
1929 1413 2038 1453 posue-

657 1455 874 1495 primigeniae,
897 1456 985 1486 Jovis
1000 1426 1173 1492 Tonantis,
1189 1455 1329 1491 Saturni,

659 1496 850 1526 Concordiae
871 1519 880 1531 ,
901 1495 974 1526 foro
1007 1496 1152 1525 Romano
1180 1494 1329 1525 immine-

658 1535 746 1566 bant.
765 1534 846 1565 Vide
866 1533 1251 1570 C1.Pi1anefi,Anzichita
1272 1533 1331 1562 Ro-

657 1583 757 1609 mane,
777 1574 872 1604 Tom.
887 1575 910 1604 1.
927 1576 1030 1605 versus
1049 1573 1156 1603 finem.
1172 1571 1276 1602 Tavola
1288 1572 1331 1602 del

657 1612 756 1642 Monte
773 1612 936 1650 capitolino.

697 1653 878 1682 ²Enrcum·
895 1653 1020 1688 acrem]
1038 1650 1202 1687 Flaviani,
1225 1650 1330 1681 forum

657 1692 873 1735 praeterveffl,
893 1702 946 1736 per
961 1690 1125 1721 adversum
1141 1674 1256 1721 collem
1272 1692 1331 1721 Ca-

657 1730 830 1774 pitolinum
856 1732 955 1760 aciem
974 1730 1057 1760 suam
1086 1729 1208 1774 erigunt
1236 1729 1330 1769 usque

658 1770 697 1800 ad
718 1779 829 1808 prunas
854 1769 1042 1809 Capitolinae
1069 1768 1145 1799 arcis
1171 1768 1273 1806 fores,
1296 1777 1331 1799 ut

657 1809 847 1841 Vitellianos
866 1810 904 1840 ab
924 1808 1040 1840 accessu
1060 1808 1257 1857 prohibeant.
1278 1809 1330 1837 In-

660 1849 698 1878 de
724 1848 773 1878 Cl.
794 1847 946 1884 Piranefi,
960 1848 1024 1879 loc.
1048 1847 1103 1878 cit.
1120 1848 1239 1886 optime
1261 1857 1331 1892 pro·

658 1889 712 1918 bat
726 1896 868 1918 montem
888 1887 1104 1925 Capitolinum
1121 1887 1216 1917 muris
1235 1886 1329 1918 turri-

657 1927 775 1966 busque
797 1937 863 1957 non
892 1926 978 1957 fuiffe
1006 1926 1180 1963 vallatum,
1205 1926 1330 1965 qualem

660 1976 731 1996 eum
748 1965 875 1996 exhibet
895 1967 991 1997 Justus
1005 1965 1187 2005 Rycquius,
1199 1964 1230 1994 de
1244 1964 1331 2002 Capi-

658 2004 722 2034 tolio
741 2004 872 2034 Romano.

700 2050 709 2070 ³
735 2045 891 2075 Ponticus
906 2044 919 2080 ]
940 2045 1099 2088 Perperam
1113 2042 1233 2082 Lipsius
1247 2043 1328 2074 exis-

659 2083 784 2113 rimavit
809 2093 857 2113 eas
882 2083 1017 2121 porticus
1037 2083 1124 2113 fuisse
1143 2092 1227 2121 temp
1231 2082 1253 2112 li
1275 2085 1328 2114 Jo-

660 2122 708 2152 vis
733 2122 918 2161 Capitolini.
941 2124 1018 2153 Sunt
1046 2122 1164 2166 prorsus
1193 2122 1245 2151 div
1249 2122 1327 2153 ersae.

659 2162 723 2192 111ae
741 2169 827 2192 erant
845 2172 877 2191 in
891 2162 985 2192 latere
999 2161 1094 2192 clivi:
1114 2161 1159 2193 hae
1174 2160 1228 2200 ipfi
1245 2169 1327 2192 tem—

659 2201 714 2240 plo
738 2199 891 2239 appofitae.

697 2244 713 2264 4
745 2241 978 2270 Prona-mrsu
1011 2241 1208 2277 Pon‘rrctm]
1238 2240 1326 2270 Unde

657 2279 802 2310 Flaviani
821 2278 1006 2310 Vitellianos
1027 2279 1212 2310 obruebant.
1229 2279 1328 2309 Porti-

658 2329 710 2349 cus
731 2318 799 2348 illas
819 2318 946 2348 exhibet
963 2319 1012 2348 Cl.
1035 2317 1183 2353 Piranefi,
1196 2318 1259 2348 loc.
1273 2318 1325 2348 cit.

699 2363 707 2384 5
732 2359 902 2401 Capri-orit
927 2361 1048 2392 fons]
1078 2358 1173 2387 Fores
1197 2356 1326 2394 Capito-

656 2396 726 2426 linae
748 2396 846 2433 arcis,
867 2396 900 2426 in
917 2407 977 2436 qua
990 2404 1053 2426 erat
1072 2396 1224 2439 templum
1238 2395 1325 2426 Jovis

656 2435 851 2475 Capitolini,
866 2446 964 2476 prope
980 2445 1088 2476 rupem
1104 2434 1279 2474 Tarpeiam

1368 1455 1584 1486 ratRomulus.
1598 1456 1700 1485 Lucus
1717 1454 1771 1484 ille
1788 1454 1848 1486 fuit
1866 1455 1947 1484 inter
1964 1454 2038 1484 duas

1368 1504 1457 1533 rupes
1466 1494 1584 1524 montis
1596 1493 1790 1532 Capitolini3
1800 1494 1831 1524 in
1843 1503 1971 1538 quarum
1978 1503 2039 1524 una

1369 1542 1434 1564 erat
1443 1534 1595 1572 templum
1610 1533 1697 1564 Jovis
1713 1519 1905 1572 Capitolini:
1921 1543 1953 1562 111
1966 1532 2039 1563 alte-

1369 1583 1422 1607 ra,
1435 1573 1551 1611 templa
1568 1572 1656 1603 Jovis
1673 1573 1850 1603 Feretrii&
1863 1571 1966 1602 Martis
1980 1572 2039 1603 Ca-

1369 1612 1517 1651 pitolini,
1530 1612 1563 1641 in
1577 1621 1710 1651 quorum
1724 1612 1884 1642 ruderibus
1894 1611 2039 1642 nuncstat

1370 1650 1495 1682 ecclesia
1508 1635 1624 1681 'Sanc‘tae
1640 1651 1742 1681 Mariae
1761 1651 1834 1680 Ara-
1836 1650 1917 1680 Caeli.
1935 1652 1971 1680 ln
1987 1650 2040 1680 lo-

1369 1700 1440 1721 cum
1453 1690 1515 1720 luci
1528 1691 1562 1721 &
1576 1689 1661 1729 Asyli
1680 1700 1764 1721 nunc
1780 1690 1912 1730 adsurgit
1932 1689 2039 1730 Ρὶαζζα

1369 1729 1411 1758 del
1431 1728 1581 1768 Campidog
1583 1728 1628 1759 lio.

1409 1774 1422 1793 7
1442 1770 1586 1799 Tamusia
1615 1778 1710 1799 Rupes
1732 1770 1746 1806 ]
1775 1770 1811 1799 In
1837 1767 2038 1799 Occidentali

1368 1808 1486 1839 montis
1503 1807 1677 1853 Capitolini
1695 1816 1802 1846 parte,
1814 1818 1874 1847 qua
1885 1808 1924 1838 ad
1936 1807 2039 1838 Tibe·-

1369 1847 1427 1878 rim
1447 1847 1566 1887 vergit,
1587 1854 1651 1877 erat
1667 1847 1799 1885 Tarpeia
1820 1857 1929 1886 rupes,
1952 1847 2036 1877 unde

1369 1887 1413 1918 rei
1433 1887 1672 1925 dejiciebantur.
1697 1887 1744 1917 De
1763 1887 1799 1918 ea
1817 1886 1932 1918 dictum
1951 1886 2039 1926 supra

1370 1926 1483 1956 Annal.
1503 1928 1566 1963 Vl,
1594 1936 1640 1962 19.

1406 1965 1417 1986 ⁸
1440 1967 1501 1996 Ρεκ
1526 1970 1680 2000 ΑςγιυΜ]
1707 1965 1776 2003 Qua
1809 1972 1874 1996 erat
1901 1964 2037 1997 ascensus

1367 2005 1406 2035 ad
1420 2004 1571 2044 templum
1585 2004 1672 2036 Jovis
1691 2003 1877 2043 Capitolini.

1407 2049 1420 2068 9
1443 2046 1520 2082 QUAE
1543 2045 1732 2080 caenaron]
1766 2042 1961 2081 Capitolium
1992 2051 2038 2074 ta-

1366 2093 1439 2113 men
1469 2094 1485 2113 a
1510 2083 1685 2114 Vitellianis
1717 2082 1877 2113 incensum
1907 2082 2035 2114 tradunt

1367 2122 1482 2153 Plinius
1497 2124 1648 2157 XXXIV,
1669 2122 1807 2160 ‘7.pJ0se
1810 2121 1839 2151 11.
1863 2121 1941 2152 Bell.
1966 2122 2036 2152 Jud.

1367 2162 1428 2197 lv,
1448 2172 1496 2191 11.
1509 2161 1572 2192 1)10
1592 2163 1689 2193 LXV.
1700 2171 1796 2200 pag7
1799 2171 1847 2198 42.
1861 2163 1902 2191 At
1917 2160 2034 2191 Plinius

1366 2201 1560 2240 &Josephus
1585 2201 1748 2245 scripsere,
1773 2199 1946 2237 imperante
1963 2200 2035 2231 Ves-

1366 2239 1501 2277 pasiano.
1532 2240 1659 2271 Tacitus
1687 2241 1785 2272 verb,
1806 2239 1862 2269 sub
1890 2238 2034 2277 Principe

1365 2279 1523 2316 Trajano,
1539 2290 1609 2310 cum
1626 2279 1768 2315 veritati,
1786 2288 1853 2309 non
1873 2278 2035 2308 adulatio-

1366 2318 1414 2354 ni,
1434 2319 1522 2349 locus
1544 2319 1626 2349 effet-

1421 2359 1618 2388 ⁰.A1›1³os1ns
1631 2367 1747 2387 tamnus
1758 2358 1771 2394 ]
1782 2354 1941 2401 Appositas
1956 2363 2035 2386 tem-

1364 2395 1416 2433 plo
1436 2396 1523 2426 Jovis
1549 2396 1744 2434 Capitolini,
1765 2396 1849 2433 cujus
1868 2394 1954 2425 frons
1981 2394 2035 2424 tri-

1363 2435 1450 2474 plici,
1462 2435 1556 2468 latera
1568 2435 1685 2476 duplici
1694 2418 1911 2467 columnatum
1921 2433 2034 2466 ordine

2074 850 2182 878 10-

2074 1159 2122 1200 15
