2209 3047
499 295 612 307 ,,-...-

499 326 529 349 A.
541 325 568 346 U.
580 324 609 346 C.

521 373 591 407 823.

521 424 545 447 J.
557 423 587 446 C.

529 478 581 505 70.

633 208 718 247 252
881 194 930 236 C.
996 193 1398 235 CORNELII
1460 191 1768 235 TACITI

633 276 706 316 teri
732 272 928 324 audebat,
957 289 1083 328 neque
1105 275 1277 316 abnuere
1302 286 1478 330 poterat:
1507 274 1548 312 in
1573 272 1739 314 Vibium
1757 273 1939 327 Crispum
1964 280 1978 298 ἲ
1995 302 2012 325 ‚

635 336 747 389 cujus
767 337 1145 391 interrogationibus
1159 337 1415 392 fatigabatur,
1430 335 1537 376 ultro
1553 336 1787 385 conversus,
1808 335 2011 377 miscendo

635 415 718 455 quae
733 399 945 440 defendere
956 400 1163 453 nequibat,
1175 401 1362 440 societate
1374 398 1697 454 culpaeinvidiam
1713 397 1946 438 declinavit.

700 463 848 503 XLII.
882 463 1109 503 MAGNAM
1150 478 1198 504 eo
1236 463 1299 502 die
1333 463 1488 518 pietatis
1517 461 1831 515 eloquentiaeque
1866 460 2012 500 famam

637 527 864 581 Vipstanius
900 525 1067 566 Messala
1100 526 1264 581 adeptus
1289 526 1367 574 est,
1397 524 1574 566 nondum
1612 524 1805 564 senatoria
1839 535 1949 564 aetate
1970 527 2014 573 ²,

635 589 750 630 ausus
777 604 849 645 pro
878 589 997 629 fratre
1018 588 1182 642 Aquilio
1206 586 1369 642 Regulo
1401 593 1411 616 ³
1444 588 1661 643 deprecari.
1693 585 1897 641 Regulum
1926 584 2014 625 sub-

635 652 746 692 versa
772 651 997 692 Crassorum
1019 655 1059 691 &
1084 652 1248 706 Orphiti
1271 651 1411 691 domus
1434 655 1450 679 ⁴
1472 651 1511 689 in
1532 651 1729 690 summum
1748 650 1883 690 odium
1904 661 2015 689 extu-

634 713 745 756 lerat.
766 716 919 770 Sponte
940 729 989 754 ex
1010 715 1050 754 S.
1074 713 1121 753 C.
1149 718 1160 744 5
1188 714 1484 754 accusationem
1514 712 1666 753 subiisse
1689 711 1845 764 juvenis
1873 712 2014 752 admo-

636 778 730 818 dum
748 807 759 827 ,
789 792 863 817 nec
888 775 1117 832 depellendi
1143 775 1338 831 periculi,
1364 775 1431 816 sed
1455 777 1495 815 in
1518 776 1626 831 spem
1648 776 1835 831 potentiae
1856 773 2014 814 videba-

633 853 710 880 tur.
733 839 783 879 Et
803 839 983 895 Sulpicia
1004 840 1260 889 Praetextata,
1287 838 1407 879 Crassi
1437 853 1562 888 uxor,
1589 852 1835 892 quatuorque
1862 837 1977 877 liberi
1999 866 2012 887 ,

635 903 662 944 sl
689 902 952 957 cognosceret
981 902 1163 951 senatus,
1193 900 1343 942 ultores
1374 901 1547 941 aderant.
1577 902 1705 955 Igitur
1741 899 1908 940 Messala
1933 914 2015 939 non

636 966 793 1007 causam
808 994 820 1014 ,
840 979 967 1018 neque
987 979 1098 1004 reum
1118 966 1219 1004 tueri
1242 964 1284 1014 ⁶,
1305 964 1371 1004 sed
1393 962 1580 1019 periculis
1600 964 1729 1004 fratris
1749 963 1872 1003 semet
1892 977 2017 1018 oppo-

636 1043 733 1069 nens
746 1058 759 1078 ,
778 1028 941 1068 flexerat
957 1027 1160 1080 quosdam.
1182 1028 1374 1068 Occurrit
1392 1028 1496 1067 truci
1516 1027 1697 1066 oratione
1715 1025 1876 1066 Curtius
1895 1026 2015 1066 Mon-

635 1104 750 1131 tanus
776 1095 790 1118 ⁷
806 1120 820 1140 ,
848 1092 897 1130 eo
920 1090 1042 1143 usque
1068 1090 1317 1145 progressus,
1345 1102 1414 1138 ut,
1442 1106 1462 1125 (ε
1486 1090 1570 1144 post
1590 1089 1737 1130 caedem
1758 1087 1895 1129 Galbce
1911 1118 1923 1139 ,
1948 1088 2014 1128 da-

634 1166 747 1194 »tam
775 1152 1018 1193 interfe&ori
1037 1153 1190 1194 Pisonis
1217 1153 1429 1208 pecuniam
1454 1167 1476 1192 a
1501 1150 1690 1206 Regulo,
1715 1152 2015 1208 adpetitumque

635 1216 802 1257 »morsu
825 1216 977 1256 Pisonis
1007 1230 1126 1271 caput
1151 1233 1172 1252 »
1196 1214 1422 1267 objectaret.
1452 1231 1474 1251 (ε
1504 1216 1600 1256 Hoc
1629 1215 1736 1255 certe
1765 1232 1814 1265 »‚
1845 1216 1974 1269 inquit
2002 1243 2016 1264 ,

645 1297 667 1316 «
690 1281 804 1320 Nero
832 1294 913 1319 non
941 1280 1102 1333 coegit,
1129 1294 1205 1319 nec
1233 1279 1495 1333 dignitatem,
1519 1292 1585 1319 aut
1610 1277 1777 1318 salutem
1807 1277 1876 1317 illa
1909 1278 2018 1317 saevi-

637 1341 724 1383 »tia
746 1342 955 1382 redemisti.
974 1342 1078 1382 Sane
1106 1340 1321 1382 toleremus
1349 1342 1509 1381 istorum
1537 1341 1809 1390 defensiones,
1837 1341 1904 1394 qui
1929 1355 2020 1396 per-

638 1405 764 1445 »dere
787 1404 886 1445 alios
900 1435 912 1455 ,
940 1403 1056 1458 quam
1080 1404 1296 1460 periclitari
1316 1404 1384 1459 ipsi
1406 1403 1644 1444 maluerunt.
1667 1404 1728 1444 Te
1749 1404 1928 1444 securum
1956 1418 2020 1443 re-

641 1466 842 1522 »liquerat
867 1466 978 1508 exsul
1004 1481 1139 1523 pater,
1169 1471 1208 1507 &
1234 1467 1358 1507 divisa
1384 1468 1487 1507 inter
1511 1467 1727 1508 creditores
1754 1465 1886 1515 bona,
1915 1480 2018 1505 non-

641 1547 663 1567 >)
675 1531 768 1571 dum
794 1532 994 1572 honorum
1019 1545 1145 1586 capax
1169 1543 1281 1570 aetas:
1310 1529 1410 1569 nihil
1439 1529 1547 1583 quod
1577 1544 1627 1570 ex
1650 1543 1689 1570 te
1715 1528 2022 1584 concupisceret

642 1610 665 1631 ))
675 1596 815 1644 Nero,
839 1592 940 1634 nihil
962 1593 1071 1647 quod
1089 1594 1270 1634 timeret:
1299 1592 1465 1634 libidine
1487 1593 1714 1647 sanguinis,
1741 1596 1780 1632 &
1801 1593 1913 1632 hiatu
1932 1606 2022 1648 prae-

687 1697 694 1711 ¹
719 1694 839 1723 Vinium
862 1693 1006 1722 CRJSPUM
1019 1693 1032 1729 ]
1044 1690 1214 1723 Hominem
1227 1691 1314 1722 famae

645 1742 762 1770 magnae
787 1731 909 1770 potius,
934 1733 1026 1770 quam
1047 1733 1161 1768 bonae3
1189 1731 1226 1761 de
1250 1742 1313 1770 quo

643 1771 732 1810 supra
751 1771 823 1800 Hist.
847 1772 895 1807 11,
920 1781 966 1801 10.

687 1815 698 1829 ²
724 1811 867 1840 Nounum
889 1819 1062 1840 SENATORIA
1083 1819 1186 1839 AETATE
1202 1809 1315 1842 JNon-

648 1849 722 1879 dum
745 1858 832 1879 natus
856 1859 954 1880 annos
973 1849 1112 1888 quinque
1134 1850 1167 1878 &
1189 1848 1313 1887 viginti.

1356 1702 1402 1723 12.

1397 1737 1406 1759 5
1429 1733 1547 1763 sponna
1567 1742 1605 1762 Ex
1628 1731 1657 1760 S.
1673 1731 1739 1768 Ο]
1762 1729 1889 1768 Optime
1912 1727 2022 1759 Illustr.

1353 1771 1499 1801 Huetius:
1536 1770 1731 1809 accusationem
1758 1769 1877 1798 decrevit
1893 1769 2019 1806 senatus.

1354 1810 1399 1839 Ad
1418 1811 1620 1848 eamsefivoute
1635 1809 1729 1838 obtulit
1747 1807 1904 1847 Vipstanius
1920 1807 2020 1846 Mesth-

1353 1849 1390 1879 la.
1413 1851 1501 1880 Unde
1526 1849 1680 1884 breviter,
1706 1849 1756 1878 sed
1778 1849 1934 1882 accurate,
1960 1848 2020 1876 Ta-

688 1894 697 1914 ³
722 1890 857 1924 AQuiuo
880 1889 1033 1924 Recuro]
1056 1887 1178 1927 hegulur
1199 1888 1313 1916 omnium
1354 1889 1431 1919 citus
1456 1888 1570 1927 scripsit
1585 1911 1594 1923 ‚
1608 1888 1705 1927 Jponre
1726 1898 1760 1916 ex
1781 1885 2020 1926 ssnatusconfizlto.

647 1926 769 1963 bipedum
785 1927 951 1966 nequissimus
963 1952 972 1964 ‚
990 1929 1032 1965 qui
1050 1938 1083 1956 ex
1095 1936 1212 1963 paupere
1231 1926 1261 1955 [r
1276 1937 1301 1955 re
1355 1929 1421 1958 Nec
1443 1929 1609 1962 redundat,
1627 1936 1660 1957 ut
1678 1927 1803 1966 quidam
1824 1925 1971 1961 voluere,
1985 1934 2019 1953 ex

646 1967 694 1995 nui
714 1966 749 1994 ad
762 1966 908 1997 maximas
923 1977 985 2003 opes
995 1965 1288 2006 perflagitinprocqffit
1300 1977 1312 2001 ;
1332 1967 1504 2005 ‘finamfion
1520 1967 1590 1996 ulfo:
1625 1977 1681 1997 nec
1707 1965 1934 1996 emendandum
1947 1987 1956 1999 ‚
1986 1971 2021 1995 ut

647 2006 686 2035 de
709 2016 770 2044 quo
786 2007 870 2044 plura
885 2006 958 2037 vide
977 2006 1057 2045 apud
1070 2005 1314 2044 Pliniuml‚Ep.
1354 2007 1420 2036 aliis
1441 2006 1574 2045 placuit,
1597 2006 1693 2043 sponte
1715 2016 1749 2034 ex
1767 2005 1808 2043 se.
1837 2004 2021 2041 Exemplum

647 2054 676 2083 5.
698 2045 729 2074 ὃ(
748 2047 791 2081 ll,
806 2046 861 2083 Ep.
882 2056 931 2075 20.
1354 2045 1695 2076 accusationisascnatu
1712 2046 1841 2074 decretae
1861 2042 1968 2072 videre
1982 2042 2022 2073 est

687 2088 702 2106 4
724 2085 919 2114 (massonum
952 2096 987 2114 ετ
1010 2086 1149 2114 ORPHITI
1173 2094 1281 2114 DOMUS
1301 2085 1314 2121 ]
1354 2086 1435 2124 apud
1450 2085 1582 2115 Plinium
1596 2108 1604 2118 ,
1620 2086 1674 2123 Ep.
1688 2085 1730 2117 ll,
1757 2094 1803 2113 11.

647 2122 783 2153 Crassum
801 2123 1082 2162 Cmnerinumque,
1105 2134 1121 2153 c
1142 2125 1315 2153 Crassorum
1394 2126 1407 2143 ⁶
1430 2126 1503 2154 Non
1519 2134 1615 2154 mussi
1624 2135 1662 2155 Μ,
1684 2134 1784 2157 usgue
1801 2133 1887 2152 nrum
1903 2125 2021 2155 τυεκι]

647 2162 744 2192 domo
757 2185 763 2195 ,
779 2172 794 2191 a
807 2163 924 2200 Regulo
938 2163 990 2192 sub
1007 2164 1135 2194 Nerone
1160 2163 1315 2192 accusatos
1333 2187 1338 2211 Ι
1355 2165 1438 2194 Bene
1451 2188 1458 2200 ,
1472 2165 1505 2194 ὃ(
1519 2164 1555 2193 ad
1574 2172 1709 2193 mentem
1730 2161 1937 2199 Quintiliani,
1960 2161 2021 2190 De-

646 2209 800 2231 memorat
815 2212 940 2240 quoque
957 2202 1071 2231 Plinius
1095 2204 1127 2235 l,
1143 2203 1197 2240 Ep.
1224 2213 1246 2246 5.
1268 2202 1315 2232 De
1356 2203 1443 2233 clam.
1474 2214 1605 2233 cccxul.
1631 2201 1741 2239 Majore
1764 2211 1822 2229 cum
1857 2198 2020 2229 verecundia

647 2240 769 2275 Crasso,
787 2240 902 2270 Pisonis
930 2251 946 2270 a
972 2241 1071 2271 Galba
1091 2241 1232 2279 adoptati
1258 2240 1316 2270 fra-
1352 2252 1485 2278 patronus
1507 2241 1736 2281 cotfitelirur‚si
1752 2240 1814 2279 quid
1840 2237 2020 2278 confitendum

645 2287 691 2309 tre
703 2303 711 2313 ‚
730 2279 802 2309 vide
814 2279 958 2309 Tacitum
973 2280 1043 2309 Hist.
1055 2283 1065 2309 1
1079 2304 1086 2315 ‚
1105 2283 1155 2317 48.
1175 2281 1221 2310 De
1234 2280 1314 2309 Scri·
1354 2282 1398 2320 est.

644 2319 786 2348 boniano
806 2318 976 2348 Camerino
995 2319 1068 2348 vide
1091 2320 1234 2349 eumdem
1255 2320 1314 2348 Ta-
1392 2327 1405 2346 7
1429 2322 1566 2351 Curinus
1589 2321 1787 2352 Monrnxus]
1815 2319 1880 2347 Jam
1899 2325 2019 2346 memo-

643 2357 740 2387 citum
755 2357 827 2387 Hist.
851 2358 898 2392 11,
921 2368 970 2395 72.
998 2359 1182 2388 Cornelium
1202 2358 1312 2395 Orpbi-
1355 2368 1433 2389 ratus
1447 2360 1531 2397 supra
1549 2359 1657 2387 Annal.
1681 2359 1771 2393 XVI,
1794 2359 1844 2386 28.
1861 2356 2019 2386 ,luvenalis

643 2404 709 2427 tum
720 2419 728 2431 ,
747 2396 906 2426 consulem
919 2419 927 2431 ‚
950 2396 1155 2434 putidumque
1175 2397 1314 2427 adulato-
1353 2407 1454 2428 autem
1465 2421 1473 2433 ,
1494 2400 1589 2435 Satyr.
1604 2399 1642 2426 lV
1655 2419 1663 2431 ,
1683 2406 1750 2433 107.

641 2445 706 2467 rem
728 2435 862 2468 vidimus
880 2435 996 2466 Annal.
1011 2437 1067 2467 XII
1077 2460 1086 2475 ,
1108 2447 1159 2475 41.
1173 2438 1206 2468 ὅζ
1218 2437 1289 2468 XVI
1300 2458 1311 2474 ,
1386 2441 1494 2466 Montani
1506 2448 1590 2474 quoque
1602 2447 1680 2466 venter
1692 2440 1751 2472 adest
1766 2438 1886 2465 abdomine
1897 2438 1987 2465 tardus.

2045 851 2096 878 10

2043 1477 2101 1506 20
