2230 3047
523 318 549 341 Α,
560 318 587 339 U.
600 317 628 339 C.

541 371 611 398 822.

539 422 563 444 J.
575 421 605 444 C.

545 468 597 502 69.

921 182 968 222 C.
1034 181 1427 224 CORNELII
1491 182 1757 223 TACITI

654 265 752 305 »dio
779 264 896 304 foret.
920 264 1059 318 Quin,
1073 277 1117 304 ut
1137 264 1342 306 censuram
1363 262 1507 317 patris,
1532 274 1576 301 ut
1596 275 1673 303 tres
1709 259 1962 313 consulatus,
1986 277 2032 306 ut

653 341 746 368 »tot
769 328 936 381 egregiae
954 327 1093 368 domus
1114 333 1123 349 ¹
1144 329 1316 368 honores
1333 326 1517 374 deceret,
1540 325 1814 380 desperatione
1834 324 1972 366 saltem
1989 329 2031 368 in

651 409 672 429 »
684 391 890 432 audaciam
930 391 1227 445 accingeretur:
1258 389 1426 444 perstare
1464 387 1634 427 militem
1648 419 1661 438 ‚
1693 388 1887 443 supereffe
1909 389 2031 431 studia

652 472 673 491 >›
684 452 838 510 populi.
867 453 1055 507 Denique
1081 452 1183 493 nihil
1211 453 1383 492 atrocius
1410 465 1647 492 eventurum
1668 481 1681 501 ‚
1715 450 1832 504 quam
1853 452 1895 491 in
1924 451 2033 505 quod

649 535 671 555 »
683 519 824 573 sponte
841 530 969 557 ruant:
988 516 1241 557 moriendum
1256 515 1388 563 vietis,
1404 515 1656 556 moriendum
1672 513 1831 555 deditis:
1849 513 1889 554 id
1905 513 2034 554 solum

649 581 826 621 »referre
840 610 853 629 ‚
878 580 1129 621 novissimum
1148 579 1326 633 spiritum
1344 591 1413 633 per
1437 576 1650 618 ludibrium
1666 607 1679 628 ‚
1705 580 1745 617 &
1767 575 2033 618 contumelias

650 661 672 681 >›
684 642 889 685 effundant
901 674 914 694 ‚
941 659 989 683 an
1006 658 1074 698 per
1094 643 1283 681 virtutem
1300 658 1320 677 »
1332 671 1342 680 .

713 706 912 748 LXVII.
947 707 1123 746 SURDAE
1147 704 1195 744 ad
1213 703 1333 744 fortia
1353 703 1515 744 confilia
1540 702 1710 744 Vitellio
1731 717 1855 744 aures.
1874 702 2034 744 Obrue-

649 770 763 812 batur
778 770 931 810 animus
948 768 1200 808 miseratione
1221 766 1414 821 curaque,
1442 781 1491 807 ne
1508 766 1776 822 pertinacibus
1797 768 1913 807 armis
1927 796 1940 816 ‚
1963 768 2033 806 mi-

652 836 724 875 nus
739 830 977 889 placabilem
994 832 1182 871 victorem
1199 828 1440 884 relinqueret
1456 828 1622 884 conjugi
1640 845 1685 870 ac
1701 829 1848 870 liberis.
1862 829 1956 870 Erat
1971 828 2032 868 illi

653 901 694 938 &
708 896 799 937 feffa
813 908 923 935 aetate
938 909 1078 950 parens
1095 898 1131 943 ²,
1149 908 1232 947 quae
1248 907 1382 934 tamen
1395 895 1531 949 paucis
1546 893 1636 933 ante
1651 892 1789 933 diebus
1807 890 2033 947 opportuna

653 973 783 1000 morte
806 964 815 987 ³
845 957 1048 998 excidium
1071 957 1213 997 domus
1230 957 1444 1012 praevenit,
1470 955 1571 995 nihil
1587 957 1812 1011 principatu
1833 954 1904 993 filii
1922 954 2033 995 adse-

653 1037 745 1064 cuta
759 1052 771 1072 ,
797 1021 865 1061 nifi
881 1020 1030 1060 luCtum
1048 1024 1088 1060 &
1104 1018 1251 1060 bonam
1265 1019 1423 1060 famam.
1454 1018 1775 1073 Quintodecimo
1790 1023 1808 1046 4
1836 1016 2034 1058 Calendas

654 1086 831 1130 Januarii
851 1082 984 1125 audita
998 1083 1220 1124 defeffione
1239 1081 1410 1136 legionis
1428 1082 1758 1134 cohortiumque,
1775 1095 1857 1134 quae
1875 1080 1912 1120 se
1928 1082 1970 1120 N
1973 1095 2034 1120 ar-

654 1150 726 1188 niae
743 1148 975 1189 dediderant
996 1151 1008 1178 5
1023 1176 1036 1197 ,
1059 1144 1173 1202 pullo
1190 1146 1333 1186 amiclu
1351 1144 1368 1166 ⁶
1385 1144 1534 1201 palatio
1549 1144 1778 1199 degreditur
1790 1174 1803 1194 ‚
1824 1141 1950 1183 maesta
1965 1144 2036 1184 cir-

661 190 739 234 198

1364 1268 1404 1287 tes
1422 1257 1523 1288 milites
1542 1257 1672 1296 cederese
1691 1257 1820 1295 imperio,
1844 1256 1913 1297 quod
1932 1257 2037 1287 invitus

1362 1297 1515 1365 recepiffer,
1535 1297 1680 1337 profiffus,
1702 1296 1804 1326 cunffiis
1820 1296 2035 1326 reclamantibus

1363 1348 1418 1366 rem
1464 1337 1566 1376 istulit:
1593 1347 1626 1365 ac
1651 1336 1724 1365 noc'le
1745 1336 1924 1376 interpositd,
1949 1337 2036 1373 primo

1362 1376 1479 1405 diluculo
1501 1376 1660 1416 sordidatus
1687 1375 1822 1414 descendit
1851 1375 1888 1405 ad
1915 1375 2034 1415 Rostra.-

695 1268 703 1282 ¹
728 1264 877 1293 Ecnecxffi
907 1271 1015 1293 Domus
1041 1265 1052 1295 ]
1091 1262 1247 1291 Incertum
1277 1268 1324 1290 ta-

655 1312 728 1333 men
742 1302 896 1332 veterisne
915 1302 948 1332 ὃ(
974 1299 1091 1331 nobilis
1103 1322 1111 1335 ‚
1129 1310 1167 1330 an
1188 1309 1278 1329 novae
1292 1300 1325 1330 δε

657 1342 786 1373 sordidae
799 1365 807 1377 ‚
824 1342 896 1371 teste
917 1340 1070 1370 Suetonio
1093 1341 1124 1368 in
1139 1339 1245 1369 Vitell.
1263 1340 1285 1367 1.

696 1387 707 1400 ²
731 1383 851 1411 PARENS
876 1381 890 1416 ]
923 1379 1061 1410 Sextilia.
1088 1379 1166 1408 Vide
1190 1380 1325 1408 Stemma

657 1420 860 1451 Vitelliorum
879 1420 911 1448 in
929 1419 1022 1449 Notis
1045 1417 1326 1449 &Emendationi-

657 1461 714 1491 bus
730 1460 768 1489 ad
783 1459 856 1488 Hist.
875 1460 910 1494 Ι,
930 1469 962 1495 9.

699 1504 708 1524 3
733 1501 925 1528 OPPORTUNA
947 1500 1076 1530 MORTE]
1102 1496 1148 1525 De
1174 1495 1234 1537 qua
1253 1498 1325 1526 Sue-

658 1538 764 1568 tonius
781 1538 813 1567 in
827 1537 935 1568 Vitell.
956 1538 1026 1566 XIV
1037 1559 1045 1571 ‚
1061 1534 1204 1566 Vitellius
1215 1535 1327 1574 fiiftrec-

660 1586 704 1606 tus
726 1576 755 1606 ἕν’
779 1578 807 1606 in
826 1585 935 1605 mortem
950 1575 1046 1604 marris
1057 1574 1134 1611 filie,
1157 1574 1231 1613 quast
1244 1584 1326 1613 aegrae

656 1615 774 1653 praeberi
809 1615 895 1644 cibum
922 1614 1125 1654 prohihuzffer;
1155 1613 1327 1642 vaticinante

660 1655 746 1685 Carni
767 1654 897 1691 muliere,
921 1655 964 1683 cui
985 1653 1058 1683 velut
1079 1651 1187 1682 oraculo
1206 1653 1326 1692 acquies-

660 1694 756 1730 celrat,
776 1695 816 1723 ira
831 1694 935 1723 demum
944 1693 1066 1732 firmiter
1085 1702 1118 1720 ac
1131 1691 1328 1732 diunffime‘im-

657 1744 816 1771 peraturum
827 1731 1122 1773 ‚Jificperstesparenri
1133 1731 1280 1771 exstitisti,
1291 1731 1328 1760 Et

659 1773 708 1803 alii
734 1772 869 1802 tradunt.-
892 1773 976 1811 ipfizm
994 1771 1074 1800 raedio
1096 1771 1269 1809 praesentium
1298 1770 1327 1799 [7¹

659 1813 855 1843 imminentium
872 1821 960 1848 metu,
980 1821 1114 1840 venenum.
1135 1809 1219 1849 afilio
1244 1810 1328 1846 impe·

659 1853 737 1892 rraffe
750 1876 757 1888 ‚
777 1851 849 1880 haud
861 1852 932 1890 fitne*
948 1849 1101 1889 difficulter.

697 1898 711 1915 4
734 1894 988 1930 Qum‘roosscmo
1010 1890 1102 1927 ]Die
1136 1891 1171 1919 18
1194 1888 1327 1919 Decem-

658 1930 729 1962 bris.

699 1976 706 1997 5
733 1969 970 2005 Demmzrmur]
985 1968 1080 2006 Supra
1099 1976 1164 2005 cap.
1182 1970 1232 2004 63.

696 2011 710 2029 ⁶
732 2011 832 2039 Pur-Lo
857 2018 976 2038 AMicTu
998 2009 1011 2044 ]
1034 2008 1111 2037 Atro
1135 2007 1169 2037 ὃς
1204 2005 1326 2045 lugubri

657 2049 779 2079 amicffu.
795 2048 844 2078 Sic
858 2046 1031 2081 nutemus,
1062 2047 1159 2084 Satyr.
1175 2046 1239 2082 111,
1258 2055 1326 2083 213·

923 2086 1029 2111 Horrida
1045 2093 1137 2113 mater,

725 2120 814 2145 Pullari
830 2128 947 2152 proceres.

658 2169 752 2197 Vetus
770 2164 968 2201 Scholiastes‚
994 2164 1119 2202 pulla*i;
1141 2163 1169 2192 id
1189 2161 1244 2202 est,
1270 2171 1327 2191 cum

657 2203 1012 2274 figrf‘ifsy·ffihmmgfflges⁸
1030 2205 1108 2248 Rem
1120 2202 1325 2272 autemvpaulll-

656 2252 1240 2321 ]pV’uxirusselxliialrsrautbiqffitffimfislpgrrssm
1248 2252 1257 2316 ξ
1262 2250 1328 2309 t‘itui

653 2322 777 2359 proditus
786 2321 977 2361 ,salutemfibi
987 2346 995 2357 ‚
1011 2320 1040 2350 Εν
1054 2319 1306 2359 milliessesterrifim
1316 2343 1325 2356 ‚

655 2362 782 2393 Gallicae
811 2369 945 2392 monetae
963 2361 1055 2392 libras
1078 2369 1286 2399 19‚455‚025‚
1311 2369 1327 2386 a

654 2400 751 2430 Flavio
775 2400 879 2430 Sabino
907 2399 1059 2440 Vestrafiani
1085 2399 1178 2435 fratre
1202 2398 1305 2436 pepigit
1317 2409 1326 2426 .-

646 2440 791 2480 statimque
798 2450 846 2477 pro
859 2439 995 2480 gradibus
1008 2438 1108 2477 palatii
1118 2437 1189 2476 apud
1195 2437 1326 2476 frequen-

1362 1416 1499 1455 mulrililue
1521 1426 1579 1444 cum
1599 1415 1721 1444 lacrimis
1742 1414 1833 1444 eadem
1860 1414 1908 1444 illa
1924 1414 2006 1444 verba
2021 1438 2032 1453 ,

1363 1457 1454 1485 verum
1471 1466 1484 1484 e
1499 1455 1586 1484 libello
1599 1478 1608 1491 ,
1631 1454 1741 1493 testatus
1761 1454 1806 1494 est.
1824 1454 1927 1493 Rursus
1950 1454 2036 1483 inrer-

1361 1494 1481 1531 pellante
1499 1493 1602 1531 milite,
1618 1504 1651 1522 ac
1670 1492 1765 1530 populo
1780 1518 1788 1530 ‚
1808 1492 1837 1522 Ε*
1862 1504 1896 1522 ne
1911 1492 2037 1529 deficeret

1363 1534 1488 1563 hortante
1499 1557 1508 1569 ,
1532 1543 1682 1571 omnemque
1694 1543 1801 1569 operam
1809 1533 1889 1571 fitam
1899 1527 2034 1568 pollicen-

1364 1583 1410 1610 te,
1432 1573 1552 1601 animum
1576 1571 1720 1611 refilmpfir.
1740 1571 1924 1611 Sabinumque
1944 1571 1974 1601 ὓ·
1989 1582 2036 1601 re-

1364 1612 1449 1651 liquos
1470 1611 1621 1640 Flavianos
1639 1611 1708 1640 nihil
1729 1612 1786 1649 jam
1806 1619 1953 1640 metuentes
1972 1635 1981 1647 ‚
2005 1611 2036 1640 vi

1357 1651 1449 1690 fithitci
1472 1652 1500 1680 in
1519 1650 1683 1688 Capitolium
1704 1650 2037 1690 compulit,fitccenjbque

1366 1691 1459 1728 templo
1480 1689 1560 1719 Jozris
1575 1691 1666 1727 optimi
1683 1690 1795 1719 maximi
1811 1689 1939 1728 oppreffir.
1964 1688 2033 1719 Clam

1367 1729 1396 1759 Cr·
1416 1729 1538 1767 praelium
1555 1753 1563 1766 ,
1590 1729 1620 1758 ἓν
1645 1728 1801 1758 incendium
1826 1739 1840 1757 e
1862 1729 2034 1766 Tiberianci,

1367 1779 1432 1808 quae
1449 1777 1512 1799 erat
1534 1769 1566 1798 in
1588 1776 1696 1798 monte
1717 1767 1857 1798 Palatino
1870 1791 1878 1803 ,
1897 1767 2034 1806 prospice-

1367 1818 1408 1837 ret
1426 1808 1500 1837 domo
1513 1809 1586 1837 inter
1603 1807 1698 1844 epulas
1709 1831 1718 1844 ,
1743 1818 1795 1836 non
1813 1807 1893 1836 multo
1908 1810 1941 1844 po
1978 1816 2036 1843 poe-

1367 1848 1460 1877 nitens
1468 1847 1552 1884 faofi,
1574 1846 1603 1875 [r
1617 1847 1644 1876 in
1661 1846 1731 1875 alios
1750 1846 1856 1883 culpam
1872 1857 1919 1875 con
1934 1855 2033 1883 erens,

1367 1888 1465 1916 vocata
1479 1887 1606 1916 concione
1618 1910 1626 1923 ‚
1640 1886 1764 1925 juravit,
1789 1885 1924 1925 coegitque
1939 1886 2037 1923 jurare

1370 1927 1399 1955 [r
1425 1936 1543 1961 ceteros,
1564 1925 1632 1955 nihil
1647 1924 1703 1964 fibi
1724 1925 1863 1963 antiquius
1884 1925 1970 1964 quiete
1985 1935 2036 1961 pu.

1368 1965 1514 2002 blicisore.
1532 1964 1733 2004 Tunc-solutum
1746 1974 1762 1993 α
1774 1964 1859 1993 latere
1872 1964 2015 2003 pugionem
2025 1987 2035 2001 ‚

1367 2005 1467 2043 consilli
1484 2005 1614 2041 primum,
1637 2003 1734 2033 deinde
1747 2003 1791 2033 illo
1805 2014 1865 2032 recu
1879 2013 1943 2032 ante
1956 2027 1964 2040 ‚
1979 2013 2036 2033 ma-

1363 2044 1538 2084 gistratibus,
1552 2054 1584 2072 ac
1597 2004 1963 2083 moxsenatoribusszizgulis
1972 2053 2037 2078 por-

1366 2084 1460 2124 rigens
1470 2097 1478 2113 :
1491 2083 1564 2112 nullo
1576 2083 1740 2120 recipiente,
1756 2081 1830 2122 quasi
1844 2082 1873 2110 in
1886 2081 1944 2111 aecie
1961 2081 2034 2111 Con-

1367 2123 1465 2152 cordiae
1482 2123 1616 2162 pofirurus
1643 2121 1767 2161 absceffis.
1797 2120 1853 2151 Sed
1880 2120 2035 2160 quibu-filum

1366 2162 1583 2191 acclamantibus
1594 2186 1602 2198 ,
1617 2162 1699 2201 ipfilm
1711 2161 1757 2201 effe
1772 2160 1954 2190 Concordiam
1969 2184 1976 2195 ‚
1993 2170 2049 2190 re·-

1365 2201 1438 2231 diit:
1462 2211 1511 2231 nec
1524 2201 1611 2240 solum
1640 2211 1757 2231 retinere
1774 2199 1924 2239 Jeferrum
1948 2198 2030 2238 adfir-

1365 2242 1473 2278 mavit,
1502 2242 1594 2270 verum
1620 2241 1702 2271 etiam
1727 2239 1887 2269 Concordiae
1913 2239 2032 2275 recipere

1366 2290 1521 2319 cognomen.
1533 2282 1609 2318 Quae
1619 2304 1627 2317 ‚
1641 2279 1786 2318 longiora
1798 2279 1871 2310 licet
1883 2302 1892 2315 ‚
1907 2277 2036 2321 descrip-

1365 2319 1426 2351 fiss'e
1450 2320 1615 2359 legisseque
1637 2320 1718 2350 haud
1739 2317 1874 2359 pigebit,
1892 2325 1926 2347 ut
1940 2318 2033 2347 Tael-

1365 2359 1387 2389 ti
1419 2359 1554 2390 narratio
1585 2358 1774 2395 illustretur,
1807 2358 1841 2388 δε
1868 2356 1980 2395 quibus
2005 2355 2036 2385 in

1365 2399 1454 2429 rebus
1476 2398 1673 2428 consentiant
1700 2397 1919 2428 dissentiantve
1942 2396 2037 2427 ambo

1365 2437 1526 2478 scriptores
1545 2436 1731 2469 innotescat.

2065 841 2115 868 10
