2209 3047
559 206 649 244 470
802 185 1002 226 NOTAE
1042 181 1121 222 ET
1159 179 1690 227 EMENDATIONES

559 268 619 303 Sic
642 274 788 314 quoque
813 260 924 296 altera
949 270 1056 294 manu
1079 258 1117 294 in
1143 257 1212 294 ΜΓ.
1237 258 1340 295 Harl.
1367 257 1433 296 ΜΓ.
1458 259 1545 310 Agr.
1572 261 1835 309 Cremonensium.

611 316 852 350 Anfunmxr
880 315 899 357 ]
925 308 995 346 Ms.
1022 307 1109 360 Reg.
1134 308 1303 356 affuerunt.

607 413 714 449 CAP.
743 410 837 447 LIV.
862 410 975 447 VERA
1001 420 1233 447 NARRATURI
1259 412 1277 454 ]
1300 407 1398 445 Bene
1426 408 1625 446 Beroaldus
1648 409 1941 447 &Recentiores.

558 462 618 500 Sic
640 462 730 498 infra
755 473 834 510 cap.
863 461 924 509 56.
958 474 1034 497 vera
1060 460 1203 494 dicluris.
1238 457 1316 494 Mff.
1349 457 1446 495 Flor.
1476 459 1580 495 Harl.
1608 458 1717 494 Bodl.
1737 458 1802 497 Jes.
1822 460 1942 498 Guelf.

557 516 591 549 δε
616 510 854 554 Puteolanus,
879 512 952 546 vere
978 512 1154 545 narraturi.
1187 507 1285 544 Male
1314 508 1381 545 Ms.
1413 508 1501 559 Reg.
1532 512 1566 546 δε
1593 508 1708 546 editio
1739 509 1907 560 princeps
1931 537 1944 554 ,

557 564 630 599 rere
655 565 814 597 narranti.
840 561 883 596 In
907 559 975 595 Ms.
1002 559 1116 596 Corb.
1141 572 1217 594 vera
1242 571 1384 594 narrare.

605 612 670 648 U‘r
700 624 754 648 AD
782 623 890 648 vas
919 615 937 656 ]
962 612 1005 645 Ut
1029 620 1215 657 perperam
1234 608 1351 645 omitit
1373 610 1579 646 Rhenanus.

610 663 713 708 Qun:
743 671 949 698 ADFERRET
977 663 994 704 ]
1019 659 1116 694 Bene
1141 657 1216 694 Mss.
1238 660 1271 693 &
1293 670 1428 697 veteres
1450 673 1492 696 ac
1513 657 1730 697 recentiores
1751 657 1944 695 editiones.

559 710 779 755 Rhenanus,
809 711 949 759 referret.
977 708 1046 744 Ms.
1073 707 1140 744 Jes.
1169 708 1329 756 afferrent.

613 761 719 799 Orus
747 773 813 798 EST
841 764 858 807 ]
883 760 939 795 Ita
963 758 1042 796 Mss.
1068 757 1182 795 editio
1218 757 1386 809 princeps
1408 761 1443 796 ὃς
1467 759 1697 797 recentiores.
1725 758 1945 795 Puteolanus

560 811 702 856 omifit,
728 811 781 859 est.

608 910 711 947 CAP.
737 909 810 946 LV.
838 910 993 946 SECUTA
1018 920 1041 945 E
1071 921 1253 947 cLAss1c1s
1280 921 1396 945 LEGIO
1425 908 1517 955 ]Ita
1535 907 1610 944 Mss.
1629 907 1733 944 Harl.
1752 907 1860 944 Bodl.
1879 906 1946 945 Jes.

559 961 776 997 Puteolanus
799 962 832 995 ὃς
852 959 1096 996 Recentiores.
1121 959 1165 995 ln
1186 959 1253 995 Ms.
1271 958 1360 1009 Reg.
1381 962 1414 995 ὃς
1435 958 1597 995 editione
1616 957 1782 1006 principe
1798 985 1808 1000 ,
1829 958 1946 1004 Jecutae

558 1011 687 1057 clafficis
709 1011 800 1058 legio,
828 1009 904 1046 Mff.
932 1009 1044 1045 Corb.
1071 1013 1104 1045 ὃς
1128 1010 1215 1059 Agr.
1232 1010 1349 1056 secucae
1371 1009 1500 1055 clafficae
1529 1010 1690 1056 legiones‚·
1720 1008 1774 1043 uti
1797 1006 1949 1044 volebat

559 1062 729 1097 Muretus.
756 1060 808 1096 At
830 1059 1020 1096 immerito.
1045 1058 1198 1096 Vitellio
1222 1072 1300 1096 non
1322 1058 1419 1095 fuere
1442 1058 1563 1094 multae
1589 1057 1753 1107 legiones
1769 1085 1777 1100 ,
1813 1068 1854 1093 nt
1880 1069 1947 1106 pa-

559 1121 611 1147 tet
635 1123 677 1146 ex
705 1122 782 1158 cap.
813 1112 856 1158 58
875 1138 884 1153 ,
920 1110 971 1157 64
997 1112 1030 1145 δε
1057 1111 1119 1157 67.
1149 1109 1265 1158 Legio
1294 1120 1411 1145 autem
1435 1108 1497 1143 illa
1527 1107 1671 1144 videtur
1696 1107 1903 1156 conscripta
1927 1120 1948 1144 e

559 1159 729 1203 clafficis‚
759 1160 821 1210 qui
845 1171 945 1196 erant
969 1158 1096 1195 Romae
1122 1159 1158 1195 in
1187 1159 1304 1195 castris
1328 1158 1593 1195 Ravennatium
1619 1161 1653 1194 ὃ(
1681 1157 1920 1193 Misenatium.

613 1211 649 1245 St
679 1222 758 1245 Dux
788 1222 897 1245 ALms
924 1213 942 1256 ]
981 1209 1078 1246 Male
1106 1209 1326 1253 Rhenanus,
1345 1209 1380 1257 fi
1403 1210 1486 1244 alius
1520 1209 1598 1244 dux.
1633 1207 1749 1254 Quod
1783 1206 1910 1243 durum
1933 1219 1948 1250 3

559 1272 626 1297 nec
652 1259 775 1296 favent
799 1259 882 1295 libri
904 1259 1026 1307 scripti
1053 1270 1114 1295 aut
1138 1259 1238 1295 editi.

606 1309 748 1345 NULLA
776 1321 819 1346 IN
847 1322 1053 1347 PoeraUM
1083 1322 1187 1346 curm
1213 1314 1229 1356 ]
1253 1308 1351 1344 Male
1373 1307 1440 1347 Ms.
1463 1307 1551 1358 Reg.
1575 1310 1608 1345 δε
1626 1306 1740 1345 editio
1757 1307 1951 1357 princeps,

560 1373 683 1395 ίίζΓαΓί.

611 1411 784 1445 ADERAT
812 1413 830 1456 ]
854 1408 952 1444 Male
977 1408 1043 1444 Ms.
1067 1410 1157 1458 Reg.
1182 1411 1216 1444 &
1243 1407 1358 1444 editio
1384 1407 1552 1457 princeps
1567 1435 1577 1451 ‚
1611 1409 1734 1445 aberat.
1756 1407 1824 1444 Ms.
1847 1406 1950 1444 Flor-

559 1459 701 1496 haberat.
726 1459 816 1495 Inde
843 1458 965 1494 frustra
986 1458 1147 1494 tentabat
1167 1457 1196 1494 J.
1223 1458 1263 1495 F.
1290 1457 1503 1494 Gronovius
1520 1485 1529 1500 ‚
1559 1459 1703 1499 mabam,

607 1510 788 1546 Pecunns
817 1520 1082 1545 MERCABATUR
1112 1511 1129 1553 ]
1157 1508 1302 1542 Pecuniis
1327 1505 1421 1541 abest
1447 1519 1467 1541 a
1492 1506 1559 1543 ΜΓ.
1585 1508 1674 1556 Agr.

611 1559 692 1605 Qut
721 1559 940 1595 MEVANJAM
969 1563 986 1605 ]
1014 1559 1079 1603 Qui
1104 1569 1291 1607 perperam
1318 1555 1434 1592 omifit
1456 1556 1664 1592 Rhenanus.

617 1659 723 1695 CAP.
752 1657 849 1694 LVI.
876 1657 1080 1694 FoeDARUM
1107 1660 1373 1702 voLUcnum]
1412 1655 1491 1693 Mff.
1529 1655 1632 1692 Harl.
1668 1655 1776 1692 Bodl.
1812 1653 1879 1692 Jes.
1917 1658 1952 1691 &

563 1708 803 1752 Puteolanus,
823 1708 988 1756 foedarum
1011 1710 1132 1743 arium.
1159 1707 1203 1743 In
1227 1707 1386 1757 margine
1412 1706 1480 1743 Ms.
1508 1705 1614 1743 Bodl.
1640 1705 1803 1742 additum
1820 1733 1830 1749 ,
1856 1707 1957 1741 volu-

564 1774 676 1800 crum,-
703 1770 744 1794 ut
766 1758 902 1795 habent
929 1757 996 1794 Ms.
1020 1757 1133 1794 Corb.
1161 1760 1194 1794 ὃς
1220 1758 1334 1795 editio
1364 1757 1532 1807 princeps
1557 1770 1616 1796 ac„
1626 1757 1854 1793 recentiores.

619 1809 728 1845 Numi
758 1821 866 1845 ATRA
896 1820 993 1844 DlEM
1022 1820 1313 1845 OBTENDERENT
1340 1811 1357 1854 ]
1387 1809 1487 1844 Bene
1512 1807 1590 1843 Mss.
1618 1806 1718 1843 Harl.
1748 1804 1857 1842 Bodl.
1886 1804 1954 1843 Jes.

565 1858 802 1902 Puteolanus,
831 1861 864 1894 δε
888 1857 1134 1895 RecentioreS.
1155 1858 1198 1893 In
1235 1858 1311 1894 Mss.
1347 1857 1434 1908 Reg.
1471 1857 1583 1893 Corb.
1608 1858 1697 1906 Agr.
1725 1860 1759 1893 ὃς
1792 1855 1954 1892 editione

565 1909 749 1958 principe,
771 1910 850 1944 nahe
875 1909 1001 1943 radium
1025 1909 1235 1945 obtenderent.
1261 1907 1400 1944 Frustra
1423 1907 1638 1945 emendabat
1658 1907 1851 1944 Rhenanus
1866 1933 1875 1948 ‚
1901 1906 1954 1940 oh·-

566 1959 744 1994 tunderent.
772 1957 899 2007 Neque
924 1958 1021 1994 enim
1043 1957 1170 2002 aliter,
1199 1970 1239 1994 ut
1265 1957 1403 1995 constat
1425 1971 1469 1995 ex
1490 1957 1638 2006 optimis
1662 1957 1737 1994 ΜΠ.
1761 1957 1896 1994 Seneca
1915 1954 1954 1989 in

567 2007 692 2057 OEdip.
713 2007 790 2044 Ast.
816 2008 884 2044 III.
913 2021 1002 2045 vers.
1033 2009 1121 2057 625.

763 2061 881 2092 Paedore
895 2061 970 2100 faedo
979 2063 1137 2101 ffiualidam
1155 2062 1282 2092 obtentus
1303 2072 1418 2092 comam.

613 2104 749 2142 Lon-GE
765 2133 773 2149 ,
806 2118 881 2144 Ni-:c
909 2119 973 2144 UBI
999 2111 1016 2153 ]
1043 2107 1098 2143 lta
1123 2106 1256 2156 Lipsius
1275 2110 1308 2143 δε
1336 2105 1594 2147 Recentiores,
1632 2118 1652 2142 e
1675 2105 1741 2141 Ms.
1771 2103 1890 2139 Vatic.
1916 2103 1954 2138 in

569 2168 643 2205 quo
667 2158 757 2203 longe¹
785 2161 883 2193 necui.
910 2156 952 2192 In
967 2157 1044 2194 Mss.
1061 2157 1158 2194 Flor.
1176 2158 1264 2208 Agr.
1289 2160 1323 2193 &
1347 2156 1510 2193 editione
1524 2155 1712 2205 principe,
1728 2169 1765 2190 ne
1791 2157 1852 2190 cui.
1876 2152 1954 2189 ΜΕΓ-

569 2205 673 2243 Harl.
705 2205 812 2242 Bodl.
839 2206 904 2243 Jes.
930 2210 963 2243 &
989 2206 1226 2249 Puteolanus,
1254 2208 1365 2256 longe,
1392 2208 1487 2255 qua'm
1513 2207 1576 2242 ubi.

619 2258 769 2291 Hosnzs
800 2268 976 2292 Anserem
1005 2261 1022 2303 ]
1048 2257 1113 2293 ΜΓ.
1141 2258 1252 2294 Corb.
1285 2257 1501 2304 aggrediendi.

621 2304 679 2340 Er
709 2317 831 2347 usQUE
859 2309 875 2352 ]
902 2308 946 2341 Et
970 2306 1064 2342 abest
1087 2320 1108 2342 a
1131 2307 1198 2344 Ms.
1227 2307 1341 2344 Corb.

619 2355 808 2391 ARCUERE
837 2368 904 2392 Eos
930 2359 947 2402 ]
976 2356 1072 2393 Bene
1094 2357 1232 2406 Lipfius
1255 2361 1290 2395 &
1312 2356 1558 2395 Recentiores.
1586 2356 1632 2394 In
1654 2355 1732 2392 Mss'.
1760 2356 1794 2390 &
1822 2350 1954 2388 veteri-

571 2404 637 2441 bus
660 2404 904 2451 editionibus,
930 2419 1063 2456 arguere
1087 2420 1150 2443 eos.
