2209 3047
595 214 681 267 518
794 203 1018 247 NOTAE
1065 201 1150 243 ET
1194 197 1790 248 ΕΜΕΝΒΑΤῙΟΝΕΒ

645 282 754 323 CAP.
781 280 859 317 LV.
886 279 1007 315 NxmL
1036 289 1234 314 PRORUPIT
1264 283 1281 324 ]
1310 279 1375 314 Ms.
1399 279 1432 316 A
1463 292 1488 316 r.
1515 284 1630 328 erupit.

648 338 762 372 ANTE
790 342 897 367 Amos
922 333 941 376 ]
962 329 1017 365 Ita
1037 328 1112 365 Mff.
1130 328 1247 365 Varie.
1272 329 1385 376 1863.
1402 293 1501 367 fior.
1520 331 1605 380 Reg.
1626 332 1715 381 Agr.
1735 332 1983 381 Covarruviae,

596 386 712 427 editio
754 381 920 431 princeps
951 406 961 422 ‚
1003 378 1159 415 Pichena
1182 381 1215 415 δε
1247 379 1491 417 Recentiores.
1530 382 1607 417 ΜΠ.
1646 383 1749 420 Harl.
1784 384 1892 420 Bodl.
1916 385 1982 424 Jes.

595 443 629 476 &
654 432 893 473 Puteolanus,
920 429 1062 465 anteibat
1081 430 1172 464 alios.
1196 428 1273 465 Jam
1295 429 1426 465 distum
1450 431 1553 480 supra
1584 432 1718 468 Annal.
1740 433 1759 467 I
1775 460 1785 477 ‚
1811 446 1872 480 27.
1905 436 1986 470 Ma-

596 489 682 525 xime
711 481 824 531 infenfi
849 483 908 517 Cn.
931 480 1089 522 Lentulo,
1119 479 1199 527 quod
1223 483 1248 514 is
1269 492 1342 516 ante
1368 483 1448 516 alios
1471 493 1564 517 aetate
1591 483 1627 518 ἐπ’
1651 483 1759 530 glorid
1782 484 1868 519 belli.

646 537 729 573 Ipse
760 545 782 569 E
809 542 1019 568 MAJORIBUS
1048 533 1066 575 ]
1093 528 1148 563 Ita
1174 528 1289 565 editio
1306 530 1491 580 princeps,
1522 531 1658 580 Lipfius
1684 536 1718 569 &
1741 533 1988 573 Recentiores.

597 586 676 624 ΜΠ.
707 582 808 620 Harl.
840 580 947 618 Bodl.
977 583 1010 616 ὃς
1040 578 1282 622 Puteolanus,
1313 585 1338 615 is
1363 582 1400 628 se
1425 596 1439 617 e
1469 583 1643 628 majoribus
1668 584 1737 630 suis
1756 613 1764 625 ,
1795 583 1887 631 hostis
1919 587 1987 620 &c.

596 636 665 674 Ms.
692 634 757 671 Jes.
784 632 860 680 isse
884 645 899 666 e
920 630 1055 665 moribus
1072 629 1142 674 suis
1171 632 1238 667 ἃς.
1270 631 1421 667 Mallent
1447 631 1630 668 Mercerus
1653 635 1688 668 ὃς
1717 633 1896 677 Pichena‚
1926 635 1989 681 ipse

595 703 610 724 e
637 684 809 734 majoribus
824 682 892 729 ficis
915 679 1010 726 hostes
1033 680 1145 725 populi
1168 680 1331 724 Romani,
1355 682 1451 729 qudm
1468 683 1570 728 socios
1587 710 1595 726 ,
1616 683 1777 731 jaffabat.
1800 683 1910 720 Forte
1935 695 1990 720 ta-

596 749 680 774 men
698 747 774 770 non
790 732 839 768 ita
858 740 984 779 peccat
1000 728 1147 777 vulgata
1164 729 1350 778 scriptura.
1366 733 1506 779 Nempe
1525 733 1618 781 ipse,
1645 732 1695 769 ob
1715 735 1867 780 majores
1886 734 1989 778 suos,

595 788 632 824 se
657 780 794 821 hostein
817 780 939 830 potins
965 779 1096 828 populi
1121 780 1304 824 Romani,
1332 781 1438 830 quam
1463 781 1602 819 socium
1628 783 1791 831 jaetabat.
1816 783 1922 832 Hostis
1955 787 1990 820 &

589 839 694 886 fhcius
716 835 795 869 sunt
822 842 968 880 quoque
993 829 1030 864 in
1055 828 1131 865 Mss.
1156 830 1250 880 Reg.
1276 833 1311 867 &
1335 830 1455 867 Guelf.

644 886 721 921 H1c
749 882 904 917 LINGON
932 883 948 925 ]
976 879 1032 915 Ita
1056 880 1274 917 Puteolanus
1300 884 1334 917 ὃς
1358 881 1605 918 Recentiores.
1633 881 1713 918 Nec
1749 882 1887 918 variant
1914 881 1991 921 Mff.

595 935 700 974 Harl.
726 930 833 968 Bodl.
857 929 923 966 Jes.
945 932 979 965 ὃς
1002 929 1094 979 saepe
1118 929 1156 965 in
1181 930 1223 966 iis
1246 930 1487 967 Historiarum
1511 930 1610 967 libris
1633 942 1889 975 memorantur,
1913 933 1992 966 Lin-

595 999 703 1036 gones.
723 981 845 1018 Habet
862 990 981 1016 tamen
999 980 1064 1015 Ms.
1079 979 1177 1016 Flor.
1197 982 1372 1029 Lingonus.
1390 981 1468 1017 Mss.
1489 981 1576 1030 Reg.
1597 983 1686 1029 Agr.
1709 986 1742 1018 ὅ(
1759 982 1874 1018 editio
1893 980 1994 1029 prin-

599 1047 683 1083 ceps
699 1061 708 1076 ‚
737 1033 924 1079 Lingonius.
946 1030 1056 1065 Forte
1070 1030 1227 1066 Romani
1252 1031 1372 1068 dixere
1387 1059 1395 1074 ‚
1421 1035 1597 1081 Lingonus.
1619 1031 1679 1068 Sic
1700 1032 1797 1069 enim
1821 1031 1866 1069 de
1881 1030 1994 1068 Gallo

601 1083 761 1136 quodam
785 1080 962 1130 Lingono
989 1079 1188 1124 Martialis,
1217 1081 1334 1125 VIII,
1364 1092 1428 1130 75.
1931 1087 1934 1090 ’

798 1141 878 1171 Dum
898 1140 995 1177 reperit
1009 1141 1075 1179 seni
1097 1140 1240 1170 σοηόιιὲἳος
1260 1141 1335 1170 710533
1351 1151 1467 1178 penares

854 1179 1002 1220 Lingonus·
1019 1190 1036 1208 α
1057 1180 1127 1209 νεέἱά
1143 1180 1334 1220 Flaminieique
1352 1191 1449 1210 recens
1467 1193 1477 1211 .-

794 1219 914 1257 .Expulit
936 1219 1034 1259 offen-sb
1055 1220 1183 1249 viriatum
1204 1220 1300 1258 pollice
1323 1220 1430 1258 talum,

855 1258 894 1288 Er
912 1260 1002 1297 jacuit
1023 1268 1077 1288 toto
1098 1269 1208 1297 corpore
1221 1260 1302 1299 ,ἧι-[ἂς
1319 1260 1404 1290 humi.

796 1298 876 1340 Quid
888 1298 999 1336 faceret
1018 1298 1142 1336 Gallus,
1163 1301 1215 1338 quei
1228 1301 1260 1339 se
1279 1300 1387 1329 rarione
1407 1299 1553 1329 moverer?

854 1338 968 1378 Ingenti
990 1337 1096 1368 domino
1107 1338 1237 1378 fervidus
1256 1349 1328 1368 unus
1349 1348 1409 1368 erar
1424 1363 1433 1376 ,
1452 1339 1517 1370 δερ.

645 1391 699 1428 Hi
728 1401 901 1426 SECRETIS
931 1393 948 1435 ]
971 1391 1068 1426 Bene
1086 1389 1268 1427 editiones
1284 1401 1421 1428 veteres
1439 1394 1473 1427 ὃς
1488 1391 1719 1428 recentIOres.
1738 1391 1783 1427 In
1800 1390 1868 1430 Ms.
1886 1386 1995 1429 Bodl.

599 1443 635 1478 ὃς
658 1439 880 1477 intermediis
904 1439 1150 1482 editionibus,
1184 1442 1244 1475 his.

641 1491 840 1527 SCRUTARI
870 1493 888 1535 ]
915 1488 1051 1524 Tentat
1073 1488 1254 1532 Pichena,
1275 1490 1425 1535 scrutati.
1451 1488 1568 1536 Quod
1592 1489 1688 1527 cert‘e
1713 1488 1885 1527 vitiosum
1919 1502 1998 1527 non

597 1540 704 1578 foret.
734 1539 802 1576 Sed
829 1551 898 1576 nec
922 1549 1049 1587 peccat
1075 1537 1225 1588 vulgata
1252 1537 1437 1586 scriptura.

654 1591 930 1627 OBSTRINXERE
960 1592 976 1634 ]
1008 1587 1134 1624 Editio
1166 1588 1364 1638 princeps,
1398 1587 1587 1636 astrinxere.
1619 1587 1810 1637 Perperam
1840 1587 1878 1624 in
1906 1599 2000 1624 mar-

602 1641 687 1691 gine
710 1640 776 1677 Ms.
803 1639 912 1676 Bodl.
942 1637 1144 1688 obstringere.

653 1691 701 1726 IN
733 1702 878 1726 Domum
907 1692 924 1735 ]
950 1687 1162 1739 Praepofitio
1189 1691 1243 1735 in,
1264 1687 1362 1726 abest
1385 1700 1406 1725 a
1422 1687 1489 1726 Ms.
1504 1685 1570 1724 Jes.
1598 1686 1736 1723 Addita
1768 1687 1818 1725 est
1845 1686 2002 1725 secunda

601 1752 710 1777 manu
738 1740 777 1776 in
800 1740 865 1776 Ms.
893 1738 996 1775 Harl.

656 1790 748 1828 CUM
779 1802 929 1826 MAXIME
958 1792 975 1835 ]
1006 1789 1060 1825 Ita
1095 1788 1289 1826 Rhenanus
1323 1791 1358 1826 ὃς
1382 1786 1629 1824 Recentiores.
1659 1786 1740 1823 Mss.
1768 1788 1859 1837 Reg.
1896 1784 2004 1823 Harl.

601 1840 711 1877 Bodl.
734 1840 801 1878 Jes.
828 1843 862 1877 δι’,
886 1838 1130 1884 Puteolanus,
1158 1852 1226 1875 tum
1252 1838 1405 1876 maxime.
1436 1836 1561 1874 Editio
1584 1837 1776 1887 princep3,
1805 1849 1909 1873 tamen
1932 1849 2004 1871 ma-

603 1892 705 1927 xime.

656 1940 859 1977 DET1NERI
889 1943 907 1986 ]
938 1938 997 1975 Sic
1031 1938 1098 1976 Ms.
1128 1939 1219 1989 Reg.
1262 1940 1377 1976 editio
1420 1937 1587 1988 princeps
1629 1940 1664 1974 ὃς
1700 1936 1875 1974 Ernestus.
1924 1935 2004 1973 Mff.

604 1989 711 2026 Harl.
735 1990 842 2027 Bodl.
860 1989 982 2026 Guelf.
999 1992 1033 2026 ὃς
1049 1989 1242 2026 Rhenanus
1255 2018 1265 2034 ‚
1291 1991 1446 2038 distineri.
1464 1987 1705 2033 Puteolanus,
1728 1988 1886 2035 destineri.
1905 1985 2005 2022 Male

603 2040 671 2077 Ms-
701 2039 766 2077 Jes.
794 2041 958 2088 destinari.
1971 2084 1982 2091 ·

651 2090 930 2128 DlspECTussAs
957 2094 975 2138 ]
1005 2091 1104 2128 Bene
1126 2090 1370 2127 Recentiores.
1391 2089 1436 2125 In
1463 2088 1542 2124 ΜΠ.
1571 2091 1606 2124 &
1627 2086 1807 2125 veteribus
1826 2086 2007 2122 editiom-

600 2140 692 2184 bus,
720 2142 926 2187 despeffuras.
951 2141 1016 2178 Ms.
1050 2142 1139 2190 Reg.
1167 2144 1200 2177 &
1229 2140 1343 2177 editio
1375 2139 1569 2187 prInceps‚
1597 2139 1681 2174 alias
1705 2138 1911 2186 despefturas.
1937 2134 2005 2173 Ms.

605 2191 694 2242 Agr.
723 2193 821 2227 atticis
839 2193 1043 2240 despeeluras.
1066 2190 1287 2229 Redundant
1312 2192 1395 2227 alias
1418 2191 1453 2225 ὃς
1480 2190 1591 2225 αὶιῐὰς.

663 2289 770 2327 CAP.
800 2290 897 2327 LVI.
925 2292 1203 2329 PERTINACIAM
1232 2294 1564 2338 ACCENDERENT]
1585 2291 1685 2328 Bene
1704 2289 1781 2327 Mff.
1800 2288 1897 2325 Flor.
1914 2287 1966 2322 Re
1993 2312 2004 2322 .

607 2339 694 2389 Agr.
730 2340 845 2377 editio
882 2341 1072 2392 princeps,
1108 2342 1274 2379 Ernestus
1296 2346 1331 2379 &
1356 2342 1602 2379 Recentiores.
1635 2340 1713 2378 Mss‘.
1755 2338 1861 2376 Harl,
1894 2335 2003 2373 Bod-

607 2389 675 2429 Jes.
701 2392 736 2426 δε
759 2390 1001 2436 Puteolanus,
1028 2394 1208 2439 pertinacia
1239 2393 1493 2428 accenderentur.

664 2439 840 2478 CON81L11
869 2453 1005 2479 FORMA
1032 2446 1051 2490 ]
1074 2442 1131 2479 Ita
1151 2442 1218 2478 Ms.
1241 2442 1330 2492 Reg.
1353 2441 1469 2478 editio
1491 2441 1660 2491 princeps
1674 2465 1686 2483 ,
1708 2437 1872 2476 Ernestus
1890 2439 1925 2474 ὃς
1942 2435 2007 2474 Re-
