2209 3047
367 150 846 195 HISTORIARUM
876 149 1078 193 LIBER
1113 151 1419 207 QUINTUS.

1501 166 1590 204 303

202 235 401 291 ’gravitate
428 236 562 277 odoris
584 234 735 277 accolis
758 232 915 291 pestifer
938 237 948 254 ¹
964 261 979 283 ,
1003 246 1134 286 neque
1156 248 1281 275 vento
1312 232 1535 291 impellitur
1549 238 1592 285 ²,
1614 248 1730 270 Ξ

203 314 334 354 neque
375 300 541 356 pisces³
579 313 647 341 aut
685 299 814 340 suetas
855 297 964 352 aquis
1003 294 1190 337 volucres
1227 299 1388 354 patitur.
1422 298 1590 339 Incertae

201 363 316 403 undae
350 369 396 402 4:
433 362 650 419 superja'Cta
678 392 692 413 ‚
724 375 769 402 ut
807 360 968 410 solido,
995 359 1153 400 ferunt:
1174 363 1291 414 periti
1334 363 1590 418 imperitique
1638 383 1704 407 J,c.

201 427 324 467 nandi
351 427 517 482 perinde
545 425 785 467 attolluntur
823 429 850 464 5.
888 424 1013 464 Certo
1039 423 1132 464 anni
1159 422 1202 472 ⁶,
1231 423 1413 465 bitumen
1439 427 1590 480 egerit3
1646 438 1717 467 70·¹

147 492 173 543 ξς
203 487 317 541 cujus
344 489 506 545 legendi
544 490 688 539 usum,
720 502 764 529 ut
795 501 947 528 ceteras
978 500 1108 537 artes,
1150 487 1398 542 experientia
1439 489 1592 530 docuit.

201 554 303 594 Ater
329 552 465 610 suapte
491 551 631 594 natura
658 551 791 605 liquor
806 580 819 601 ,
847 555 888 591 &
913 550 1045 606 sparso
1069 563 1187 591 aceto
1211 564 1425 591 concretus
1441 581 1456 601 ‚
1478 554 1594 594 inna-

202 629 285 656 tat:
315 618 424 658 hunc
463 632 584 658 manu
616 628 806 671 captum,
840 614 982 668 quibus
1009 629 1054 655 ea
1085 628 1204 664 cura,
1233 614 1274 653 in
1307 613 1460 654 summa
1483 618 1595 657 navis

203 681 380 721 trahunt.
401 680 502 721 Inde
517 710 531 730 ‚
552 678 667 719 nullo
687 677 851 731 juvante
866 707 880 727 ,
895 678 1056 728 influit,
1077 689 1296 730 oneratque
1311 706 1324 727 ,
1352 677 1483 717 donec
1510 678 1594 718 abs-

208 742 367 782 cindas:
385 757 460 783 nec
477 742 709 783 abscindere
723 757 795 782 aere
805 740 962 782 ferrove
977 741 1108 796 pollis:
1119 741 1224 795 fugit
1237 755 1422 781 cruorem
1431 741 1594 780 vestem-

122 817 172 848 10
202 818 278 859 que
291 804 479 846 infeEiam
492 805 707 860 sanguine,
726 820 807 859 quo
821 804 977 844 femina:
1002 818 1073 859 per
1096 803 1251 844 menses
1278 802 1542 845 exsolvuntur
1560 809 1594 844 ⁷:

243 919 252 933 ¹
269 913 405 944 Accous
421 922 567 944 PESTIFER
580 915 594 952 ]
605 914 653 944 De
661 913 719 945 hac
756 912 876 944 estilen-
916 913 1051 949 ›fictos-014,
1070 912 1189 952 κωἿᾶπες
1211 914 1261 942 ὀπὶ
1277 914 1417 951 πνεόμαῖος
1438 912 1485 943 ἔνο
1500 912 1596 952 βιαζο-

201 952 244 984 τίἑ
261 952 377 984 Plinius
397 955 424 984 V
436 977 446 990 ‚
462 964 509 993 15.
523 954 601 984 Inde
618 953 700 982 litora
743 952 878 993 ffi’nifu-

195 993 298 1033 giunt,
315 993 392 1032 usque
404 994 457 1031 qud
481 1002 590 1023 nocent.
612 993 691 1023 Plin.
710 992 789 1023 ibid.
809 1003 876 1031 cap.

202 1035 251 1062 16.
270 1031 446 1062 Nec'aliter
467 1031 565 1063 hodie
584 1033 712 1063 Arabes.
731 1032 878 1063 Gravita-

201 1080 269 1102 tem
289 1070 370 1102 hanc
397 1071 505 1102 odoris
531 1080 673 1111 expertus
693 1072 734 1103 est
751 1072 800 1102 CI.
816 1073 878 1103 Po-

199 1110 301 1141 cocke
316 1133 326 1147 ‚
342 1110 518 1149 Deescriprion
532 1111 615 1148 oftlze
632 1111 707 1151 East.
726 1113 823 1144 Tom.
837 1113 876 1142 11.

197 1151 278 1181 Part.
304 1151 328 1180 1.
348 1160 416 1190 pag.
439 1160 487 1189 37.

237 1194 251 1208 ²
268 1190 383 1225 NEQUE
400 1201 507 1222 vzu‘ro
521 1191 739 1227 IMPELLITUR]
753 1190 877 1220 Adver-

198 1227 281 1260 satur
297 1229 329 1259 Ρ.
340 1230 411 1260 Nau
423 1253 433 1265 ‚
449 1229 511 1260 loc.
527 1229 582 1260 cit.
599 1230 633 1260 ὃ(
647 1230 691 1260 ait
703 1239 796 1269 aquas
811 1230 876 1260 illas

198 1269 273 1299 state
283 1268 436 1306 ,nec‚nifi
446 1277 561 1305 vento,
574 1269 708 1300 moveri.
727 1269 777 1300 Sic
795 1269 878 1300 bitu-

198 1318 273 1338 men
286 1316 384 1339 vento
397 1308 563 1347 impulsum
576 1308 754 1339 videbimus
770 1308 803 1338 in
816 1319 877 1339 no—

197 1347 230 1378 ti
242 1347 353 1378 ultima
374 1347 465 1386 hujus
489 1348 609 1386 capitis.
628 1350 721 1379 Certe
733 1348 778 1378 ibi
790 1348 877 1378 nulla

198 1386 274 1416 navi
296 1387 362 1417 atio
376 1410 386 1423 ,
406 1387 480 1417 teste
500 1388 550 1417 Cl.
565 1386 745 1426 Haffelquist
759 1411 769 1424 ‚
783 1387 876 1426 Voya-

195 1435 249 1492 ³⁸}
272 1425 386 1501 §220²ss
407 1425 537 1504 '3222'221
553 1427 874 1506 ἷῗεῗέἷῗὲεῖἃῗυῗςέ

198 1503 356 1541 viatores,
371 1505 405 1536 ὅ(
423 1505 486 1544 ipse
501 1506 533 1536 P.
552 1506 639 1536 Nau:
660 1505 759 1535 immo
772 1505 806 1536 ὃς
820 1505 875 1544 ipfi

197 1553 328 1584 quoque
339 1545 466 1575 Arabes.
475 1544 607 1575 Dubitat
619 1553 723 1575 tamen
737 1544 786 1574 Cl.
800 1545 876 1575 Has-

197 1583 339 1628 selquist,
362 1583 424 1614 loc.
439 1583 492 1614 cit.
509 1584 598 1628 quod
621 1583 654 1613 in
671 1584 764 1615 litore
777 1585 876 1615 multa

199 1622 605 1700 ‘effeissffiuifficssssfflff]¹¹}}
619 1662 723 1694 fondo
741 1661 874 1699 fimnes,

199 1708 234 1732 ut
252 1701 341 1741 supra
358 1701 471 1732 Annal.
504 1703 536 1739 Ι,
561 1712 611 1740 70.
637 1702 734 1740 Neque
759 1701 875 1740 difi'erni

196 1750 329 1778 poterant
355 1740 462 1770 incerta
484 1740 518 1770 ab
528 1740 649 1780 fluidis,
667 1751 751 1780 neque
780 1742 875 1770 brevia

197 1789 217 1809 a
231 1779 374 1818 profundis·
386 1782 401 1810 ?
417 1781 531 1811 Earum
549 1781 693 1812 colorem
707 1790 753 1811 ter
769 1780 802 1811 in
814 1780 875 1811 fin-

197 1820 289 1859 gulos
314 1820 378 1851 dies
395 1820 509 1850 mutari
533 1820 577 1851 ait
599 1820 768 1858 Josefflms,
797 1821 875 1850 Bell.

196 1859 267 1890 Jud.
292 1860 334 1890 lv
347 1884 356 1897 ,
374 1861 402 1889 8.
416 1870 502 1890 num.
521 1871 552 1897 4.
573 1859 657 1899 Quod
670 1860 722 1899 ipse
736 1858 876 1889 evidenter

196 1898 254 1929 vidi
266 1923 275 1936 ‚
297 1899 341 1930 ait
389 1899 510 1937 rinceps
537 1899 681 1930 Radzivil
695 1923 703 1937 ‚
733 1899 795 1930 loc.
821 1899 873 1930 cit.

196 1947 266 1984 pag.
291 1949 339 1978 95.
392 1949 436 1968 am
459 1941 540 1968 mane
566 1938 682 1968 habebat
704 1949 803 1978 aquam
827 1939 877 1968 ni-

195 1987 374 2018 gricantem:
409 1978 542 2015 meridie,
567 1978 626 2018 stile
657 1979 759 2017 inrenfiJ
782 1982 795 2014 (
807 1979 876 2018 fiznt

198 2017 271 2047 enim
297 2017 402 2047 calores
415 2018 459 2047 lu‘c
477 2018 619 2054 maximi)
638 2018 723 2058 instar
740 2017 876 2057 pannific

198 2056 318 2086 caerulea
328 2070 338 2086 .·
357 2066 422 2087 ante
437 2058 558 2096 occafizm
570 2082 579 2096 ‚
603 2057 648 2086 ubi
660 2059 703 2088 vis
716 2057 818 2087 caloris
832 2068 876 2087 re-

199 2095 306 2133 mittit,
335 2106 472 2136 tamquam
499 2097 562 2127 limo
594 2097 731 2135 permixta
744 2122 753 2136 ,
773 2097 876 2127 modice

199 2134 279 2165 rubet
291 2159 300 2171 ,
322 2135 366 2165 vel
382 2136 617 2176 potitis-flavescit.

243 2180 253 2202 5
275 2176 414 2205 Peninus
439 2187 664 2208 A‘rrorumrun
682 2177 696 2214 ]
717 2175 876 2215 vcspafia—

200 2224 279 2251 nus,
302 2214 366 2245 haec
388 2214 508 2245 visendi
523 2216 659 2247 curiosus
672 2240 680 2252 ,
700 2216 802 2246 lacum
820 2216 875 2245 As-

200 2253 356 2293 phaltiten
387 2254 466 2285 adiit
485 2278 494 2292 ,
525 2255 667 2295 juffitquc
696 2256 845 2295 quosdam
867 2279 876 2291 ‚

198 2294 299 2324 nandi
312 2294 476 2333 imperitos
487 2318 495 2331 ,
510 2294 622 2325 vinetis
639 2295 705 2334 post
717 2302 800 2334 terga
811 2304 877 2325 ma-

200 2333 314 2371 nibus,
334 2333 366 2363 in
388 2334 486 2364 altum
511 2334 644 2372 projici;
669 2334 722 2374 qui
745 2344 876 2369 omnes,

199 2371 274 2403 teste
290 2372 424 2412 josepho
434 2397 443 2410 ,
460 2374 537 2404 Bell.
551 2374 620 2404 Jud.
634 2375 674 2404 IV
685 2398 694 2411 ‚
708 2376 725 2404 8
737 2397 745 2407 .
764 2373 876 2404 sursum

201 2411 312 2450 repulsi
330 2412 578 2452 supernatavere.
594 2413 686 2448 Συνὲἒη
703 2414 800 2446 πάθας
818 2417 877 2444 ἐπι-

914 953 997 990 μένες.
1017 952 1132 983 Pariter
1152 952 1269 983 Plinius
1286 956 1334 989 V,
1357 957 1403 984 16.
1426 952 1596 992 Asphaltites

916 992 985 1021 nihil
1000 1001 1101 1029 [τι-(τῖεν
1121 991 1238 1021 bitumen
1255 992 1369 1032 gignit;
1393 992 1464 1021 unde
1475 1003 1571 1022 tif-:nen
1583 1005 1595 1021 :

917 1032 991 1060 tauri
1009 1031 1155 1071 camelique
1166 1032 1298 1071 fluirant.
1329 1031 1399 1062 Inde
1415 1031 1497 1068 fama
1520 1032 1591 1062 nihil

916 1070 944 1100 in
967 1082 996 1100 εο
1017 1071 1113 1111 mergi.
1137 1071 1287 1102 oculatus
1319 1080 1424 1102 autem
1451 1071 1534 1102 testis
1561 1073 1594 1103 P.

917 1111 1008 1147 Nau,
1035 1111 1096 1141 loc.
1119 1110 1172 1141 cit.
1199 1110 1243 1140 ait
1273 1121 1366 1149 aquas
1392 1110 1482 1148 hujus
1511 1111 1593 1142 lacus

916 1150 976 1180 sale
994 1152 1029 1182 ὃ(
1044 1150 1253 1181 amaritudine
1271 1150 1453 1181 incredibili
1469 1150 1527 1181 effe
1543 1151 1594 1181 ἰη-

915 1189 1026 1228 fe&as;
1046 1191 1130 1220 unde
1145 1190 1259 1220 merito
1277 1198 1411 1220 vocatur
1421 1189 1594 1228 mare-fiilis,

915 1239 991 1258 mare
1015 1229 1194 1269 fizlsiffimum.
1225 1229 1303 1259 Mox
1338 1229 1443 1260 subdit
1470 1230 1595 1268 experi-

915 1277 1040 1305 menta,
1057 1269 1170 1308 quibus
1193 1268 1311 1298 constat
1332 1268 1472 1307 peritos,
1493 1269 1536 1298 im
1560 1280 1595 1300 e·-

1616 283 1646 308 A.
1656 283 1685 305 U.
1698 282 1730 306 c.

1639 331 1713 367 823.

915 1308 1056 1347 ritosque
1075 1307 1173 1338 nandi
1192 1307 1321 1345 perinde
1343 1307 1466 1344 attolli,
1490 1317 1526 1339 ut
1564 1311 1594 1341 lc
1644 1341 1655 1349 χ

915 1346 1010 1377 tradit
1032 1347 1170 1378 Tacitus.
1186 1349 1266 1378 Sani:
1289 1358 1327 1378 ex
1343 1347 1455 1378 salibus
1468 1347 1596 1386 sulphu-

915 1386 1062 1426 ribusque
1074 1386 1249 1417 amaritudo
1263 1396 1476 1426 aquarumque
1489 1387 1594 1425 gravi-

915 1433 970 1457 tas.

954 1467 967 1484 ⁵
990 1466 1100 1496 Cento
1123 1476 1195 1495 Auru
1226 1466 1239 1502 ]
1279 1466 1386 1496 Bene:
1416 1475 1483 1496 non
1518 1473 1592 1497 toto

914 1505 1000 1535 enim
1016 1515 1101 1535 anno
1114 1528 1123 1541 ,
1141 1505 1193 1534 sed
1215 1512 1301 1534 certo
1322 1504 1397 1535 anni
1426 1513 1567 1544 tempore
1582 1528 1593 1543 ‚

915 1544 1050 1583 egeritur
1065 1543 1209 1574 bitumen
1219 1567 1227 1580 ,
1241 1544 1363 1575 Gallice
1376 1544 1526 1581 l'asphalze.
1536 1544 1594 1575 Vi-

913 1584 953 1613 de
964 1585 993 1614 P.
1006 1584 1077 1613 Nau
1095 1593 1162 1622 pag.
1182 1583 1245 1622 seq.
1260 1592 1327 1614 not·
1350 1593 1374 1612 ι.
1388 1584 1592 1614 laudandum.

914 1624 1078 1653 Autumno
1092 1622 1172 1652 illud
1183 1622 1216 1652 in
1230 1622 1323 1653 litore
1341 1623 1450 1662 legunt
1460 1624 1594 1661 Arabes,

913 1662 1154 1702 Damiaramque
1163 1685 1172 1698 ,
1183 1661 1329 1691 Damiette
1343 1686 1351 1699 ‚
1378 1662 1482 1692 ferunt
1494 1686 1502 1699 ‚
1515 1673 1593 1693 ven-

913 1701 1055 1741 duntque
1065 1701 1223 1739 tingendis
1236 1701 1325 1737 lanis,
1337 1702 1409 1732 teste
1420 1702 1468 1732 Cl.
1480 1702 1593 1733 Haffel-

913 1741 1009 1780 quist,
1023 1741 1084 1772 loc.
1097 1741 1150 1771 cit.
1164 1742 1200 1770 In
1212 1741 1265 1770 usu
1275 1751 1404 1780 quoque
1422 1741 1462 1772 est
1471 1752 1527 1778 pro
1540 1752 1592 1772 na-

914 1780 1002 1811 vium
1020 1780 1208 1819 compagine
1221 1804 1229 1815 ‚
1260 1780 1461 1819 plurimisque
1478 1791 1593 1820 corpo-

914 1830 983 1850 rum
1002 1819 1250 1850 medicamentis.
1264 1820 1344 1850 Vide
1366 1820 1534 1858 Josephum
1557 1821 1592 1851 δε

915 1860 964 1889 Cl.
976 1860 1141 1895 Pococke‚
1156 1859 1234 1889 locis
1253 1858 1308 1889 cit.
1329 1861 1431 1890 Immo
1446 1860 1508 1890 Cll.
1530 1861 1592 1890 Po-

913 1899 1015 1929 cockc
1036 1900 1070 1930 &
1094 1898 1275 1937 Haffelquist
1305 1899 1481 1930 existimant
1506 1899 1593 1929 bitu-

914 1949 986 1969 men
1001 1938 1085 1969 idem
1098 1938 1156 1969 effe
1174 1938 1379 1977 eamdemque
1395 1939 1593 1970 substantiam

914 1988 948 2009 ac
974 1978 1147 2009 balsamum
1160 2001 1169 2013 ,
1201 1988 1264 2017 quo
1299 1978 1434 2009 conditae
1459 1978 1528 2009 sunt
1558 1978 1592 2008 in

915 2019 1053 2057 AEgypto
1068 2017 1204 2048 mumiae.

955 2063 967 2083 7
990 2059 1051 2087 Pm
1075 2067 1191 2088 meuses
1215 2067 1447 2089 EXSOLVUNTUR
1472 2057 1487 2094 ]
1518 2056 1590 2087 Haec

915 2096 1043 2136 quidem
1064 2097 1181 2128 Plinius
1203 2098 1280 2134 Vll,
1317 2106 1354 2136 15
1373 2097 1407 2128 ὃς
1433 2097 1590 2132 XXVIII,

915 2147 943 2174 7.
967 2136 1095 2167 Solinus
1127 2147 1194 2175 cap.
1222 2148 1252 2174 4.
1280 2135 1405 2175 ipseque
1444 2135 1592 2174 josephus

915 2175 992 2206 Bell.
1009 2176 1079 2206 Jud.
1099 2177 1159 2213 lv,
1175 2179 1202 2206 8.
1218 2178 1257 2206 At
1277 2178 1351 2206 vere
1369 2175 1505 2206 eruditus
1519 2175 1592 2204 Kir—

915 2214 989 2245 cher
1000 2239 1009 2252 ‚
1022 2214 1149 2244 Mundus
1157 2215 1356 2254 stibterraneus
1368 2239 1377 2252 ‚
1389 2216 1450 2251 IX,
1473 2225 1499 2258 5.
1517 2213 1592 2252 Quo:

914 2253 1043 2291 Plinius,
1059 2254 1173 2284 Solinus
1185 2278 1193 2291 ,
1206 2253 1321 2284 Tacitus
1334 2254 1365 2284 cie
1385 2254 1516 2283 bitumine
1532 2252 1591 2282 Ju-

915 2293 994 2323 daico
1017 2294 1148 2332 tradunt,
1162 2294 1231 2333 quod
1248 2295 1276 2324 in
1294 2294 1355 2323 lacu
1373 2292 1525 2333 Asphalzioe
1539 2291 1591 2321 col-

915 2333 1028 2379 ligitur,
1043 2333 1111 2363 ade&
1131 2334 1238 2364 tenacis
1252 2334 1299 2374 effe
1314 2334 1430 2364 lemoris
1441 2357 1450 2369 ,
1473 2342 1502 2360 uf
1522 2342 1591 2360 non-

914 2373 967 2413 nfi
983 2373 1126 2412 menstruis
1148 2373 1317 2411 feminarum
1344 2372 1440 2407 cedas,
1470 2371 1499 2400 ὓ
1523 2370 1593 2408 quod

907 2412 984 2450 ferro
1019 2412 1123 2444 domari
1156 2424 1210 2444 non
1246 2414 1328 2453 pozest
1353 2435 1363 2450 ,
1391 2421 1481 2441 eorum
1515 2409 1590 2440 ιαξὶα
