2209 3047
375 173 459 215 AD
490 173 714 216 LIBRUM
737 173 813 214 III.
840 173 985 216 HIST.
1012 174 1060 215 C.
1081 174 1262 218 CORN.
1283 149 1493 220 TACITI.
1547 186 1609 232 46
1609 196 1637 230 9

249 251 309 287 erit
328 252 491 300 ingratum
513 280 524 296 ‚
549 251 583 298 si
609 253 722 287 militis
749 265 826 299 erga
844 251 984 299 fratrem
1004 250 1098 296 suum
1115 255 1217 298 pietas
1250 255 1321 289 huic
1343 256 1516 291 voluminis
1541 263 1634 303 parti

246 302 423 349 adhaeserit.
452 305 481 337 Is
508 315 640 350 namque
658 306 690 337 in
707 302 814 349 castris
833 304 890 337 Cn.
905 303 1046 348 Pompeii
1056 300 1218 348 stipendia
1234 317 1388 352 peragens
1401 335 1410 347 ,
1433 308 1502 341 cz'cm
1526 312 1635 344 Serto-

247 354 374 386 rianum
402 354 538 388 militem
566 354 668 387 acrizis
685 352 750 399 sibi
769 354 801 386 ἱη
823 355 887 387 acie
903 351 1070 399 instantem
1097 355 1451 404 cornin21sinzer·cm{s]kt
1476 384 1486 400 ,
1528 361 1634 402 jacen-

247 412 368 450 temque
385 404 546 449 spoliaret
569 416 583 436 .·
615 414 649 436 ut
662 403 804 449 fratrem
836 415 1023 448 germanum
1050 401 1103 450 effe
1130 406 1276 449 cognovit
1301 431 1312 447 ‚
1345 406 1480 440 mulcz'cm
1511 421 1546 442 ac
1578 409 1634 446 diu

246 453 385 486 convitio
405 452 475 487 deos
504 453 539 486 ob
560 452 675 486 donum
698 454 802 498 impia:
823 453 964 486 vifloriae
988 452 1176 499 inseHams,
1197 465 1295 498 prope
1320 455 1421 501 castra
1440 457 1606 505 transtulit
1621 486 1633 502 ,

244 501 283 536 θ’
296 501 438 547 pretiosa
456 501 537 549 veste
559 514 700 548 opertum
713 531 722 544 ,
755 514 828 548 rogo
853 502 1011 548 imposuit.
1039 502 1086 536 Ac
1104 501 1364 548 deindefitbjeffd
1374 505 1448 551 face
1462 536 1470 549 ‚
1484 511 1633 554 protinus

244 551 350 586 eodem
371 552 481 600 gladio
497 580 506 595 ,
535 565 594 600 quo
622 553 716 586 illum
734 553 957 594 interemerat,
974 552 1080 597 pefius
1095 552 1193 597 suum
1213 552 1485 598 transverberavit
1503 573 1517 592 .·
1535 559 1632 608 seque

236 601 336 647 super
350 615 459 648 corpus
471 602 593 648 fratris
610 600 804 647 prostratum
821 629 832 646 ,
857 602 1068 636 communibus
1082 602 1231 650 flammis
1254 605 1455 639 cremandum
1482 609 1630 648 tradidit.

243 651 375 686 Licebat
400 654 589 700 ignorantiae
619 649 765 698 beneficio
788 653 945 686 innocenti
968 654 1076 686 vivere
1102 666 1114 686 .·
1141 651 1198 698 fied
1222 662 1257 686 ut
1273 651 1337 698 fud
1354 655 1460 698 potitis
1483 661 1603 702 pietate
1618 686 1632 702 ,

242 700 339 749 qudm
363 701 470 736 aliend
489 700 584 736 veniri
611 712 750 735 uteretur
769 728 778 743 ,
809 714 906 735 comes
925 702 1083 747 fraternae
1101 703 1166 736 neci
1181 713 1242 736 non
1257 701 1369 749 defuit.

296 750 444 785 ΤΑΝΤο
471 754 644 796 Acmon]
681 750 777 785 Male
803 749 869 785 ΜΓ.
890 749 956 786 Jes.
978 763 1069 786 tanto
1095 751 1217 787 ardore.

292 799 412 836 SICUT
436 803 699 846 VIRTUTlssus]
731 799 828 836 Mal‘e
843 799 920 836 ΜΠ.
933 800 1041 836 Bodl.
1060 800 1127 838 Jes„
1155 815 1249 850 quam
1260 801 1359 849 ficut.
1382 803 1449 840 Ms.
1461 802 1565 843 Harl.
1593 812 1626 846 ὅς

239 847 460 887 Puteolanus
474 877 484 894 ,
509 850 690 899 quodficut.

292 900 490 936 merns
517 902 798 945 PAENITENTIA]
829 899 897 936 Ms.
918 900 1010 936 Bud.
1027 900 1169 949 flagitii.

290 948 346 984 Ex
370 961 515 986 VETEm
542 961 723 986 MEMORIA
746 961 886 986 PETITA
907 953 924 997 ]
955 950 1032 988 ΜΠ.
1048 950 1157 987 Bodl.
1172 951 1241 988 Jes.
1264 965 1378 990 vetere.
1403 954 1500 992 Male
1529 956 1628 996 Rhe-

237 1009 352 1036 nanus
380 1026 389 1042 ,
426 1002 571 1046 repetita.

291 1051 471 1095 Posch]
504 1049 564 1085 Sic
577 1049 652 1085 ΜΠ.
669 1049 766 1086 Flor.
785 1050 886 1085 Harl.
906 1050 1014 1086 Bodl.
1029 1050 1094 1087 Jes.
1112 1050 1203 1087 Bud.
1226 1052 1339 1089 Corb.
1361 1054 1573 1094 Gronovius
1589 1059 1624 1096 &

234 1097 482 1137 Recentiores.
498 1099 542 1135 In
553 1099 620 1136 ΜΓ.
636 1099 725 1150 Reg.
743 1103 776 1137 ὅς
788 1100 1010 1137 editionibus
1024 1100 1203 1138 veteribus
1217 1130 1228 1146 ‚
1253 1105 1391 1150 poscent.

285 1200 391 1238 CAP.
413 1202 494 1239 LII.
525 1203 713 1240 ANToNlo
743 1204 1012 1247 DuchsQUE]
1041 1201 1140 1238 Bene
1165 1201 1231 1236 Ms.
1253 1201 1365 1239 Corb.
1390 1204 1503 1242 editio
1521 1207 1623 1256 prin-

233 1261 318 1300 ceps
335 1255 369 1288 &
383 1253 611 1290 recentiore&
653 1253 731 1290 Mff.
747 1252 847 1290 Harl.
867 1250 975 1289 Bodl.
997 1251 1066 1288 Jes.
1090 1254 1124 1288 &
1149 1251 1390 1297 Puteolanus,
1422 1260 1562 1293 Antonio
1584 1270 1624 1294 ac

233 1301 374 1338 ducibus.
398 1302 514 1350 Quod
539 1303 671 1339 durius.

285 1352 340 1388 Ex
370 1352 594 1399 MUCIANO]
634 1354 690 1389 Ita
712 1353 787 1389 Mss.
807 1352 905 1390 Flor.
923 1351 1024 1389 Harl.
1047 1351 1154 1389 Bodl.
1179 1351 1245 1388 Jes.
1266 1352 1386 1389 Guelf.
1416 1353 1530 1392 Corb.
1552 1356 1620 1393 Pu-

230 1400 398 1438 teolanus
422 1406 455 1439 ὃς
472 1402 715 1440 Recentiores.
750 1403 795 1439 In
822 1402 899 1439 Mff.
919 1402 1009 1451 Reg.
1036 1401 1122 1452 Agr.
1135 1404 1168 1439 &
1181 1401 1344 1440 editione
1363 1403 1550 1455 principe,
1581 1407 1620 1444 de

229 1452 396 1488 Muciano.
485 1464 501 1486 ι

285 1501 368 1537 VEL
403 1514 598 1539 PRosmfflA
633 1513 883 1539 AGNOSCERET
899 1506 920 1548 ]
963 1500 1061 1537 Male
1089 1500 1165 1537 Mff.
1191 1500 1280 1552 Reg.
1304 1502 1418 1540 Corb.
1442 1507 1475 1541 &
1498 1504 1614 1543 editio

227 1550 398 1601 princeps
412 1580 422 1595 ,
449 1553 653 1599 cognosceret.
680 1554 738 1588 Vel
761 1551 856 1588 abest
874 1564 895 1587 a
914 1550 980 1588 Ms.
997 1550 1111 1586 Corb.

282 1601 338 1636 AB
365 1601 628 1648 VESPASIANO]
659 1602 724 1639 Ms.
746 1601 832 1651 Reg.
849 1605 883 1638 &
904 1600 1020 1638 editio
1035 1600 1224 1651 princeps,
1250 1616 1270 1638 a
1295 1603 1496 1651 Vespafiano.

280 1650 540 1689 SENATORIUM
566 1656 780 1699 ORDINEM]
807 1651 897 1689 Non
920 1651 971 1687 ita
988 1651 1081 1689 bene
1101 1651 1168 1689 Ms.
1194 1651 1284 1703 Reg.
1312 1655 1347 1689 δε
1378 1653 1493 1690 editio
1517 1656 1620 1706 prin-

227 1709 312 1750 ceps
326 1730 335 1745 ,
363 1703 563 1738 Senatorum.

284 1751 492 1788 VOLENTIA
520 1765 773 1790 RESCRIPSERE
801 1758 820 1800 ]
840 1753 899 1790 Sic
920 1752 997 1788 Mff.
1016 1751 1119 1788 Harl.
1139 1751 1247 1788 Bodl.
1266 1752 1332 1789 Jes.
1354 1753 1466 1791 Corb.
1488 1755 1622 1793 Puteo-

225 1800 328 1836 lanus
351 1805 385 1838 ὃς
414 1801 654 1840 Recentiores.
686 1805 729 1839 In
757 1804 824 1840 Ms.
852 1803 941 1854 Reg.
969 1806 1003 1839 &
1027 1801 1190 1840 editione
1219 1803 1407 1854 principe,
1443 1806 1618 1854 rescribere.

225 1849 326 1887 Male
352 1851 569 1897 Rhenanus,
596 1856 717 1889 volenti
734 1854 897 1901 scripsere.

277 1901 493 1946 FACTAQUE
522 1916 609 1941 EJUS
637 1908 654 1950 ]
685 1903 752 1940 Ms.
777 1904 868 1942 Bud.
890 1915 947 1940 aut
961 1902 1055 1950 facia
1078 1905 1156 1951 ejus.

276 2003 380 2041 CAP.
410 2005 509 2043 LIII.
540 2007 588 2044 ID
618 2019 707 2042 PATI
737 2011 754 2053 ]
781 2007 819 2042 Id
843 2005 938 2043 abest
963 2017 983 2040 a
1002 2004 1071 2040 Ms.
1097 2003 1213 2040 Corb.·

276 2051 532 2092 EvlesszP
562 2069 755 2093 PERICULA
784 2061 801 2102 ]
833 2057 929 2093 ssene
955 2054 1021 2090 Ms.
1048 2054 1144 2090 Flor.
1171 2053 1334 2102 Ryckius
1357 2055 1392 2089 &
1414 2051 1614 2091 Recention

221 2113 286 2139 res.
313 2103 370 2139 Sic
383 2119 529 2155 quoque
558 2106 821 2144 emendandum
849 2106 1025 2142 divinarat
1040 2103 1312 2141 Freinshemius.
1335 2103 1411 2140 ΜΠ.
1422 2101 1525 2140 Harl:
1544 2104 1612 2140 Jefi

222 2155 257 2188 &
279 2152 517 2200 Puteolanus,
544 2156 735 2204 coaluifflnt.
754 2156 829 2192 Mss.
851 2156 938 2205 Reg.
960 2155 1046 2204 Agr.
1069 2158 1102 2190 &
1125 2154 1239 2190 editio
1259 2153 1427 2202 princeps
1442 2182 1450 2196 ,
1474 2156 1612 2201 luissent.

272 2201 494 2241 Immomcus
526 2200 671 2244 metiA
702 2211 718 2254 ]
743 2207 799 2242 Ita
824 2206 905 2242 libri
929 2204 1053 2254 scripti
1077 2208 1110 2241 &
1135 2203 1249 2250 editi,
1276 2214 1404 2253 praeter
1427 2203 1610 2252 Lipssum,

218 2252 282 2302 qui
309 2253 446 2297 edidit,
476 2257 603 2304 lirzguae.

272 2301 329 2338 ET
360 2317 416 2340 SU!
448 2318 580 2342 OPERIS
607 2310 624 2352 ]
654 2306 792 2342 Frustra
823 2314 937 2342 tentat
961 2305 1018 2341 Cl.
1048 2304 1236 2347 Emestus,
1266 2304 1300 2339 id
1320 2305 1374 2351 fici
1399 2304 1509 2348 operis.

230 2369 234 2372 ·
272 2351 407 2390 CAsum
437 2355 641 2393 CREMONAE
669 2360 685 2402 ]
714 2356 810 2394 Bene
841 2356 917 2392 Mss'.
951 2354 1052 2391 Harl.
1087 2354 1194 2391 Bodl.
1219 2353 1288 2390 Jes.
1321 2351 1537 2389 Puteolanus
1571 2354 1607 2386 δε

217 2400 461 2446 Recentiores.
489 2406 532 2445 In
558 2407 634 2444 ΜΠ.
660 2406 747 2457 Reg.
774 2406 887 2445 Corb.
926 2409 960 2443 &
990 2405 1153 2445 editione
1177 2404 1343 2456 principe
1358 2431 1368 2448 ‚
1395 2400 1609 2448 Cremonensi.
