2209 3047
554 227 640 275 580
746 214 961 257 NOTAE
1004 211 1091 250 ET
1129 205 1734 250 EMENDATIONES

553 295 646 331 forte
661 294 821 341 legerent
834 288 973 325 versum
985 285 1145 329 Genesis,
1156 285 1192 329 Ι,
1207 298 1241 321 2.
1255 292 1334 322 inm
1358 292 1421 321 mn
1434 309 1445 326 ,
1462 284 1744 331 pronuntiavere
1758 310 1768 328 ,
1789 285 1934 321 theohum

555 345 726 390 vopeolzum
744 342 768 375 ¹.
1749 337 1752 342 '

604 390 858 428 Sanfflffimum
869 397 986 424 autem
998 384 1092 433 apud
1107 395 1169 420 eos
1181 380 1229 418 est
1242 380 1471 418 &ineffabile
1486 395 1620 419 nomen
1628 383 1767 417 Jehovah
1780 382 1793 398 ²
1806 408 1816 425 ,
1831 383 1933 431 quod

557 455 602 479 ne
631 437 927 489 pronuntiatione
954 435 1117 476 violent,
1141 431 1267 467 dicunt
1285 433 1415 481 Horao'z'.
1449 433 1518 467 Pro
1538 432 1669 467 Adonai
1695 431 1934 480 pronuntiant

557 494 687 528 Etunoi.
711 490 753 524 In
765 486 945 524 efferenda
958 497 1050 520 voce
1061 484 1187 517 Elohim
1202 492 1278 515 non
1298 480 1347 515 ita
1359 492 1380 515 a
1401 481 1508 516 nobis
1528 480 1741 529 discrepant.
1758 481 1851 516 Cum
1865 493 1934 517 no-

557 553 640 576 men
661 539 732 575 Dei
747 537 866 573 Sinice
885 534 1064 583 explicant
1078 559 1087 574 ‚
1105 543 1181 566 non
1199 529 1324 565 dicunt
1336 557 1345 573 ‚
1373 541 1413 566 ut
1438 529 1628 566 Christiani
1643 530 1803 566 Sinenses
1817 557 1826 572 ‚
1838 531 1933 565 Tien-

559 592 631 624 tchu
649 615 659 630 ,
699 587 758 624 sed
789 585 929 624 tantum
953 585 1027 618 Tten
1040 609 1051 626 ,
1076 591 1116 616 ut
1149 583 1182 616 &
1210 578 1358 616 Litetati
1387 579 1547 616 Sinenses
1576 607 1587 623 ‚
1632 579 1715 615 cum
1749 579 1933 628 explicant

559 642 691 686 Clzang·
705 641 742 674 ti.

616 687 674 724 De
711 686 793 725 Jesu
825 683 967 721 Christo
1002 679 1094 716 nihil
1129 678 1338 715 inaudiviffe
1366 678 1534 715 videntur
1571 678 1732 715 Sinenses
1766 678 1879 715 Judaei
1905 680 1934 715 ³.

558 737 617 772 De
634 737 768 775 nb'w&
783 745 919 780 Ἶῃῃῃῃη
942 731 1033 778 saepe
1061 729 1293 778 interrogati,
1316 727 1408 763 nihil
1435 727 1651 776 respondere
1679 730 1706 763 4.
1741 728 1794 764 At
1811 756 1820 771 ‚
1853 728 1935 764 cum

560 787 650 822 olim
678 785 715 821 P.
743 783 930 821 Matthaeus
952 779 1054 815 Ricci
1074 778 1118 814 ad
1141 779 1379 826 Tchang-Kiao
1399 805 1408 821 ‚
1440 777 1500 812 seu
1524 779 1727 827 Synagogae
1762 779 1934 813 rectorem

559 834 739 884 scripsisset
758 831 913 870 Messian]
935 829 1112 866 advenisse
1129 856 1137 870 ,
1165 827 1226 864 ille
1242 827 1428 875 respondit
1447 826 1485 861 id
1500 839 1624 863 vetum
1642 840 1719 863 non
1734 827 1822 870 esse3
1839 827 1934 863 Mes-

558 885 641 921 fiam
665 896 740 920 non
771 892 960 919 venturum
993 889 1075 914 ante
1104 877 1228 913 decem
1247 877 1360 912 millia
1384 888 1572 912 annorum.
1600 876 1688 913 Inde
1704 876 1785 911 sane
1799 876 1934 924 semper

558 934 771 983 profitentur
789 932 822 967 se
845 931 1027 978 expectare
1043 927 1189 963 salutem
1203 926 1382 969 Domini3
1402 926 1555 962 solemni
1576 925 1638 961 illa
1653 925 1828 968 formula,
1857 938 1939 974 quae

558 983 654 1032 apud
668 994 790 1018 omnes
803 979 946 1016 Judaeos
957 1006 966 1022 ,
981 977 1088 1014 etiam
1101 975 1262 1013 Sinenses
1274 1004 1283 1019 ‚
1300 976 1348 1012 est
1362 975 1516 1025 vulgaris
1532 988 1540 1011 :
1562 987 1640 1014 mn»
1657 986 1748 1020 νῃηῑ)
1764 974 1938 1020 Ἶῃῃηωὴ,

559 1034 604 1070 ld
628 1032 675 1069 est
688 1060 696 1075 ,
711 1033 849 1078 salutem
866 1042 953 1064 tuam
968 1029 1165 1074 exspecffavi,
1189 1027 1338 1061 Jelzovah.

615 1082 707 1118 Haec
723 1080 787 1116 fint
802 1079 881 1115 satis
902 1078 945 1114 de
960 1077 1091 1113 Judaeis
1105 1075 1316 1112 Sinensibus.
1343 1076 1392 1111 At
1412 1075 1581 1112 miremur
1607 1085 1750 1124 gentem
1777 1074 1813 1109 in
1832 1074 1939 1110 tantis

561 1133 727 1168 locorum
750 1128 945 1165 intervallis
966 1127 1104 1176 semper
1128 1126 1181 1161 sui
1199 1124 1364 1168 similem,
1390 1137 1526 1168 mores,
1551 1125 1708 1173 ritusque
1728 1152 1738 1167 ,
1770 1136 1861 1173 quos
1881 1134 1940 1160 tot

562 1181 695 1217 abhinc
714 1178 849 1216 saeculis
865 1176 1043 1225 descripsit
1058 1176 1207 1212 Tacitus
1222 1201 1230 1216 ‚
1256 1174 1293 1210 in
1308 1185 1467 1211 extremo
1486 1185 1656 1211 terrarum
1675 1173 1762 1210 orbe
1780 1174 1940 1210 retinen-

561 1230 821 1267 tem.Miremur
830 1228 940 1277 magis
954 1237 1092 1262 tantum
1101 1224 1289 1261 discrimen
1304 1224 1396 1261 inter
1412 1224 1656 1261 Romanorum
1672 1223 1942 1273 Sinenfiumque

562 1281 607 1316 de
628 1279 758 1316 Judaeis
782 1277 927 1325 judicia.
944 1276 1060 1322 Quod
1074 1275 1170 1311 unde
1184 1274 1417 1323 repetendum
1433 1302 1443 1318 ,
1470 1274 1534 1310 nisi
1548 1275 1593 1310 ab
1610 1273 1791 1321 utriusque
1810 1273 1941 1321 populi

561 1329 710 1378 ingenio
727 1329 739 1364 ἒ
753 1327 907 1364 Romani
923 1357 930 1369 ‚
964 1325 1124 1362 animosa
1138 1324 1382 1373 bellicosaque
1395 1337 1482 1373 gens
1494 1352 1504 1368 ‚
1519 1335 1688 1360 terrarum
1703 1323 1826 1359 vifirix
1839 1350 1849 1366 ,
1880 1336 1942 1359 ce-

560 1391 635 1415 tera
650 1378 771 1414 omnia
789 1378 978 1425 despexere
992 1403 1001 1418 ‚
1029 1376 1248 1423 barbaraque
1260 1384 1480 1422 reputavere.
1513 1374 1674 1410 Sinenses
1702 1373 1828 1409 contrit
1841 1402 1849 1414 ‚
1883 1372 1940 1408 sa-

560 1428 698 1477 pientia
713 1427 824 1476 magis
838 1455 847 1470 ,
865 1426 969 1475 quern
988 1425 1136 1474 ingenio
1160 1435 1221 1459 aut
1237 1423 1360 1458 animo
1374 1423 1511 1464 validi,
1542 1423 1710 1470 pacisque
1734 1421 1854 1457 studiis
1876 1422 1942 1458 de-

562 1478 651 1519 diti,
675 1478 709 1513 se
741 1476 886 1525 quidem
903 1474 1095 1522 plurimum
1116 1473 1277 1514 faciunt3
1310 1472 1410 1520 quod
1438 1472 1668 1508 humanitatis
1690 1471 1756 1514 est,
1783 1471 1938 1507 maxime

561 1526 657 1575 apud
681 1526 855 1574 sapientes
880 1537 889 1560 :
921 1534 955 1558 at
976 1534 1119 1559 ceteros
1140 1550 1149 1565 ‚
1182 1521 1206 1556 s1
1229 1520 1316 1569 quid
1342 1521 1378 1555 in
1395 1521 1436 1556 iis
1454 1520 1658 1564 laudabile,
1680 1520 1837 1568 probant
1862 1520 1943 1556 lau-

562 1577 736 1626 dantque3
753 1575 853 1625 quod
867 1573 1043 1623 aequitatis
1058 1571 1106 1609 est
1122 1575 1155 1608 ὃς
1168 1569 1381 1620 prudentiae.

612 1674 827 1711 CARXIV.
856 1673 1020 1710 VETERA
1046 1675 1226 1717 cAsTRA]
1251 1672 1349 1707 Bene
1362 1671 1437 1708 Mff.
1452 1673 1630 1708 &veteres
1653 1669 1945 1719 recentIOresque

562 1725 748 1763 editiones.
776 1723 910 1772 Lipfius
935 1722 1052 1759 omifit
1073 1749 1083 1765 ,
1111 1721 1224 1770 castra.

610 1776 666 1810 ET
689 1779 845 1821 SEXTAE]
874 1773 1025 1822 Optime
1056 1773 1247 1809 Mercerus.
1273 1771 1461 1820 Perperam
1481 1769 1519 1804 in
1540 1768 1616 1805 ΜΠ.
1637 1771 1670 1805 &
1690 1768 1789 1804 libris
1818 1768 1941 1804 omni-

1270 1861 1336 1884 ciflxi
1348 1860 1477 1892 imaginem
1499 1858 1563 1883 ultro
1577 1868 1603 1883 ac
1621 1858 1668 1881 sine
1680 1858 1731 1882 ullo
1750 1858 1855 1883 horroris
1874 1859 1941 1882 sensu

598 1871 604 1882 ¹
628 1864 650 1888 Si
670 1865 721 1897 quis
740 1866 767 1887 de
788 1863 920 1888 Sinenfium
931 1862 1070 1886 Judaeorum
1088 1861 1230 1893 pronuntia-

1270 1896 1427 1926 contemplati
1447 1895 1509 1917 sunt.
1520 1894 1612 1925 Integti
1631 1901 1688 1924 ergo
1705 1894 1758 1916 sunt
1771 1893 1853 1916 abillo
1863 1893 1939 1916 Thal-

564 1898 629 1921 tionc
650 1899 717 1929 plura
738 1898 868 1924 desiderat,
890 1898 998 1921 observa:
1013 1897 1081 1919 Pater
1103 1896 1231 1928 Domenge

562 1932 590 1954 iis
604 1933 670 1963 aleph
682 1941 735 1955 cum
746 1933 836 1955 kametz
847 1931 889 1955 esse
902 1940 914 1954 o
926 1948 932 1957 ,
953 1930 1022 1961 aleph
1034 1938 1089 1953 cum
1101 1931 1185 1960 pamel-u
1199 1938 1212 1953 α
1224 1947 1230 1957 ,

562 1966 631 1996 aleph
644 1967 799 1990 cumcliolcm
811 1966 847 1989 ιλὶο
860 1965 896 1988 vel
910 1972 935 1988 eo
948 1982 954 1991 ,
974 1964 1044 1995 aleph
1054 1971 1107 1986 cum
1122 1965 1175 1986 tzcri
1192 1963 1229 1990 ic',

563 1999 633 2029 aleph
649 2008 701 2022 cum
713 2001 808 2023 kibbutz
816 2008 843 2023 ou
857 2016 862 2026 ,
875 1999 944 2030 aleph
962 2005 1016 2021 cum
1028 1997 1106 2020 chirek
1118 1996 1125 2020 ἱ
1139 2014 1145 2023 ,
1162 1997 1230 2028 aleph

564 2041 618 2056 cum
640 2033 703 2064 sstgol
722 2034 755 2060 ic',
774 2034 843 2064 aleph
859 2041 913 2056 cum
931 2033 1014 2055 scheva
1033 2031 1064 2058 ie',
1084 2031 1153 2062 aleph
1176 2039 1231 2054 cum

563 2067 749 2097 cliatcfhpatacli
759 2075 807 2098 riga
816 2066 852 2089 vel
866 2065 895 2089 ai
906 2083 911 2092 ,
933 2066 1002 2096 aleph
1019 2073 1073 2088 cum
1090 2065 1187 2087 schurek
1204 2073 1231 2088 οιι

563 2100 600 2122 vel
615 2108 685 2131 rigon.
696 2101 796 2123 Litctam
804 2101 858 2123 beth
870 2099 1010 2123 cumiisdcm
1022 2099 1113 2129 punctis
1120 2106 1228 2129 pronun-

564 2134 625 2156 tiam
634 2141 716 2166 p0,pa
725 2151 730 2160 ,
741 2142 783 2165 puo
796 2134 832 2157 vel
841 2141 884 2165 peo
897 2150 903 2160 ,
923 2133 962 2164 pie
971 2150 979 2160 ‚
997 2141 1042 2164 pou
1053 2149 1058 2159 ‚
1069 2132 1109 2164 pi,
1121 2131 1169 2163 pic',
1178 2132 1230 2163 pie',

560 2165 594 2198 pti
607 2185 614 2195 ‚
631 2175 682 2198 pou.

598 2206 608 2218 2
629 2200 691 2223 Cum
710 2201 776 2224 Patet
792 2200 881 2224 Gaubil
901 2200 988 2224 Judaeis
1004 2198 1154 2231 explicasset,
1173 2199 1230 2231 quid

562 2242 621 2257 voce
633 2233 735 2258 Jehovah
747 2234 907 2266 intelligamus
919 2252 924 2261 ‚
948 2236 963 2257 ii
976 2233 1103 2265 plurimum
1115 2233 1230 2264 plansctm

564 2270 587 2291 δε
606 2267 701 2291 confessi
721 2269 775 2291 sunt
786 2269 806 2291 se
823 2270 847 2290 in
860 2269 901 2291 hac
918 2276 976 2291 voce
992 2269 1079 2298 suuper
1092 2266 1231 2290 intellexisse

565 2302 719 2325 attexuit-nem
742 2302 806 2325 Dei:
820 2302 844 2325 in
863 2301 890 2324 eft
909 2303 1026 2325 contineri
1047 2303 1158 2332 praesens,
1171 2308 1229 2331 pra:-

564 2336 660 2358 teritum
672 2338 695 2359 «Sc
711 2335 818 2359 futurum
830 2344 835 2358 :
849 2343 932 2359 vocem
945 2335 1010 2358 illam
1026 2336 1089 2358 idem
1107 2333 1148 2358 elli:
1161 2342 1231 2367 atquc

563 2368 609 2397 eft,
625 2369 675 2399 suit
685 2387 693 2396 ‚
713 2369 764 2393 erit.

599 2409 605 2425 3
626 2402 702 2426 juda-i
727 2404 832 2427 sinenses
857 2411 1044 2434 nonnumquam
1064 2402 1139 2426 adiere
1159 2402 1231 2425 ecclc-

562 2433 615 2458 (ΜΠ)
625 2454 632 2464 ι
651 2444 703 2469 quae
715 2445 771 2462 tunc
791 2445 839 2465 etat
850 2437 875 2463 in
888 2437 943 2461 utbc
960 2436 1136 2470 Cai-ang-fhu,
1148 2438 1171 2461 ὃς
1180 2444 1232 2461 ciu-

1270 1929 1366 1952 mudico
1389 1929 1469 1952 furore
1483 1943 1491 1955 ,
1513 1935 1562 1959 quo
1584 1927 1670 1958 reliqui
1688 1927 1763 1950 Judaei
1781 1926 1854 1958 vulgo
1873 1935 1940 1949 exar-

1269 1962 1367 1986 descunt
1386 1964 1410 1985 in
1433 1960 1591 1988 crucifixum,
1612 1968 1683 1993 quem
1701 1959 1773 1984 thalui
1785 1977 1790 1986 ,
1809 1960 1832 1984 id
1849 1960 1880 1983 est
1890 1961 1941 1986 susq

1270 1998 1366 2027 pensum
1376 2014 1382 2023 ‚
1395 1996 1522 2027 appellant.

1304 2036 1315 2053 4
1335 2030 1404 2053 Certe
1424 2031 1481 2061 saepe
1499 2037 1539 2052 eos
1554 2028 1757 2060 interrogantibus
1769 2027 1875 2050 Patribus
1887 2027 1940 2050 Go-

1269 2064 1322 2086 zani
1341 2066 1365 2088 &
1383 2064 1511 2094 Domcnge
1528 2080 1534 2090 ,
1563 2061 1654 2084 filuete.
1669 2062 1757 2084 Siluere
1770 2069 1867 2093 quoqut=
1886 2060 1941 2084 (nm

1269 2105 1336 2121 anno
1351 2106 1409 2126 1725
1426 2099 1580 2128 Synagogam
1592 2095 1649 2118 adiit
1660 2097 1684 2118 P.
1698 2096 1796 2121 Gaubss,
1807 2103 1941 2126 vocemque

1269 2128 1361 2166 nl771y
1381 2137 1408 2159 iis
1424 2135 1527 2159 ostendit
1537 2152 1544 2162 ‚
1558 2137 1582 2158 δι’
1599 2133 1656 2166 quid
1667 2132 1729 2165 apud
1745 2140 1786 2156 eos
1798 2132 1941 2163 significaret

1270 2173 1368 2206 quaesiit.
1393 2174 1425 2196 At
1447 2172 1498 2196 cuni
1521 2173 1567 2204 ipse
1584 2170 1686 2203 coepiffet
1704 2172 1730 2194 iis
1751 2171 1867 2202 explicare
1889 2179 1942 2203 quo

1270 2209 1335 2231 sensu
1343 2209 1419 2231 Patres
1430 2206 1583 2239 doctoresque
1590 2205 1696 2229 Ecclefiae
1708 2212 1790 2228 vocem
1802 2205 1867 2228 illam
1879 2205 1940 2228 acci-

1271 2249 1352 2273 perent
1362 2259 1368 2268 ,
1387 2242 1478 2270 juvenis
1497 2240 1592 2264 Judaeus
1603 2241 1697 2262 veniam
1712 2237 1828 2270 loquendi
1839 2239 1940 2262 comiter

1270 2276 1356 2306 petiit,
1369 2274 1476 2307 dixitque
1495 2275 1515 2297 se
1536 2282 1549 2297 a
1569 2281 1658 2305 niagno
1672 2280 1758 2304 patruo
1777 2273 1819 2295 suo
1831 2288 1837 2298 ,
1860 2273 1939 2302 paucis

1271 2309 1323 2332 ante
1343 2310 1411 2332 annis
1433 2316 1530 2332 mortuo
1543 2325 1549 2334 ,
1566 2306 1689 2333 audivisse,
1711 2305 1801 2337 aliquid
1817 2305 1891 2329 divini
1912 2306 1941 2328 in

1271 2344 1314 2366 hac
1327 2351 1385 2366 voce
1398 2341 1454 2369 esse,
1467 2341 1541 2374 eaque
1554 2340 1680 2373 fignfficari
1694 2340 1817 2373 hominen]
1828 2339 1938 2362 divinum

1271 2375 1364 2399 miffum
1375 2377 1402 2400 iti
1414 2384 1426 2399 a
1438 2377 1500 2400 Deo.
1512 2375 1570 2398 Tale
1587 2375 1679 2404 juvenis
1689 2374 1764 2396 Judaei
1777 2373 1939 2396 testimonium

1271 2418 1322 2433 tum
1334 2411 1357 2433 P.
1369 2410 1458 2434 Gaubil
1471 2427 1477 2436 ,
1494 2417 1543 2432 tum
1554 2409 1597 2432 PP.
1616 2408 1712 2433 Gozani
1723 2409 1745 2431 &
1757 2407 1856 2439 Jacqucs
1869 2423 1875 2433 ,
1895 2405 1940 2438 qui

1272 2443 1369 2469 aderam
1381 2461 1387 2472 ,
1410 2444 1489 2468 mirati
1505 2443 1568 2467 sunt-
