2230 3047
524 323 556 346 A.
568 323 637 345 ΕΛΖ.
690 337 696 344 .

547 370 617 397 822.

549 419 610 442 J.C.

555 467 608 502 69.

671 199 754 244 146
929 193 977 233 C.
1039 193 1453 235 CORNELII
1507 190 1812 233 TACITI

723 273 763 313 X
774 273 946 314 CVIII.
980 274 1018 313 A
1029 287 1052 314 c
1069 275 1196 330 primo
1211 273 1394 316 Valerius
1410 272 1568 321 Festus,
1588 270 1743 326 legatus
1763 276 1773 293 ¹
1786 301 1799 321 ‚
1818 272 1940 313 studia
1955 288 2044 329 pro-

659 335 894 376 vincialium
912 352 1002 377 cum
1019 337 1094 378 fide
1110 336 1232 389 juvit:
1260 350 1356 376 mox
1376 334 1540 375 nutabat
1552 364 1564 384 ‚
1593 333 1723 390 palam
1739 333 1912 390 epistolis
1929 336 2039 377 edic-

660 399 787 452 tisque
803 398 1015 440 Vitellium
1027 431 1040 451 ,
1061 399 1233 441 occultis
1250 399 1398 438 nuntiis
1414 397 1697 453 Vespasianum
1712 397 1853 438 fovens
1864 427 1877 447 ‚
1899 401 1939 438 &
1957 399 2041 439 haec

660 461 782 503 illave
809 462 1064 513 defensurus,
1092 477 1211 519 prout
1227 460 1492 502 invaluissent.
1521 460 1771 516 Deprehensi
1798 475 1889 501 cum
1917 459 2041 501 literis

661 525 875 579 edifflsque
890 526 1117 583 Vespasiani
1129 556 1142 576 ,
1158 540 1226 581 per
1241 525 1411 566 Raetiam
1429 528 1442 544 ²
1462 527 1503 565 ὅ(
1518 522 1686 573 Gallias,
1702 522 1876 564 militum
1892 527 1932 564 ὅ(
1949 538 2042 564 cen-

660 590 865 629 turionum
882 590 1041 643 quidam
1055 619 1067 639 ,
1094 589 1142 629 ad
1158 587 1370 629 Vitellium
1387 587 1484 626 missi
1497 616 1509 637 ,
1534 600 1728 628 necantur
1743 604 1751 627 t
1777 586 1908 642 plures
1924 586 2040 627 fefel-

661 650 743 692 lere
757 681 770 702 ,
791 652 867 692 fide
885 654 1105 693 amicorum
1122 681 1134 701 ,
1156 665 1222 692 aut
1238 651 1394 691 suomet
1410 651 1490 692 astu
1503 648 1711 691 occultati.
1729 649 1790 691 Ita
1803 648 1961 690 Vitellii
1977 664 2044 705 pa-

660 727 766 755 ratus
791 714 1080 755 noscebantur:
1106 714 1335 770 Vespasiani
1363 713 1619 754 consiliorum
1647 712 1834 769 pleraque
1865 714 2004 767 ignota
2027 741 2043 762 ‚

660 779 832 832 primum
846 776 1028 818 socordia
1041 776 1199 817 Vitellii
1214 792 1224 824 3
1246 777 1390 818 deinde
1403 777 1642 818 Pannonicae
1658 775 1782 832 Alpes
1803 780 1838 826 ³,
1860 775 2040 831 praefidiis

659 840 805 880 insessae
817 870 830 889 ‚
856 841 1017 880 nuntios
1035 839 1281 881 retinebant:
1307 855 1413 881 mare
1429 854 1587 895 quoque
1602 839 1818 880 Etesiarum
1842 838 1939 878 flatu
1959 843 1977 866 4
1999 839 2041 878 in

660 903 873 943 Orientem
889 902 1168 958 navigantibus
1184 903 1400 944 secundum
1416 933 1429 953 ,
1452 903 1544 943 inde
1564 902 1769 943 adversum
1787 915 1882 941 erat.

722 965 898 1005 XCIX.
931 966 1074 1006 TAND
1086 978 1169 1016 ΕΜ,
1187 967 1417 1022 inruptione
1435 966 1628 1015 hostium,
1649 963 1849 1005 atrocibus
1866 963 2042 1016 undique

660 1029 809 1068 nuntiis
829 1030 1064 1079 exterritus,
1090 1028 1292 1069 Caecinam
1316 1033 1356 1069 ὅ(
1378 1027 1594 1069 Valentem
1615 1027 1795 1083 expediri
1818 1027 1867 1067 ad
1887 1024 2041 1066 bellum

657 1088 770 1142 jubet
790 1107 797 1130 :
823 1091 1033 1146 praemiffus
1050 1091 1229 1132 Caecina:
1256 1091 1496 1141 Valentem,
1526 1106 1547 1131 e
1566 1092 1678 1145 gravi
1699 1091 1878 1145 corporis
1897 1087 2039 1129 morbo

657 1166 744 1194 tum
761 1154 931 1209 primum
948 1155 1248 1209 adsurgentem,
1268 1155 1476 1195 infirmitas
1489 1152 1681 1195 tardabat.
1698 1153 1843 1207 Longe
1861 1151 1935 1193 alia
1948 1166 2040 1207 pro-

657 1215 873 1258 ficiscentis
899 1231 948 1258 ex
975 1217 1083 1258 Urbe
1121 1219 1355 1259 Germanici
1380 1218 1577 1258 exercitus
1612 1217 1784 1273 species:
1813 1231 1897 1256 non
1922 1216 2040 1269 vigor

659 1279 894 1335 corporibus
906 1310 920 1331 ‚
944 1296 1028 1321 non
1043 1281 1160 1322 ardor
1176 1282 1316 1321 animis
1331 1298 1338 1321 :
1364 1279 1518 1321 lentum
1533 1284 1574 1321 ὃς
1590 1294 1721 1320 rarum
1737 1294 1881 1334 agmen
1895 1308 1907 1328 ‚
1932 1278 2040 1318 fluxa

657 1357 765 1383 arma
779 1372 792 1393 ,
818 1342 958 1398 segnes
979 1345 1091 1397 equi:
1117 1345 1327 1400 impatiens
1360 1342 1453 1384 solis
1467 1374 1480 1394 ,
1509 1342 1683 1398 pulveris
1699 1372 1711 1392 ‚
1733 1343 2009 1398 tempestatum
2030 1357 2040 1380 :

656 1407 929 1460 quantumque
957 1406 1079 1447 hebes
1108 1407 1156 1447 ad
1186 1407 1454 1447 sustinendum
1480 1405 1659 1446 laborem
1686 1404 1828 1455 miles,
1855 1406 1969 1445 tanto
1990 1403 2040 1444 ad

659 1468 874 1509 discordias
896 1471 1132 1526 promptior.
1149 1469 1384 1510 Accedebat
1399 1471 1480 1510 huc
1508 1469 1675 1510 Caecinae
1706 1468 1872 1509 ambitio
1893 1481 2008 1507 vetus
2024 1495 2037 1516 ,

657 1544 798 1586 torpor
812 1546 951 1573 recens
964 1562 976 1583 ‚
1001 1531 1123 1572 nimia
1139 1532 1304 1573 fortunae
1322 1530 1573 1586 indulgentia
1588 1531 1709 1572 soluti
1733 1533 1775 1571 in
1790 1530 1949 1570 luxum:
1970 1530 2040 1570 seu

657 1594 863 1649 perfidiam
881 1595 1075 1636 meditato
1089 1625 1103 1646 ,
1127 1595 1344 1650 infringere
1364 1596 1560 1635 exercitus
1574 1596 1763 1635 virtutem
1777 1624 1790 1644 ‚
1814 1595 1917 1634 inter
1936 1606 2038 1634 artes

658 1670 753 1697 erat.
778 1657 994 1699 Credidere
1016 1657 1194 1714 plerique
1211 1688 1223 1708 ‚
1248 1657 1379 1700 Flavii
1393 1657 1531 1698 Sabini
1560 1662 1572 1688 5
1604 1656 1776 1698 consiliis
1807 1655 2038 1698 concussam

658 1718 825 1760 Caecinae
858 1735 1034 1761 mentem
1047 1751 1060 1771 ‚
1086 1722 1262 1761 ministro
1290 1721 1519 1762 sermonum
1536 1720 1693 1761 Rubrio
1711 1718 1834 1760 Gallo
1855 1717 1898 1770 ⁶,
1920 1736 1941 1755 (ε
1954 1731 2037 1759 rata

656 1798 678 1818 2>
690 1783 794 1838 apud
809 1783 1091 1839 Vespasianum
1106 1783 1192 1824 fore
1210 1785 1319 1839 paela
1334 1784 1572 1824 transitionis
1587 1800 1627 1823 »ε
1650 1781 1764 1822 simul
1783 1782 1967 1823 odiorum
1983 1783 2038 1821 in-

657 1845 850 1900 vidiaeque
878 1861 971 1902 erga
992 1846 1160 1890 Fabium
1186 1846 1400 1888 Valentem
1426 1845 1712 1887 admonebatur
1734 1850 1749 1872 ⁷
1763 1875 1777 1896 ,
1804 1862 1826 1881 t<
1848 1857 1892 1885 ut
1910 1847 2037 1900 impar

654 1909 793 1963 »apud
816 1908 1058 1962 Vitellium,
1084 1910 1252 1966 gratiam
1284 1911 1464 1964 viresque
1498 1909 1603 1966 apud
1631 1924 1784 1950 novum
1808 1909 2036 1964 Principem

654 1986 840 2027 »pararet
860 1989 904 2012 ».

719 2033 766 2074 C.
802 2034 837 2074 C
847 2047 879 2074 AE
890 2048 1008 2075 crNA
1021 2065 1034 2086 ,
1061 2035 1278 2092 complexu
1292 2034 1450 2077 Vitellii
1465 2034 1595 2077 multo
1612 2050 1704 2077 cum
1721 2036 1874 2076 honore
1891 2032 2036 2087 digres-

653 2163 684 2194 se
704 2163 745 2193 ob
765 2164 943 2199 avaritiam,
962 2175 1062 2197 cetera
1083 2168 1282 2199 laudabilem.
1399 2171 1414 2190 ⁴
1435 2168 1620 2199 ΕτεςιΑῐωΜ
1642 2167 1826 2205 maxume
1839 2176 1902 2206 quo
1915 2165 2031 2196 dietum

694 2208 702 2221 ¹
727 2204 874 2248 Lamnus
892 2207 904 2242 ]
930 2207 1062 2245 Legatus
1085 2208 1237 2246 legionis,
1255 2216 1322 2246 quae
1362 2206 1447 2245 supra
1469 2208 1579 2237 Annal.
1602 2208 1661 2241 VI,
1682 2217 1730 2243 33.

653 2250 717 2272 erat
743 2252 776 2272 in
797 2242 913 2273 Africa.
1403 2251 1411 2272 5
1436 2247 1558 2277 thxvn
1579 2248 1711 2284 samm]
1733 2246 1836 2282 Quem
1856 2243 2030 2283 Vespasiani

693 2286 705 2299 ²
727 2282 861 2352 ΚὲτέτιΑΜ
885 2285 899 2320 ]
933 2284 1027 2314 Nunc
1052 2283 1077 2313 Ie
1092 2295 1162 2324 pays
1179 2284 1227 2314 des
1252 2285 1322 2315 Gri-
1362 2285 1486 2355 fragrpzm
1508 2285 1691 2355 fuiffeGsaepe
1708 2284 2030 2353 moptssmffigmomto

642 2320 712 2385 fimf
724 2332 911 2390 &Ascxiomcae
926 2362 1024 2392 Aums
1039 2362 1052 2397 ]
1078 2362 1174 2392 Dietae
1194 2373 1321 2402 quoque
1362 2364 1447 2402 supra
1463 2335 1579 2393 ligitilz'tioll
1593 2386 1602 2399 ,
1615 2335 1696 2402 τῇ)
1718 2326 1732 2361 ]
1777 2333 1794 2353 a

651 2399 749 2441 Juliae.
769 2401 860 2429 Nunc
883 2400 948 2436 Alpi
978 2400 1082 2440 Giule3
1108 2401 1189 2433 inter
1207 2404 1319 2434 Carin-
1401 2409 1413 2427 ⁷
1435 2405 1679 2433 ΑυΜοκεεΑ-[υιι
1693 2402 1707 2438 ]
1723 2401 1770 2430 De
1787 2400 1843 2432 hac
1858 2397 2032 2432 aemulatio-

651 2436 747 2468 thiam
772 2441 806 2470 ὃς
828 2439 1019 2470 Carniolam.
1361 2451 1400 2471 ne
1425 2442 1498 2472 vide
1519 2442 1605 2481 supra
1623 2451 1691 2480 cap.
1715 2450 1764 2477 30.

2077 848 2125 874 10

2076 1163 2123 1202 ¹5

2067 1481 2124 1508 20
