2230 3047
104 819 156 846 10

94 1131 151 1171 ,15

93 1450 151 1478 20

346 154 822 200 HISTORIARUM
860 154 1055 197 LIBER
1094 156 1387 200 TERTIUS.
1495 175 1573 210 199

190 240 281 280 cum
301 237 465 279 familia.
481 236 611 279 Simul
625 236 823 278 ferebatur
838 234 1023 276 lefflculfi
1041 236 1227 291 parvulus
1248 238 1353 281 filius
1367 270 1379 290 ‚
1406 240 1518 282 velut
1535 243 1577 282 in

188 301 396 343 funebrem
427 316 614 358 pompam
650 303 827 343 ¹.Voces
858 298 999 356 populi
1022 299 1174 341 blandae
1202 306 1241 342 ὃς
1269 305 1575 361 intempestivae:

187 365 304 406 miles
327 367 475 406 minaci
495 365 664 406 silentio.

251 429 475 470 LXVIII.
511 431 617 470 NEC
646 427 850 481 quisquam
869 427 969 468 adeo
997 441 1129 467 rerum
1152 429 1413 470 humanarum
1435 434 1576 474 imme-

190 506 298 542 mor,
319 507 438 547 quem
449 507 531 533 non
549 505 828 532 commoveret
840 489 909 531 illa
923 490 1065 541 facies,
1080 491 1313 531 Romanum
1327 494 1552 552 Principem
1562 527 1577 548 ,

190 559 230 596 ὅ(
252 557 409 610 generis
431 556 595 596 humani
618 552 756 610 paullo
783 554 874 594 ante
897 554 1132 605 dominum,
1157 553 1290 595 relicffi
1312 555 1478 598 fortunae
1503 561 1576 600 suae

188 618 281 659 sede
294 649 306 669 ,
327 633 396 675 per
415 618 635 675 populum,
663 632 733 673 per
748 617 897 658 Urbem
910 647 924 668 ,
944 619 1052 658 exire
1075 618 1123 659 de
1152 619 1336 674 imperio.
1357 621 1476 661 Nihil
1495 623 1575 665 tale

189 681 395 732 viderant,
422 681 524 722 nihil
551 681 777 722 audierant:
801 682 1011 736 repentina
1037 682 1096 722 vis
1119 681 1350 723 diffatorem
1383 683 1576 727 Caesarem

187 744 452 800 opprefferat3
477 743 647 786 occultae
676 744 820 784 CaIum
845 744 989 785 insidiae
1012 749 1047 784 ²:
1074 759 1156 784 nox
1172 749 1210 786 ὅς
1235 747 1421 800 ignotum
1444 763 1508 789 rus
1534 755 1542 778 ³
1561 780 1574 800 ,

186 806 323 862 fugam
338 809 517 849 Neronis
532 807 843 848 absconderant:
871 808 963 848 Piso
981 813 1020 849 &
1050 808 1181 849 Galba
1197 823 1398 863 tamquam
1423 812 1463 850 in
1488 814 1575 853 acie

187 870 371 912 cecidere
392 876 431 911 4:
457 872 498 911 in
514 871 581 912 sua
599 872 800 912 concione
815 870 1006 913 Vitellius
1020 901 1033 921 ,
1053 873 1157 912 inter
1173 873 1262 913 suos
1277 873 1424 915 milites
1438 904 1451 925 ,
1471 877 1577 931 pros-

185 932 431 989 pe&antibus
445 935 565 975 etiam
578 935 759 985 feminis,
770 949 897 991 pauca
911 938 950 976 ὅ(
959 935 1138 991 praesenti
1152 937 1332 977 maestitiae
1348 953 1577 994 congruen—

185 998 241 1037 tia
255 995 416 1038 locutus
435 1002 467 1038 5:
493 1015 514 1035 «
537 998 693 1039 Cedere
714 998 752 1038 se
768 1000 877 1054 pacis
895 1002 935 1039 ὅ(
950 998 1179 1054 reipublicae
1197 999 1336 1041 causa:
1357 1003 1575 1044 retinerent

182 1062 371 1101 »tantum
387 1063 623 1102 memoriam
638 1062 717 1111 sui,
731 1062 991 1116 fratremque,
1002 1067 1043 1102 ὅ(
1059 1061 1298 1118 conjugem,
1314 1066 1573 1108 &innoxiam

183 1121 434 1164 »liberorum
459 1139 613 1166 aetatem
636 1125 915 1166 miserarentur
938 1143 980 1166 2).
1001 1125 1130 1166 Simul
1154 1126 1279 1166 filium
1302 1129 1544 1183 protendens
1561 1160 1576 1182 ,

181 1187 308 1228 modo
331 1186 518 1242 singulis,
542 1189 666 1230 modo
694 1189 882 1230 univerfis
911 1189 1222 1240 commendans,
1252 1192 1451 1246 postremo
1478 1194 1577 1234 fletu

184 1250 452 1307 praepediente
464 1281 477 1302 ,
498 1252 693 1293 adsistenti
708 1251 865 1293 consuli
883 1251 899 1274 ⁶
916 1256 927 1302 (
944 1251 1129 1293 Caecilius
1145 1253 1326 1309 Simplex
1342 1261 1449 1306 erat)
1465 1257 1577 1298 exso-

183 1313 317 1355 lutum
334 1329 355 1355 a
368 1313 492 1356 latere
509 1317 727 1371 pugionem
744 1345 754 1364 ‚
778 1314 891 1356 velut
905 1314 966 1367 jus
982 1317 1092 1357 necis
1106 1318 1274 1370 vitaeque
1290 1319 1440 1359 civium
1451 1349 1464 1369 ,
1491 1320 1576 1361 red—

182 1376 315 1418 debat.
347 1378 597 1434 Aspernante
621 1377 813 1429 consule,
841 1378 1177 1431 reclamantibus,
1208 1381 1275 1434 qui
1303 1382 1344 1421 in
1373 1384 1574 1424 concione

182 1440 411 1482 adstiterant
422 1471 437 1492 ‚
460 1455 504 1481 ut
520 1443 561 1482 in
578 1442 657 1482 aede
674 1442 914 1483 Concordia:
936 1448 949 1469 ⁷
972 1443 1166 1499 positurus
1183 1444 1350 1499 insignia
1378 1446 1533 1502 imperii
1560 1476 1575 1498 ,

182 1503 428 1558 domumque
442 1504 572 1546 fratris
592 1503 605 1527 8
625 1507 819 1562 petiturus
835 1536 846 1557 ‚
874 1505 1056 1547 discesfit.
1072 1505 1208 1559 Major
1229 1508 1295 1548 hic
1321 1507 1473 1550 clamor
1501 1509 1574 1550 ob-

181 1567 397 1609 sistentium
414 1568 622 1624 penatibus
639 1571 802 1625 privatis
813 1600 826 1620 ‚
848 1587 868 1607 «
884 1570 926 1610 in
942 1568 1134 1626 palatium
1148 1587 1169 1608 ›>
1185 1573 1437 1613 vocantium:
1454 1574 1572 1614 inter-

185 1629 342 1672 clusum
358 1629 466 1672 aliud
482 1633 556 1673 iter
569 1662 582 1683 ,
606 1633 725 1686 idque
743 1632 873 1674 solum
886 1662 899 1683 ‚
926 1633 1033 1687 quod
1049 1635 1090 1673 in
1107 1634 1255 1675 sacram
1272 1636 1378 1676 viam
1393 1641 1409 1665 9
1427 1652 1571 1693 perge-

181 1708 270 1747 ret,
294 1694 475 1752 patebat:
501 1709 587 1736 tum
608 1695 763 1738 consilii
778 1698 921 1753 inops,
946 1697 987 1737 in
1005 1696 1197 1753 palatium
1213 1698 1344 1740 rediit.

225 1793 234 1806 ¹
259 1790 368 1819 Vtun-
382 1799 413 1818 m
435 1799 596 1819 FUNEBREM
611 1790 764 1826 ΡοΜΡΑΜ]
777 1790 855 1819 Lec-

182 1826 246 1858 tica
271 1827 479 1859 efferebantur
510 1828 637 1859 mortui.
674 1829 754 1860 Vide
785 1829 856 1859 Kir-

182 1866 371 1899 chmannum
384 1891 393 1905 ‚
417 1868 455 1898 de
475 1867 635 1899 funeribus
655 1869 786 1899 Roman.
809 1870 855 1906 ΙΙ,

897 1788 983 1828 plum
1006 1788 1039 1819 in
1053 1790 1138 1821 clivo
1166 1790 1352 1829 Capitolino
1368 1815 1375 1826 ‚
1398 1802 1495 1831 prope
1521 1804 1570 1824 ax-

897 1839 967 1858 cum
989 1829 1132 1868 Septimii
1155 1830 1282 1860 Severi:
1309 1831 1504 1871 absumpmm
1525 1833 1572 1863 in-

897 1868 1016 1899 cendiis
1036 1869 1247 1907 Capitolinis,
1262 1870 1434 1901 restitutum
1454 1872 1511 1908 est,
1536 1882 1571 1902 ut

896 1908 1041 1952 testantur
1076 1909 1245 1948 superstites
1273 1910 1414 1949 reliquiae
1443 1912 1477 1942 ὃ(
1506 1911 1567 1942 ins-

896 1956 1031 1987 criptio:

944 2009 1101 2033 SENATVS.
1122 2009 1344 2042 POPVLVSQVE.
1364 2009 1522 2035 ROMANVS

936 2054 1093 2077 1NCEND10
1113 2055 1337 2078 CONSVMPTVM
1356 2054 1530 2078 REsnTvu*

224 1950 235 1964 ²
258 1946 386 1977 INSIDIAE
400 1948 413 1984 ]
428 1947 508 1977 Vide
523 1948 781 1986 Supplementum
791 1949 854 1978 An-

182 1985 244 2017 nal.
267 1987 358 2022 VIII,
374 1988 425 2017 68.

226 2030 236 2051 3
259 2026 406 2056 Iono‘rum
430 2030 515 2061 Rus]
539 2026 600 2056 Rus
623 2026 791 2061 Phaontis,
819 2027 856 2057 li-

183 2063 275 2094 berti.
296 2064 376 2095 Vide
397 2066 652 2104 Supplementum
673 2068 735 2097 An.
760 2068 853 2105 XVI,

184 2105 225 2140 84
241 2104 274 2134 ὅ(
297 2106 346 2134 86.
896 2106 965 2143 Ejus
990 2107 1100 2137 rudera
1129 2106 1200 2137 vide
1222 2107 1303 2145 apud
1333 2107 1383 2137 CI.
1415 2107 1567 2142 Pirancfi„

182 2181 199 2212 s
220 2146 235 2166 4
257 2143 421 2174 Czcmmuz
444 2145 458 2181 ]
484 2145 578 2183 Supra
598 2145 672 2176 Hist.
698 2148 732 2184 1,
751 2156 792 2185 40
819 2146 853 2178 8<

196 2192 211 2212 c
259 2205 266 2211 .

214 2191 435 2260 iqLocurus]
458 2223 482 2252 E
502 2222 623 2267 rostris,
644 2225 677 2254 in
697 2224 768 2256 foro
790 2226 854 2256 Ro-

182 2270 277 2292 mano
292 2284 300 2298 ‚
325 2270 359 2292 ut
379 2269 463 2301 patet
484 2272 521 2292 ex
544 2272 643 2302 capite
662 2275 712 2303 70.

222 2302 235 2320 ⁶
255 2301 394 2332 Consum
411 2303 425 2339 ]
441 2301 573 2332 Consuli
591 2302 728 2334 suffefto.
741 2304 788 2334 De
799 2303 855 2334 hu-

183 2340 229 2377 jus
264 2341 338 2370 anni
372 2341 550 2372 consulibus
580 2343 652 2373 vide
690 2344 788 2374 Notas
820 2342 853 2375 δέ

182 2379 424 2411 Emendationcs
445 2381 482 2410 ad
502 2380 576 2410 Hist.
594 2384 624 2417 1,
645 2393 695 2422 77.

222 2423 234 2445 7
256 2419 289 2450 Iu
320 2431 386 2452 :fine
409 2422 644 2460 Concoimm]
675 2423 744 2453 Hoc
776 2430 854 2453 tem-

896 2146 1039 2174 Antichira
1054 2146 1196 2181 Romane,
1214 2147 1310 2177 Tom.
1335 2148 1359 2177 1.
1379 2157 1447 2187 pag.
1475 2157 1509 2185 33
1534 2148 1567 2179 δε

894 2185 974 2215 Tab.
990 2186 1116 2215 XXXII.

935 2224 946 2244 ³
969 2225 1160 2261 DOMUMQUE
1183 2236 1315 2256 mainus
1332 2226 1444 2263 ]Foro
1460 2226 1567 2255 immi-

894 2272 1022 2294 nentem
1036 2288 1044 2301 ,
1066 2264 1267 2304 vicinamque
1287 2266 1344 2296 aedi
1360 2266 1567 2302 Concordiae,

894 2311 928 2334 ut
950 2314 1027 2334 mox
1045 2304 1222 2335 videbimus
1236 2315 1302 2344 cap.
1316 2316 1366 2343 70.

935 2349 948 2367 9
970 2345 1099 2375 SACRAM
1126 2346 1237 2382 νιΑΜ]
1260 2346 1336 2382 Quae
1350 2345 1388 2374 ab
1406 2344 1469 2374 aede
1483 2345 1570 2373 Con-

896 2384 1011 2414 cordiae
1037 2386 1071 2417 &
1099 2385 1260 2424 Capitolio
1280 2385 1318 2415 ad
1335 2383 1483 2424 palatium
1510 2384 1570 2414 du-

897 2424 997 2455 cebat.

1597 263 1713 278 ξ

1597 291 1628 316 Α.
1640 293 1669 316 U.
1680 293 1710 317 C.

1619 341 1690 369 822.

1621 392 1644 415 J.
1657 393 1688 416 C.

1627 442 1678 475 69.
