2209 3047
338 164 810 209 HISTORIARUM
847 163 1045 205 LIBER
1083 162 1402 218 QUARTUS.
1495 178 1581 218 245

201 262 223 285 »
234 260 386 288 trorum
402 249 525 304 spatia
541 247 800 294 exscidimus,
818 243 883 286 vel
899 244 1009 300 septa
1023 243 1128 283 ferro
1144 244 1327 299 fameque
1344 247 1584 318 premimus.

201 327 223 348 >›
235 311 405 365 denique
425 312 537 352 ausos
557 325 624 351 aut
640 310 801 350 libertas
818 309 1027 362 sequetur,
1047 319 1115 346 aut
1133 308 1224 346 vieti
1241 309 1362 349 iidem
1379 312 1524 352 erimus
1541 329 1582 352 »

200 375 270 414 Sic
290 375 527 424 accensum,
554 373 621 414 sed
647 390 668 410 «
694 371 882 412 molliora
901 370 1045 410 referre
1064 387 1085 406 >›
1108 367 1251 420 juffum
1273 372 1450 414 dimittit.
1474 373 1550 415 Ille
1570 404 1582 425 ,

202 449 247 477 ut
280 438 422 478 inritus
456 437 694 492 legationis,
730 435 873 489 rediit,
899 447 1031 475 cetera
1064 430 1304 475 dissimulans
1322 465 1335 486 ,
1377 452 1459 490 quae
1486 452 1585 479 mox

149 508 174 546 5
203 512 380 555 erupere.

265 562 498 603 XXXIII.
534 562 751 611 C1v1t1s,
779 574 889 616 parte
911 560 1119 616 copiarum
1137 556 1292 601 retentz‘i
1314 566 1324 582 ¹
1341 589 1354 610 ,
1378 576 1585 607 veteranas

203 627 418 675 cohortes,
443 629 482 666 ὅ(
507 625 614 678 quod
643 639 664 664 e
689 625 900 665 Germanis
921 624 1094 665 maxime
1115 637 1373 680 promptum,
1398 626 1583 668 adversus

202 687 405 729 Voculam
427 691 440 708 ²
460 686 762 740 exercitumque
782 685 866 738 ejus
885 688 1033 733 mittit3
1051 686 1162 732 Julio
1178 687 1386 736 Maximo,
1409 692 1449 728 &
1466 689 1584 729 Clau-

199 749 267 790 dio
288 751 476 800 Visiore,
502 749 647 790 sororis
676 749 751 789 suae
784 748 895 799 filio,
931 749 1113 790 ducibus.
1145 751 1326 806 Rapiunt
1357 752 1399 789 in
1424 752 1586 803 transitu

122 822 172 851 10
198 811 364 854 hiberna
387 812 454 854 alae
467 841 481 863 ,
503 812 733 868 Asciburgii
754 817 764 842 ³
789 812 868 853 sita.
890 812 1087 866 Adeoque
1107 813 1310 869 improvisi
1334 814 1454 855 castra
1472 816 1586 855 invo-

196 873 356 927 lavere,
381 890 427 916 ut
450 891 533 917 non
555 874 743 930 adloqui,
763 890 846 916 non
867 875 1040 931 pandere
1062 876 1189 916 aciem
1213 875 1374 918 Vocula
1394 880 1585 933 potuerit.

194 938 243 980 Id
263 937 392 979 solum
405 969 419 990 ,
448 953 493 979 ut
513 940 555 979 in
578 937 781 989 tumultu,
806 940 990 989 monuit,
1018 955 1039 975 «
1064 937 1300 993 subsignano
1320 939 1448 981 milite
1468 946 1485 970 4
1503 957 1583 982 me-

194 1002 293 1043 »dia
311 1002 465 1043 firmare
486 1019 526 1042 »:
555 1001 702 1043 auxilia
726 1001 857 1058 passim
882 1001 1122 1042 circumfusa
1150 1002 1252 1043 sunt.
1281 1002 1412 1057 Eques
1440 1019 1582 1060 proru-

194 1066 280 1120 pit,
305 1065 575 1121 exceptusque
598 1065 827 1121 compositis
847 1065 1018 1105 hostium
1040 1064 1272 1116 ordinibus,
1297 1079 1409 1122 terga
1427 1068 1469 1107 in
1490 1068 1581 1110 suos

116 1133 165 1173 ¹5
194 1128 326 1169 vertit.
351 1128 488 1169 Caedes
510 1129 628 1179 inde,
660 1143 743 1169 non
770 1127 972 1184 proelium.
999 1127 1051 1168 Et
1076 1129 1325 1170 Nerviorum
1350 1131 1540 1172 cohortes
1565 1160 1581 1182 ,

192 1204 305 1232 metu
323 1191 392 1232 seu
413 1190 597 1248 perfidia,
617 1190 740 1232 latera
762 1193 985 1232 nostrorum
1005 1191 1220 1232 nudavere.
1239 1193 1307 1233 Sic
1328 1193 1376 1233 ad
1397 1192 1581 1248 legiones

190 1265 456 1310 perventum:
491 1270 600 1309 quae,
627 1254 766 1296 amiffis
794 1255 936 1310 signis,
966 1255 1069 1295 intra
1097 1252 1251 1294 vallum
1279 1256 1580 1304 sternebantur3

191 1320 284 1358 cum
304 1318 496 1374 repente,
521 1333 631 1358 novo
655 1316 833 1368 auxilio,
863 1317 1025 1358 fortuna
1046 1332 1188 1373 pugnae
1211 1332 1398 1359 mutatur.
1422 1320 1579 1361 Vasco-

190 1395 287 1421 num
316 1384 329 1412 5
357 1380 464 1421 lefitae
490 1396 512 1422 a
539 1378 672 1421 Galba
700 1383 889 1421 cohortes
905 1409 918 1430 ‚
952 1395 999 1421 ac
1023 1393 1111 1420 tum
1135 1382 1271 1422 accitae
1285 1412 1298 1432 ,
1326 1382 1421 1422 dum
1447 1385 1580 1425 castris

105 1450 163 1478 20
189 1444 490 1500 propinquant,
518 1444 656 1485 audito
693 1443 968 1499 proeliantium
998 1442 1201 1494 clamore,
1231 1447 1408 1486 intentos
1448 1448 1583 1487 hostes

190 1522 213 1548 a
231 1520 346 1562 tergo
370 1507 565 1549 invadunt
580 1536 593 1557 ,
615 1506 880 1561 latioremque
896 1536 908 1557 ,
928 1506 1046 1560 quam
1069 1522 1141 1563 pro
1164 1523 1332 1549 numero
1349 1538 1361 1558 ‚
1386 1523 1580 1550 terrorem

187 1570 364 1612 faciunt:
389 1569 476 1611 aliis
499 1586 519 1610 a
547 1570 728 1611 Novefio
753 1569 796 1620 ⁶,
821 1569 906 1611 aliis
932 1585 953 1610 a
982 1571 1254 1625 Mogontiaco
1276 1573 1478 1613 universas
1507 1588 1578 1614 co-

188 1635 272 1690 pias
307 1633 505 1674 advenisse
543 1632 812 1674 credentibus.
837 1634 875 1673 Is
901 1647 1010 1673 error
1036 1634 1232 1675 Romanis
1258 1634 1367 1675 addit
1391 1637 1576 1686 animos,

188 1700 228 1737 ὅ(
255 1696 350 1737 dum
374 1695 513 1738 alienis
545 1695 693 1737 viribus
717 1696 952 1746 confidunt,
977 1696 1062 1737 suas
1092 1711 1293 1753 recepere.
1328 1699 1576 1739 Fortissimus

103 1765 158 1805 25
187 1760 352 1814 quisque
378 1774 399 1800 e
427 1760 612 1809 Batavis,
639 1773 832 1813 quantum
851 1759 1032 1815 peditum
1053 1774 1161 1810 erat,
1183 1760 1425 1801 funduntur:
1454 1777 1574 1816 eques

185 1822 308 1864 evasit
320 1853 333 1873 ,
359 1838 452 1864 cum
474 1823 590 1878 signis
611 1823 857 1878 captivisque
871 1852 884 1872 ,
909 1838 1007 1876 quos
1029 1822 1155 1879 prima
1178 1824 1262 1864 acie
1285 1826 1574 1880 corripuerant.

187 1886 390 1927 Caesorum
416 1902 467 1928 eo
495 1886 585 1936 die,
613 1887 654 1926 in
675 1885 850 1942 partibus
881 1886 1045 1937 nostris,
1069 1884 1196 1938 major
1220 1900 1408 1928 numerus
1437 1892 1475 1929 ὅ(
1500 1890 1575 1928 im-

183 1948 355 1997 bellior;
383 1964 405 1990 e
428 1950 668 2000 Germanis,
693 1950 775 2007 ipsa
795 1948 954 1990 robora.

228 2069 237 2083 ¹
262 2064 439 2103 Rea-eun]
464 2067 505 2096 Ut
520 2068 633 2096 Vetera
658 2064 766 2102 castra,
779 2064 857 2094 San·
937 2070 952 2089 4
972 2066 1167 2096 Sunsmmno
1190 2065 1571 2105 MitlrE]Subfignanum.

185 2112 248 2139 ren,
263 2103 385 2135 obsidio
408 2104 524 2143 semper
544 2112 705 2143 premeret.
898 2104 1033 2135 militem
1060 2105 1110 2135 hic
1134 2105 1280 2144 intelligo
1306 2106 1400 2136 lestos
1421 2116 1437 2136 e
1466 2106 1569 2145 legio-

228 2145 435 2175 ²Auvsnsus
453 2144 638 2180 Vocumm]
659 2143 721 2181 Qui
735 2144 857 2183 Gugcr-
899 2144 1010 2181 nibus,
1032 2144 1086 2184 qui
1110 2145 1277 2175 memorati
1298 2145 1367 2175 sunt
1392 2145 1478 2184 supra
1502 2156 1568 2183 cap.

184 2190 299 2211 norum
317 2192 410 2222 pagos
429 2182 607 2220 infestabat,
630 2191 664 2213 ut
681 2183 796 2213 dietum
817 2182 857 2212 est
899 2194 948 2227 24.
975 2183 1072 2222 Igitur
1096 2183 1128 2213 in
1154 2184 1261 2214 medio
1286 2184 1392 2215 stetere
1422 2185 1569 2223 legiona-

183 2220 271 2259 supra
285 2231 351 2260 cap.
374 2225 423 2252 26.
898 2222 952 2257 rii,
965 2223 1080 2253 auxilia
1101 2223 1203 2261 paffim
1225 2223 1405 2253 circumfusa
1421 2224 1499 2253 sunt.
1521 2224 1569 2253 De

121 2290 126 2295 ,
225 2265 234 2285 ³
261 2262 519 2298 Asclnunc11]1n
537 2262 755 2300 Gugernorum
774 2260 855 2290 civi-
898 2261 1080 2302 subsignano
1102 2262 1203 2292 milite
1226 2262 1342 2293 dichun
1369 2263 1467 2293 adhuc
1493 2262 1568 2293 Hist

184 2306 275 2336 tate,
288 2302 401 2330 Vetera
415 2300 528 2330 castra
520 2309 602 2330 inter
614 2300 647 2331 ὃ(
659 2300 855 2335 Geldubam,
898 2302 928 2338 1,
946 2311 996 2339 70.
1529 2340 1537 2343 -

184 2346 250 2368 etat
275 2338 507 2376 Asciburgium,
530 2350 612 2370 nunc
636 2338 769 2378 Aerg,
794 2342 856 2375 zre's
941 2346 948 2367 5
973 2340 1569 2377 vAsconum]Vascones,nuncl.2Aa-.

182 2375 255 2404 dela
267 2377 329 2406 ville
345 2378 377 2407 de
394 2363 507 2409 Mem-s.
521 2380 608 2411 Plura
621 2378 702 2409 infra
726 2379 763 2408 dc
786 2379 855 2409 Mo·
896 2390 988 2408 zarre.

183 2414 267 2448 ribus
286 2417 505 2450 Gcrman.111.
937 2420 950 2439 ⁶
972 2421 999 2449 A
1020 2420 1173 2455 Novrsro
1190 2422 1204 2458 ]
1225 2420 1318 2452 Nais,
1335 2418 1483 2457 Minu-sce,

1605 261 1720 275 =

1605 295 1720 321 A...UC

1627 345 1698 374 822.

1629 396 1694 420 J..C

1636 445 1690 480 69.
