2209 3047
508 312 537 336 A.
550 313 578 334 U.
591 312 618 334 C.

528 360 598 386 822.

527 409 550 432 J.
561 409 592 431 C.

535 457 587 491 69.

644 197 729 232 240
887 179 934 220 C.
1001 178 1419 221 CORNELII
1483 179 1774 223 TACITI

641 262 825 310 »aciemj
853 274 1053 315 tamquam
1075 277 1096 302 a
1117 262 1390 317 Mogontiaco
1409 258 1590 314 legiones
1610 261 1885 315 sequerentur:
1913 262 2017 313 eius-

640 342 660 360 »
672 325 761 364 dem
777 324 1004 380 proditione
1019 325 1156 375 caesos,
1173 324 1291 364 nullis
1306 323 1674 378 supervenientibus
1689 324 1858 365 auxiliis.
1874 326 2017 379 Ignota

638 389 753 428 »hoec
773 389 914 427 ceteris
935 388 1194 437 exercitibus,
1214 401 1342 440 neque
1365 386 1600 441 Imperatori
1621 388 1692 428 suo
1712 389 1905 437 nuntiari,
1927 391 2018 428 cum

638 451 836 491 »accursu
855 464 917 491 tot
939 452 1234 506 provinciarum
1260 450 1456 503 exstingui
1482 464 1623 505 repens
1650 455 1659 472 ¹
1686 450 1849 506 perfidia
1876 464 2018 506 potue-

636 531 659 551 2)
670 515 720 553 rit
741 531 761 550 ³)
774 545 782 554 .
804 514 1061 554 Hordeonius
1083 512 1325 568 exemplaria
1345 514 1525 552 omnium
1545 512 1769 563 literarum,
1789 512 1929 567 quibus
1949 527 2019 569 per
2073 530 2094 567 ς

640 576 794 617 Gallias
817 577 1141 630 Britanniamque
1165 581 1205 616 ἃ
1224 576 1437 630 Hispanias
1465 575 1612 615 auxilia
1638 576 1799 626 orabat,
1824 577 2019 617 exercitui

639 641 851 686 recitavit3
873 641 1116 692 instituitque
1140 638 1342 694 pessimum
1365 638 1544 688 facinus,
1569 653 1613 679 ut
1634 638 1805 695 epistola:
1826 639 2019 691 Aquilife-

640 704 692 742 ris
714 707 728 723 ²
748 702 953 757 legionum
977 702 1245 751 traderentur,
1266 717 1287 742 a
1309 701 1393 755 quis
1412 702 1503 741 ante
1522 702 1665 752 militi,
1687 701 1803 755 quam
1824 701 1990 742 ducibus
2004 731 2018 751 ‚

640 764 887 820 legebantur.
906 766 1012 804 Tum
1036 779 1057 804 e
1078 765 1265 804 seditiolis
1285 779 1411 804 unum
1431 765 1574 804 vinciri
1599 763 1734 816 jubet,
1760 766 1884 819 magis
1906 764 2018 804 usur-

641 829 761 884 pandi
785 827 878 879 juris
901 833 910 856 ³
932 859 944 878 ‚
975 826 1093 881 quam
1116 829 1207 881 quia
1227 829 1341 867 unius
1363 825 1481 882 culpa
1500 827 1617 868 foret.
1636 828 1854 881 Motusque
1875 826 2017 868 Bonna
2048 844 2099 870 10

641 892 839 931 exercitus
876 892 918 930 in
942 890 1159 931 Coloniam
1182 890 1542 946 Agrippinensem3
1579 890 1842 931 adfluentibus
1863 890 2019 931 auxiliis

643 954 885 1004 Gallorum,
912 955 978 1007 qui
1006 956 1135 1008 primo
1161 968 1244 993 rem
1268 955 1495 994 Romanam
1521 954 1637 993 enixe
1658 952 1860 1005 juvabant.
1887 954 2020 1003 Mox,

642 1016 934 1058 valescentibus
979 1018 1215 1066 Germanis,
1255 1015 1449 1072 pleraeque
1485 1017 1666 1056 civitates
1705 1016 1911 1056 adversum
1949 1031 2021 1056 nos

644 1095 826 1129 armatae,
862 1080 928 1135 spe
954 1077 1172 1126 libertatis;
1209 1083 1276 1129 &,
1302 1079 1327 1117 fi
1351 1078 1545 1119 exuissent
1572 1080 1802 1129 servitium,
1832 1079 2020 1135 cupidine

641 1143 909 1199 imperitandi.
943 1141 1149 1182 Gliscebat
1185 1142 1388 1182 iracundia
1429 1139 1636 1196 legionum
1661 1172 1674 1192 ,
1714 1157 1789 1183 nec
1829 1156 2022 1183 terrorem
2051 1154 2101 1194 15

642 1208 759 1247 unius
790 1205 927 1246 rnssids
961 1204 1124 1245 vincula
1157 1205 1413 1246 indiderant:
1461 1206 1556 1259 quin
1590 1206 1696 1246 ideni
1732 1204 1802 1246 isse
1833 1205 2024 1259 arguebat

642 1268 750 1310 ultro
773 1286 794 1305 «
820 1269 1109 1309 conscientiam
1134 1268 1272 1318 ducis,
1304 1281 1504 1322 tamquam
1534 1270 1695 1309 nuntius
1720 1270 1822 1309 inter
1847 1268 2023 1308 Civilem

641 1331 946 1385 »Flaccumque
960 1361 972 1381 ‚
994 1330 1093 1371 falso
1109 1332 1274 1371 crimine
1287 1361 1298 1380 ,
1315 1332 1418 1372 testis
1433 1332 1515 1371 veri
1530 1333 1820 1387 opprimeretur
1835 1349 1856 1368 »
1868 1363 1876 1372 .
1893 1331 2022 1372 Cons-

642 1395 780 1438 cendit
803 1393 977 1435 tribunal
1002 1392 1187 1444 Vocula,
1214 1393 1312 1433 mira
1337 1393 1579 1443 constantia,
1608 1395 1924 1449 prehensumque
1946 1396 2021 1434 mi-

641 1458 757 1499 litem
783 1474 829 1498 ac
848 1457 1137 1498 vociferantem
1153 1486 1165 1506 ,
1195 1474 1216 1492 «
1237 1457 1329 1497 duci
1352 1456 1398 1497 ad
1421 1455 1661 1512 supplicium
1682 1475 1702 1493 »
1722 1455 1837 1508 juffit.
1855 1456 1907 1497 Et
1925 1457 2019 1497 dum
2046 1468 2105 1495 20

643 1521 740 1562 mali
762 1534 936 1577 pavent,
966 1521 1140 1575 optimus
1165 1519 1327 1573 quisque
1360 1517 1462 1571 juliis
1497 1534 1672 1574 paruere.
1694 1519 1797 1559 Exin
1825 1520 2020 1560 consensu

651 1602 673 1622 «
690 1585 835 1625 ducem
856 1582 1058 1625 Voculam
1082 1600 1102 1619 »
1127 1581 1382 1638 poscentibus
1395 1612 1408 1632 ,
1436 1580 1605 1623 Flaccus
1626 1583 1820 1624 summam
1836 1597 1966 1623 rerum
1984 1584 2022 1624 ei

644 1649 832 1705 pernnfin

706 1711 882 1754 XXVI.
915 1712 1009 1752 SED
1036 1711 1235 1753 discordes
1269 1713 1421 1753 animos
1457 1711 1581 1753 multa
1617 1711 1858 1761 efferabant:
1882 1711 2019 1767 inopia

643 1776 828 1832 stipendii
851 1775 1145 1829 frumentique,
1188 1779 1227 1816 ὅ(
1252 1774 1363 1815 simul
1390 1774 1586 1816 dele8mm
1626 1776 1850 1830 tributaque
1878 1773 2018 1815 Galliae
2047 1785 2069 1809 2
2079 1782 2101 1820 ς

642 1840 916 1894 aspernantes:
943 1839 1137 1888 Rhenus,
1165 1836 1372 1892 incognita
1396 1839 1456 1878 illi
1493 1838 1589 1880 caelo
1617 1839 1817 1889 siccitate,
1849 1839 1918 1877 vix
1952 1853 2020 1878 na-

643 1903 752 1942 vium
776 1903 949 1958 patiens:
975 1903 1066 1942 aresti
1090 1915 1358 1942 commeatus:
1388 1902 1577 1957 disposita:
1611 1917 1680 1957 per
1706 1916 1867 1943 omnem
1895 1902 2022 1955 ripam

641 1966 853 2015 stationes,
881 1979 963 2018 quae
993 1965 1217 2004 Germanos
1240 1964 1343 2004 vado
1371 1978 1570 2005 arcerent:
1597 1964 1813 2019 eademque
1835 1963 1883 2003 de
1905 1961 2024 2003 causa

642 2029 773 2068 minus
794 2028 954 2082 frugum
971 2057 984 2077 ,
1013 2031 1053 2067 ὅ(
1077 2026 1208 2082 plures
1222 2057 1235 2077 ‚
1265 2028 1332 2080 qui
1358 2027 1651 2068 consumerent.
1673 2028 1794 2083 Apud
1816 2028 2022 2082 imperitos

642 2091 818 2147 prodigii
841 2089 935 2131 loco
967 2089 1238 2145 accipiebatur
1266 2090 1347 2145 ipsa
1376 2105 1561 2143 aquarum
1591 2093 1781 2146 penuria,
1820 2103 2020 2143 tamquam
2050 2107 2104 2145 30

644 2169 716 2195 nos
733 2168 866 2194 amnes
884 2169 1041 2207 quoque
1056 2183 1068 2203 ‚
1091 2158 1130 2194 δε
1152 2167 1286 2193 vetera
1304 2154 1460 2208 imperii
1481 2154 1729 2194 munimenta
1742 2184 1754 2203 ‚
1777 2153 2024 2198 desererent:

683 2241 692 2256 ¹
716 2237 858 2270 Rnpzns]
880 2237 936 2266 Pro
959 2246 1070 2273 recetzs;
1091 2243 1124 2265 ut
1143 2235 1218 2273 saepc
1241 2246 1313 2266 mo·
1351 2235 1400 2265 Sic
1433 2236 1607 2274 Spartianus
1640 2236 1670 2264 in
1701 2234 1870 2265 Pescennio
1892 2234 1992 2273 Nigro
2015 2242 2029 2272 ζ

643 2275 779 2306 nuirnus.
1354 2285 1418 2313 cap.
1440 2287 1479 2312 4,
1495 2286 1532 2305 ex
1545 2275 1671 2313 epistola
1689 2275 1732 2303 M.
1747 2274 1900 2304 Antonini
1924 2275 2023 2311 Impe-

685 2318 695 2331 ²
720 2317 921 2350 AQUILIFERIS
937 2315 951 2350 ]
967 2315 1050 2343 Bene
1070 2312 1188 2351 Lipsius
1201 2324 1208 2342 ι
1222 2313 1314 2352 Aqui·
1353 2314 1473 2344 tatoris.
1499 2314 1595 2353 Itaque
1609 2313 1668 2352 mfi
1689 2313 1786 2342 liceras
1805 2312 1962 2342 recitandas
1986 2311 2023 2340 ad

642 2353 740 2383 liferis
761 2353 960 2384 tradebantur
977 2353 1127 2390 epistolae,
1150 2361 1183 2381 ut
1201 2353 1238 2382 ad
1260 2352 1314 2391 fig-
1343 2353 1439 2393 figna.

644 2403 683 2422 na
695 2417 702 2428 ‚
720 2393 752 2422 id
765 2393 805 2423 est
822 2392 853 2421 in
867 2391 1044 2431 principiis,
1060 2392 1097 2421 de
1115 2391 1226 2429 quibus
1246 2392 1313 2421 dic·
1393 2398 1402 2418 3
1426 2394 1608 2422 Usuapfmm
1632 2402 1718 2423 ,iuius
1741 2396 1752 2426 ]
1773 2391 1806 2421 Id
1823 2391 1863 2422 est
1883 2391 2024 2429 usurpan-

641 2439 709 2464 tum
722 2431 834 2463 Annal.
859 2433 888 2470 1,
904 2435 954 2462 61.
973 2439 1041 2462 not.
1066 2443 1104 2470 4,
1124 2431 1312 2469 legerentur.
1354 2430 1386 2461 di
1402 2431 1475 2470 juris
1491 2431 1533 2462 sui
1557 2431 1651 2463 causa.

1917 2471 2025 2528 quod
