2209 3047
298 169 769 216 HISTORIARUM
806 167 1004 211 LIBER
1044 166 1363 225 QUARTUS.

1446 185 1534 222 237

150 251 231 308 iam
246 255 443 295 exercitus
464 254 601 295 du&or
614 284 626 305 ,
648 253 715 294 sed
731 250 883 294 consilii
900 248 1130 304 ambiguus,
1152 255 1191 291 ὅς
1210 253 1289 292 vim
1306 254 1534 293 Romanam

150 331 360 373 reputans,
382 319 544 358 cunfilos
560 319 626 371 qui
642 316 824 366 aderant,
845 316 885 354 in
900 311 1020 353 verba
1035 313 1263 368 Vespasiani
1280 316 1424 370 adigit:
1446 318 1534 357 mit-

149 382 278 434 titque
294 380 449 435 legatos
464 380 512 420 ad
526 380 620 420 duas
635 379 818 434 legiones
831 408 843 428 ‚
864 391 968 431 quae,
990 376 1119 431 priore
1136 377 1221 416 acie
1237 377 1376 431 pulses,

1397 381 1439 418 in
1455 380 1533 420 Ve-

148 456 233 484 tera
249 444 370 484 castra
387 443 660 484 concesserant
677 448 685 463 ¹
698 471 711 492 ,
727 459 747 477 «
761 455 805 481 ut
819 441 925 481 idem
940 440 1230 479 sacramentum
1243 443 1473 496 acciperent
1490 460 1510 479 »
1523 474 1532 484 ,

99 522 124 561 5
149 506 349 547 Redditur
376 505 605 562 responsum
618 535 631 555 ,
660 522 682 540 «
709 519 836 557 neque
870 503 1084 559 proditoris
1098 531 1111 551 ‚
1137 517 1266 555 neque
1296 505 1465 544 hostium
1494 505 1534 547 se

98 565 100 567 '
149 585 172 606 2)
184 569 356 610 consiliis
379 570 449 609 uti.
467 568 553 608 Effe
569 567 637 608 fibi
653 566 866 609 Vitellium
884 567 1110 621 Principem
1124 594 1138 615 ,
1163 579 1235 620 pro
1256 580 1335 619 quo
1352 567 1469 607 fidem
1493 574 1533 609 ὅ(

147 648 171 669 >›
182 647 288 673 arma
307 632 429 686 usque
444 632 493 672 ad
509 631 736 687 supremum
752 629 932 685 spiritum
948 641 1172 669 retenturos
1189 645 1196 667 :
1222 629 1391 684 proinde
1408 632 1534 684 perfu-

149 711 171 732 2>
181 710 231 750 ga
246 696 418 736 Batavus
435 693 625 734 arbitrum
638 707 770 733 rerum
786 693 1062 733 Romanarum
1079 705 1128 731 ne
1146 705 1281 745 ageret
1294 721 1306 741 ,
1332 692 1399 732 sed
1415 696 1534 733 meri-

147 771 238 798 >›tas
254 756 413 798 sceleris
428 771 566 812 poenas
581 757 823 812 exspec’taret
838 773 859 792 »
871 786 880 795 .
897 757 997 809 Quae
1014 753 1082 794 ubi
1096 753 1218 795 relata
1234 753 1380 805 Civili,
1396 757 1535 797 incen-

73 831 88 858 1
99 832 123 858 o
148 820 210 861 sus
227 818 302 871 ira,
318 820 542 860 universam
557 820 799 861 Batavorum
816 831 978 873 gentem
992 819 1033 856 in
1049 832 1155 864 arma
1170 819 1285 874 rapit.
1304 820 1535 874 Junguntur

146 883 326 925 Brutteri
340 884 606 938 Tencterique
626 887 639 904 ²
653 912 667 936 ‚
694 886 734 923 δε
755 883 887 924 excita
902 881 1052 922 nuntiis
1068 881 1285 923 Germania
1309 887 1318 910 ³
1335 912 1349 934 ,
1374 883 1421 924 ad
1438 898 1534 940 prae-

149 946 240 988 dam
265 947 504 1000 famamque.

211 1011 368 1051 XXII.
403 1011 669 1050 ADVERSUS
695 1012 764 1051 has
792 1008 889 1051 belli
917 1010 1194 1050 concurrentis
1220 1010 1373 1061 minas,
1410 1008 1534 1066 legati

146 1071 357 1128 legionum
371 1103 384 1123 ,
408 1074 631 1114 Mummius
654 1074 860 1130 Lupercus
875 1103 888 1124 ‚
915 1076 955 1113 ὅ(
976 1073 1180 1114 Numisius
1199 1073 1329 1114 Rufus
1345 1104 1357 1123 ,
1382 1074 1534 1116 vallum

71 1146 120 1186 15
146 1137 360 1191 murosque
375 1136 603 1178 firmabant:
627 1136 811 1178 subversa
825 1136 955 1191 longae
973 1137 1081 1192 pacis
1097 1150 1216 1192 opera
1230 1166 1242 1187 ,
1270 1137 1375 1177 haud
1390 1137 1534 1193 procul

147 1201 279 1240 castris
296 1201 337 1240 in
352 1201 517 1241 modum
533 1201 744 1256 municipii
758 1206 776 1229 4
791 1201 980 1240 exstruCta
993 1229 1007 1250 ,
1030 1214 1079 1239 ne
1096 1199 1270 1240 hostibus
1285 1201 1371 1240 usui
1386 1201 1532 1243 forent.

145 1263 225 1304 Sed
240 1278 378 1319 parum
395 1263 599 1319 provisum
612 1293 626 1314 ,
641 1265 681 1303 ni
709 1265 832 1319 copiae
852 1269 864 1295 5
883 1265 923 1304 in
938 1263 1059 1304 castra
1079 1264 1423 1304 conveherentur:
1449 1266 1535 1321 rapi

144 1327 371 1382 permisere.
387 1327 448 1367 Ita
465 1328 601 1383 paucis
619 1326 756 1367 diebus
773 1337 842 1382 per
857 1325 1061 1367 licentiam
1078 1325 1285 1381 absumpta
1308 1326 1399 1367 sunt
1411 1356 1424 1378 ,
1451 1343 1535 1381 quae

142 1389 328 1430 adversus
342 1390 587 1430 necestitates
604 1391 644 1429 in
660 1389 829 1444 longum
845 1389 1097 1429 suffecissent.
1114 1388 1256 1430 Civilis
1273 1390 1449 1431 medium
1464 1406 1535 1446 ag-

61 1465 118 1494 20
144 1467 238 1493 men
254 1468 345 1494 cum
359 1452 504 1494 robore
512 1454 755 1494 Batavorum
770 1452 955 1494 obtinens
965 1482 977 1502 ,
987 1466 1195 1507 utramque
1205 1453 1341 1493 Rheni
1354 1455 1480 1509 ripam
1494 1453 1534 1506 ⁶,

143 1519 224 1572 quo
245 1515 512 1558 truculentior
541 1517 627 1559 visu
643 1516 773 1567 foret,
804 1518 1102 1558 Germanorum
1130 1517 1298 1557 catervis
1324 1516 1533 1573 complet,

185 1640 466 1670 'Coucnssmwmr
487 1641 500 1677 ]
524 1640 564 1670 Ut
586 1638 701 1670 diftum
730 1638 818 1678 supra

143 1688 212 1734 cap.
231 1681 275 1708 18.

185 1718 379 1748 2Βιακῑτιειυ
402 1719 659 1755 ΤεΝετεκῐρυΕ]
689 1716 817 1753 Vicini,

145 1756 287 1796 sociique
317 1758 496 1794 bellorum,
520 1758 557 1788 de
585 1757 697 1796 quibus
730 1756 818 1795 supra

143 1798 258 1827 Annal.
276 1798 368 1830 Xlll,

185 1841 195 1862 3
219 1801 431 1874 GERMAniA56]
435 1820 620 1867 Germania
651 1833 817 1865 Transrhe-

145 1885 236 1906 nana.

183 1919 198 1938 ⁴
219 1916 252 1944 Iu
275 1926 395 1946 monum
420 1916 605 1952 mumcwn]
632 1915 713 1944 Ante
727 1913 817 1943 castra

145 1963 233 1985 erant
247 1954 434 1999 procestria,
465 1963 499 1985 ut
527 1954 634 1984 videre
668 1953 708 1983 est
736 1963 772 1991 ap
777 1953 816 1982 ud

145 1994 269 2024 Festum
289 1994 322 2024 in
335 2004 415 2024 voce
434 1993 589 2032 procestria.
603 1992 652 2022 lbi
668 2002 734 2022 non
747 2002 818 2036 mo-

145 2033 188 2063 ὀὸ
210 2033 353 2070 calones,
371 2033 463 2068 lixae,
483 2034 605 2072 aliaque
618 2031 739 2062 militiae
760 2031 815 2061 mi

146 2071 288 2109 nisteria‚
307 2057 358 2103 sed
378 2073 412 2104 &
426 2081 634 2108 mercatoreS,
647 2072 681 2102 &
698 2070 751 2110 qui
768 2071 817 2101 so-

146 2110 269 2142 cietatis
289 2121 322 2141 ac
341 2112 573 2151 tranquillitatis
595 2110 682 2142 causa
704 2111 763 2140 huc
788 2110 816 2140 se

144 2150 362 2181 conferebant.
376 2152 471 2187 Inde,
492 2150 587 2195 longa
609 2160 702 2189 pace,
716 2149 815 2179 aedifi-

145 2190 194 2220 cia
218 2190 249 2219 in
271 2190 401 2220 modum
423 2200 587 2229 municipii
604 2197 815 2220 excreverant.

144 2231 212 2259 Jam
222 2229 357 2259 vidimus
370 2229 455 2268 supra
473 2240 540 2268 cap.
558 2238 603 2268 15·
621 2228 743 2264 Direpta
763 2229 817 2266 cas-

144 2276 210 2298 tra:
223 2267 284 2297 dein
296 2268 420 2307 rugos&
434 2269 512 2305 pacis
529 2279 568 2296 mo
556 2268 603 2296 odo
615 2267 710 2306 effufhs
722 2267 815 2305 lixas,

135 2307 374 2348 'negotiatoresque
390 2307 528 2337 Romanos
539 2306 685 2337 invadunt.

187 2352 195 2374 ἱ
220 2347 261 2377 Νι
285 2359 383 2378 copim
398 2352 407 2379 l
435 2349 543 2378 Parum
565 2346 723 2385 provisum
751 2354 815 2377 crat

144 2385 320 2423 securitati,
342 2386 489 2417 subversis
517 2386 708 2425 proceffliis,
730 2386 761 2416 ni
782 2386 815 2415 si-

144 2425 210 2457 rnul
241 2425 360 2466 copiae,
388 2425 421 2457 id
445 2427 486 2458 est
515 2426 631 2459 cibaria
656 2426 814 2466 ceterique

860 1645 1073 1675 commeatus,
1096 1637 1130 1667 in
1154 1637 1246 1668 castra
1269 1637 1534 1669 conveherentur.

859 1679 979 1708 Contra
997 1688 1045 1708 eas
1072 1677 1135 1715 rapi
1159 1677 1345 1716 permisere3
1369 1678 1403 1708 &
1429 1677 1533 1716 paucis

858 1717 967 1747 diebus
990 1727 1043 1756 per
1057 1717 1218 1747 licentiam
1240 1717 1406 1755 absumptae
1423 1718 1504 1747 sunt.

895 1758 908 1775 ⁶
931 1759 1113 1791 UTRAMQUF,
1136 1757 1237 1786 Rasin
1261 1758 1392 1793 mmm]
1416 1756 1533 1795 Opina-

857 1804 905 1826 tur
925 1795 1044 1834 Lipsius
1067 1796 1119 1825 vel
1141 1795 1354 1825 omittendum
1374 1806 1532 1833 utrumme

858 1835 907 1865 vel
921 1835 1152 1866 emendandum
1168 1835 1319 1873 ωνὶιημιε,
1340 1835 1382 1865 ita
1404 1844 1436 1865 ur
1457 1835 1532 1865 hos-

857 1883 900 1905 tes
926 1885 991 1905 non
1011 1883 1172 1913 utramque
1195 1874 1295 1905 Rheni
1321 1874 1417 1912 ripam
1447 1874 1530 1904 obti-

857 1914 999 1951 nuerint,
1018 1914 1068 1944 sed
1085 1914 1169 1952 supra
1183 1913 1325 1952 infraque
1343 1914 1433 1943 castra
1448 1913 1532 1943 mili-

857 1962 919 1984 tem
950 1953 1127 1984 locaverint
1155 1953 1193 1982 ad
1217 1953 1405 1983 obscsloxum
1429 1960 1532 1983 terro-

856 2003 930 2024 rem.
952 1995 992 2023 At
1024 1993 1096 2023 libri
1123 2002 1231 2022 omnes
1262 1992 1363 2031 scripti
1394 1993 1427 2022 &c
1453 1993 1531 2023 editi

856 2041 963 2072 praeter
981 2032 1035 2062 Ms.
1059 2032 1138 2061 Bud.
1160 2031 1276 2063 habent
1295 2041 1450 2069 mistamque
1469 2032 1487 2060 i
1481 2032 1532 2071 gi-

856 2080 905 2103 tur
925 2082 989 2102 vox
1007 2071 1182 2102 retinenda.
1209 2072 1276 2102 Nec
1300 2057 1533 2102 emendandum

856 2111 1005 2149 unimyue,
1029 2111 1060 2140 id
1088 2111 1128 2141 cst
1150 2111 1236 2149 supra
1263 2111 1296 2141 ὅ(
1318 2110 1397 2140 infra
1421 2111 1532 2149 castr;a

856 2153 926 2181 clun
950 2161 1015 2181 non
1033 2150 1191 2188 utrimque
1208 2152 1330 2180 tantum
1347 2149 1438 2180 castra
1460 2161 1532 2188 pre-

856 2200 941 2220 merc
968 2189 1105 2227 potuerit
1134 2189 1264 2225 Civilis,
1293 2189 1344 2219 sed
1366 2198 1530 2228 utramque

856 2229 950 2260 ctiam
969 2229 1069 2259 Rheni
1088 2228 1185 2265 ripam
1201 2229 1364 2264 obtinere,
1386 2228 1531 2259 sinistram

857 2279 927 2299 cum
944 2268 1001 2298 suis
1017 2268 1138 2298 Batavis
1152 2292 1160 2305 ,
1184 2268 1217 2299 ὃ(
1236 2278 1302 2307 quae
1326 2268 1530 2305 accesserant,

855 2307 1001 2342 auxiliis,
1025 2308 1166 2338 dextram
1191 2318 1261 2337 curn
1287 2307 1529 2337 adventantibus

857 2347 1029 2378 Germanis.
1046 2347 1094 2377 Sic
1111 2346 1195 2377 enim
1212 2347 1278 2376 visu
1301 2345 1530 2382 truculentior,

856 2388 889 2418 δε
909 2387 1110 2417 abundabant
1143 2394 1348 2417 commeatus.
1380 2385 1531 2417 Romanis

856 2427 932 2459 vcro
960 2426 1022 2466 spes
1043 2425 1146 2458 omnis
1166 2425 1341 2457 interclusa.

1556 301 1588 325 A.
1597 302 1626 325 U.
1639 302 1669 326 C.

1577 350 1649 378 822.

1578 401 1602 424 J.
1619 401 1650 425 C.

1588 450 1639 484 69.
