2209 3047
569 238 654 287 582
751 227 972 270 NOTAE
1020 225 1106 267 ET
1152 222 1743 269 EMENDATIONES

566 311 688 346 aciem;
715 306 748 339 ὃς
771 304 821 340 ita
843 311 987 338 vertunt
1010 300 1141 350 optimi
1165 302 1386 350 interpretes,
1411 300 1470 337 Sic
1496 314 1642 353 quoque
1662 303 1840 341 volebant
1864 306 1952 356 Lip-

565 357 652 398 sius,
685 353 839 390 Huetius
856 380 864 395 ‚
892 351 1024 401 aliique
1048 352 1204 400 plurimi.
1229 351 1413 387 Tentabat
1441 364 1586 401 quoque
1610 352 1745 402 Lipsius
1760 381 1768 395 ‚
1788 354 1952 402 filenter:

563 406 722 441 Muretus
739 429 747 445 ,
763 404 918 452 filentio;
948 401 1050 451 quod
1070 402 1203 452 probat
1226 400 1283 436 Cl.
1313 400 1488 438 Ernestus.
1510 402 1689 447 Pichena,
1710 405 1811 451 filens
1835 405 1954 453 instru-

563 467 616 490 xll
640 467 749 489 actem.

615 503 723 539 Dina
752 513 879 538 omuA
909 512 1119 538 onvERsAssi
1145 503 1164 546 ]
1191 501 1276 535 Dira
1299 504 1405 536 omnia
1426 500 1562 538 habent
1587 501 1663 538 Mff.
1689 502 1807 539 Vatic.
1837 505 1954 552 1863.-

563 554 667 591 Harl.
688 551 755 589 Jes.
773 551 895 589 Guelf.
913 550 1109 588 Beroaldus
1124 577 1132 592 ,
1149 548 1312 586 Ernestus
1333 553 1367 586 &
1385 552 1629 588 Recentiores.
1648 552 1723 587 Mff.
1743 552 1840 589 Flor.
1861 555 1950 604 Reg.

562 607 595 640 ὃ(
619 602 857 646 Puteolanus,
885 603 955 637 dira
980 607 1042 636 oia.
1068 599 1142 636 Mff.
1167 599 1283 636 Varie.
1314 603 1425 649 1958.
1449 601 1556 637 Bodl.
1584 604 1673 650 Agr.
1705 602 1820 639 editio
1849 603 1953 651 prin-

560 665 668 701 ceps,
698 652 854 688 Pichena
891 655 922 686 Sc
949 649 1133 698 Ryckius,
1173 649 1245 684 dira
1280 654 1397 686 omina.
1429 650 1527 687 Male
1561 651 1639 686 Mff.
1676 651 1793 688 vatic.
1838 654 1949 701 1863.

559 704 650 752 Reg.
675 706 709 739 ἃς
747 701 860 739 editio
886 700 1073 749 princeps,
1106 698 1277 744 obfirmari.
1318 699 1416 736 Bene
1442 700 1510 736 Ms.
1541 701 1658 737 Vatic.
1698 704 1811 750 1958.
1844 702 1951 739 Harl.

560 752 669 789 Bodl.
693 752 759 790 Jes.
783 750 997 787 Puteolanus
1024 752 1057 785 ὅ(
1082 748 1340 793 Recentiores,
1372 751 1543 795 obversari.

616 802 726 839 SUAM
755 812 855 836 1LLIC
884 810 1098 835 wcrorumr
1124 802 1141 844 ]
1172 799 1270 834 Bene
1287 799 1362 834 Mis.
1381 798 1484 835 Harl.
1502 799 1610 836 Bodl.
1638 799 1704 836 Jes.
1731 800 1952 839 Puteolanus

560 855 596 889 ὃς
617 851 857 888 Recentiores.
876 849 973 885 Male
996 847 1061 884 Ms.
1084 848 1201 884 vatic.
1230 849 1341 898 1863.
1368 851 1402 885 &
1424 849 1539 885 editio
1562 850 1861 898 princeps,suam
1880 854 1950 887 illic

561 906 740 938 materiam.
768 899 836 935 Ms.
873 900 962 949 Reg.
993 899 1089 946 suam
1115 901 1286 934 materiam
1314 900 1395 935 illic.
1420 898 1511 936 Inde
1535 899 1699 936 tentabat
1728 901 1916 937 Acidalius
1939 928 1951 946 ,

552 954 647 1002 Jiaeam
673 953 742 985 illic
766 952 953 985 avaritiam.

609 1001 756 1037 Pssffim
786 1011 916 1036 naxus
941 1002 958 1044 ]
987 998 1085 1034 Male
1112 997 1189 1033 Mff.
1213 998 1317 1035 Harl.
1340 998 1407 1036 Jes.
1425 999 1567 1046 praedam
1596 1013 1720 1036 manus.

612 1051 777 1087 PRovrsA
805 1053 823 1095 ]
848 1049 902 1085 Ita
925 1048 991 1085 Ms.
1017 1051 1107 1098 Agr.
1127 1048 1186 1084 Sic
1212 1061 1358 1098 quoque
1378 1049 1547 1098 placebat
1570 1049 1742 1097 Ryckio,
1774 1060 1879 1099 atque
1901 1050 1951 1086 ita

561 1100 675 1138 edidit
701 1100 757 1137 Cl.
783 1099 1003 1135 Lallemand.
1030 1099 1095 1134 Ms.
1120 1097 1212 1134 Bud.
1232 1100 1380 1145 praevifiz.
1415 1099 1482 1135 Ms.
1515 1098 1611 1134 Flor.
1636 1102 1670 1135 δε
1707 1099 1821 1135 editio
1852 1100 1954 1148 prin-

561 1164 665 1199 ceps,
691 1150 833 1197 praevift.
861 1150 926 1184 Ms.
953 1148 1040 1199 Reg.
1062 1148 1207 1196 pervzffiz.
1231 1148 1311 1185 ΜΠ.
1332 1148 1435 1186 Harl.
1458 1147 1568 1185 Bodl.
1592 1147 1658 1185 Jes.
1683 1152 1716 1185 ὅ(
1738 1149 1953 1194 Rhenanus,

555 1200 740 1248 prozidiffe.
764 1198 982 1236 Puteolanus
998 1226 1006 1240 ,
1037 1199 1227 1247 praevidiſjk.

611 1249 804 1286 Hosrfflus
832 1261 972 1285 xoxms
999 1253 1016 1296 ]
1040 1248 1138 1285 Bene
1154 1247 1372 1284 Puteolanus
1395 1252 1430 1285 ὃς
1448 1248 1691 1286 Recentiores.
1711 1248 1790 1286 Nec
1812 1248 1953 1285 variant

559 1300 637 1336 ΜΠ.
667 1299 768 1336 Harl.
793 1299 901 1335 Bodl.
923 1299 989 1336 Jes.
1008 1300 1051 1334 In
1075 1298 1152 1334 Mff.
1172 1299 1262 1347 Reg.
1290 1299 1374 1348 Agr.
1403 1302 1437 1335 &
1459 1299 1623 1335 editione
1646 1298 1810 1347 principe
1825 1327 1833 1342 ‚
1859 1299 1955 1345 hosti-

560 1351 616 1385 bus
640 1350 768 1434 rsnedias.
795 1349 911 1404 Quod
932 1349 1110 1386 immerito
1134 1347 1266 1398 probat
1286 1347 1447 1398 Ryckius
1461 1377 1472 1393 ,
1499 1349 1585 1385 licet
1605 1348 1708 1398 palus
1732 1349 1839 1386 fuerit
1861 1349 1954 1385 inter

560 1411 637 1435 utra
680 1413 724 1435 ue
755 1411 858 1434 acles.

610 1414 709 1485 hilis
737 1461 809 1484 mos
838 1451 855 1493 ]
882 1447 948 1483 ΜΓ.
973 1446 1077 1483 Harl.
1104 1446 1165 1482 sed
1185 1446 1340 1483 secunda
1361 1448 1501 1483 tantum
1526 1460 1634 1483 manu
1650 1475 1658 1490 ,
1688 1449 1755 1482 illis
1782 1461 1846 1482 mos
1870 1446 1924 1494 est.

609 1501 703 1534 AUT
733 1508 1051 1533 GLoruosissmtJM
1080 1507 1199 1531 iNTER
1226 1508 1398 1531 MAJOREs
1425 1500 1442 1541 ]
1465 1497 1600 1533 Vivide
1621 1497 1849 1545 breviterque
1873 1497 1949 1532 dic-

558 1557 646 1584 tum.
663 1547 749 1583 Dies
764 1546 860 1583 enim
874 1546 935 1582 ille
958 1544 1018 1581 vel
1034 1545 1157 1580 omnia
1171 1547 1346 1591 majorum
1361 1545 1524 1581 facinora
1539 1557 1614 1582 erat
1629 1546 1852 1593 superaturus
1864 1574 1872 1588 ‚
1892 1545 1953 1581 vel

560 1597 823 1648 ignominiosus
845 1595 942 1646 apud
963 1594 1126 1644 posteros
1148 1594 1297 1631 futurus.
1336 1595 1519 1645 Corrupte
1555 1595 1621 1631 Ms.
1652 1594 1738 1644 Reg.
1774 1597 1807 1631 δε
1837 1595 1953 1632 editio

559 1648 726 1697 princeps
741 1675 750 1689 ,
778 1648 871 1682 illum
896 1647 976 1682 diem
1000 1646 1074 1680 divo
1096 1645 1362 1692 gloriqfiffimum.
1388 1646 1455 1681 Ms.
1479 1645 1598 1682 Guelf.
1622 1647 1806 1692 gloriosum.

611 1698 836 1733 ELICERENT
864 1700 882 1742 ]
908 1695 1006 1732 Bene
1032 1694 1109 1731 Mff.
1135 1695 1234 1731 Flor.
1260 1695 1347 1745 Reg.
1374 1695 1465 1731 Bud.
1486 1696 1589 1732 Harl.
1613 1694 1720 1731 Bodl.
1742 1694 1808 1731 Jes.
1829 1692 1951 1730 Guelf.

559 1747 672 1784 editio
699 1747 865 1795 princeps
881 1775 891 1790 ‚
918 1745 1111 1782 Rhenanus
1137 1748 1170 1781 δε
1192 1744 1441 1784 Recentiores.
1459 1745 1559 1783 Male
1582 1744 1824 1789 Puteolanus,
1851 1744 1956 1781 elude-

558 1810 638 1834 rent.
666 1797 790 1834 Mallet
812 1795 986 1846 Ryckius,
1014 1797 1191 1832 inlicerent.

615 1898 719 1934 CAP.
751 1897 888 1934 XVIII.
909 1897 1174 1934 numism
1202 1907 1496 1937 LABANTEMQUE
1516 1898 1533 1940 ]
1553 1894 1610 1931 Ita
1627 1894 1705 1931 ΜΠ.
1725 1894 1843 1930 Varie.
1863 1893 1951 1943 Reg.

558 1947 671 1986 editio
696 1948 861 1997 princeps
885 1950 918 1983 &
941 1947 1169 1984 recentiores.
1195 1945 1270 1981 Mff.
1299 1945 1402 1980 Harl.
1430 1944 1536 1980 Bodl.
1565 1944 1631 1981 Jes.
1658 1948 1691 1980 ὃς
1713 1944 1957 1984 Puteolanus,

551 2000 809 2048 fluitantemque.
830 1997 993 2034 Omisere
1009 2025 1018 2040 ‚
1035 1998 1219 2043 labantem.
1237 1995 1413 2030 Additum
1431 1994 1479 2031 est
1503 1995 1541 2030 in
1564 1996 1725 2043 margine
1742 1994 1809 2029 Ms.
1830 1992 1951 2030 Guelf.

612 2047 880 2084 TRANATAVIT
909 2051 926 2094 ]
954 2047 1053 2084 Bene
1078 2046 1153 2082 Mff.
1181 2045 1280 2081 Flor.
1306 2045 1393 2094 Agr.
1419 2046 1495 2080 Jac.
1521 2044 1734 2091 Gronovius
1757 2048 1791 2079 &
1815 2045 1954 2079 Recen-

560 2097 680 2134 tiores.
698 2099 741 2133 In
762 2098 825 2134 Ms.
843 2099 931 2147 Reg.
957 2100 991 2133 &
1016 2096 1178 2134 editione
1203 2094 1370 2145 principe
1384 2122 1395 2138 ,
1427 2098 1602 2130 renatavit.
1621 2094 1700 2130 Mff.
1719 2093 1822 2130 Harl.
1842 2092 1952 2130 Bodl.

563 2147 629 2185 Jes.
653 2150 686 2183 δε
706 2147 923 2184 Puteolanus
938 2175 947 2190 ‚
976 2148 1205 2194 transnatavit.

614 2196 799 2233 Panum-31
827 2209 1023 2240 AEQUATUR
1051 2201 1068 2242 ]
1097 2197 1153 2232 Ita
1168 2194 1245 2231 Mff.
1262 2194 1380 2230 Vatic.
1406 2195 1501 2242 1863
1525 2197 1559 2230 &
1590 2195 1702 2242 1958.
1730 2192 1828 2228 Flor.
1859 2193 1950 2241 Reg.

564 2247 668 2283 Harl.
695 2247 802 2283 Bodl.
825 2247 890 2284 Jes.
904 2247 994 2282 Bud.
1015 2246 1136 2283 Guelf.
1163 2245 1279 2282 editio
1301 2245 1492 2295 princeps,
1523 2243 1686 2281 Ernestus
1701 2246 1734 2280 &
1752 2242 1954 2279 Recentio-

566 2303 630 2334 fes.
650 2296 866 2333 Puteolanus
882 2325 890 2339 ,
906 2299 1054 2343 proelium
1067 2308 1264 2345 exaequatur.

614 2345 741 2382 INTER
767 2351 884 2392 QUAE]
914 2346 981 2382 Ms.
997 2346 1085 2395 Reg.
1098 2349 1130 2381 δε
1145 2345 1260 2382 editio
1280 2344 1448 2394 princeps
1463 2372 1472 2387 ‚
1509 2346 1641 2380 interea.

617 2395 810 2432 ExTREMo
831 2399 1021 2441 PALunis]
1052 2395 1118 2431 ΜΓ.
1136 2394 1222 2443 Reg.
1243 2408 1419 2430 extremum
1441 2395 1584 2440 paludis.

615 2445 795 2483 Somnum
819 2449 933 2492 mna]
964 2445 1018 2482 Ita
1033 2445 1110 2481 ΜΠ.
1127 2444 1247 2481 Vatic.
1263 2445 1357 2493 1863
1374 2447 1408 2482 &
1427 2447 1538 2494 1958.
1559 2443 1647 2493 Reg.
1677 2446 1711 2480 &
1728 2440 1813 2478 libri
1829 2452 1955 2478 omnes
