2230 3047
340 172 818 217 HISTORIARUM
853 170 1049 213 LIBER
1088 158 1377 215 TERTIUS.

1482 188 1563 224 179

244 256 526 298 XXXVIII.
560 257 713 297 NOTA
745 268 814 310 per
841 267 909 294 eos
937 252 1020 293 dies
1047 254 1157 297 Junii
1182 254 1292 294 Blaefi
1316 261 1325 277 ¹
1358 271 1492 306 mors,
1524 261 1565 298 ὅ(

183 320 333 362 famosa
349 321 424 361 fuit
438 335 449 367 ;
465 321 514 361 de
536 321 610 374 qua
629 320 678 360 lic
699 318 942 373 accepimus.
959 317 1086 357 Gravi
1102 321 1281 372 corporis
1302 319 1444 360 morbo
1462 336 1564 376 aeger

831 385 845 401 2

183 384 401 434 Vitellius,
422 383 654 425 Servilianis
676 383 802 422 hortis

1585 271 1701 287 π

1587 308 1617 332 Α.
1629 307 1699 330 U.C.

1606 358 1678 386 822.

854 411 867 431 ,
901 382 1068 430 turrim,
1096 381 1234 421 vicino
1263 382 1398 433 litam,
1431 384 1563 425 collu-
1613 408 1679 432 10,

184 462 275 489 cere
306 463 376 504 per
408 451 567 488 noelem
596 445 743 487 crebris
768 444 987 485 luminibus
1015 444 1308 485 animadvertit.
1334 447 1566 490 Sciscitanti
1617 461 1669 494 69.

130 518 156 562 '5
185 511 367 562 causam,
397 528 419 548 «
443 511 548 567 apud
571 509 774 551 Caecinam
799 509 979 549 Tuscum
1006 513 1015 536 ³
1045 506 1199 564 epulari
1225 508 1566 567 multos‚„praeci-

182 590 340 631 »puum
359 577 515 615 honore
536 574 702 618 Junium
723 571 891 612 Blaesum
906 590 926 609 »
961 573 1187 613 nuntiatur:
1208 585 1341 613 cetera
1358 574 1401 612 in
1419 575 1566 628 majus,

182 637 233 679 de
268 655 289 675 «
304 651 518 694 apparatu,
537 641 578 678 ὅ(
605 636 744 677 solutis
759 637 800 676 in
819 635 1024 677 lasciviam
1046 636 1186 677 animis
1210 653 1250 675 »z
1276 650 1352 677 nec
1376 637 1535 680 defuere
1550 669 1564 690 ‚

181 702 251 755 qui
265 702 395 757 ipsum
421 701 600 742 Tuscum
615 730 628 750 ,
648 703 689 740 ὃς
706 699 805 740 alios
819 729 831 749 ‚
857 699 925 740 sed
947 699 1192 740 criminosius
1220 698 1389 740 Blaesum
1416 702 1566 743 incusa-

180 776 272 804 rent
283 793 297 814 ,
333 781 355 800 «
371 764 478 818 quod
492 794 505 814 ‚
529 778 633 819 aegro
653 764 839 818 Principe
853 792 866 813 ,

95 841 157 871 -ιο
182 841 313 868 ratum
337 826 551 870 Vitellium
566 858 580 878 ‚
603 832 642 868 ὃς
670 827 779 883 posse
808 826 977 866 Blaesum
1001 828 1200 883 perverti,
1227 827 1318 868 satis
1338 829 1467 883 patuit
1494 829 1568 879 iis,

892 762 1003 804 laetos
1031 764 1114 804 dies
1140 777 1332 818 ageret».
1360 763 1438 804 Ubi
1455 765 1568 820 aspe-

183 891 252 945 qui
266 891 498 948 Principum
523 891 695 933 offensas
720 891 864 932 acriter
887 889 1169 946 speculantur,
1191 890 1288 931 datae
1317 891 1364 931 L.
1394 890 1568 933 Vitellio

184 953 398 996 delationis
425 969 570 1012 partes.
595 953 699 1005 Ille,
734 953 911 994 infensus
949 952 1077 995 Blaeso
1096 984 1109 1004 ,
1139 953 1393 995 aemulatione
1421 953 1567 1011 prava,

183 1018 293 1072 quod
308 1033 400 1059 eum
416 1021 528 1060 omni
543 1019 742 1060 dedecore
768 1016 1018 1058 maculosum
1030 1048 1043 1068 ‚
1065 1015 1226 1072 egregi&
1240 1016 1346 1059 fama
1365 1017 1542 1059 anteibat
1554 1048 1568 1070 ‚

183 1081 419 1123 cubiculum
443 1083 700 1139 Imperatoris
715 1081 862 1122 reserat
874 1110 886 1131 ‚
912 1080 1039 1120 filium
1062 1079 1146 1133 ejus
1161 1086 1178 1109 4
1196 1081 1280 1121 finu
1301 1080 1539 1137 complexus
1556 1112 1569 1133 ‚

105 1159 154 1199 15
183 1149 223 1186 &
240 1144 410 1201 genibus
426 1146 634 1187 accidens:
652 1145 809 1186 causam
831 1144 1075 1185 confusionis
1095 1149 1107 1175 5
1137 1147 1347 1198 quaerenti:
1375 1162 1397 1182 <c
1425 1161 1507 1186 non
1528 1145 1571 1186 se

182 1211 381 1265 »proprio
409 1223 546 1260 metu,
566 1224 643 1250 nec
669 1208 728 1248 sui
751 1209 913 1249 anxium
934 1238 947 1258 ,
975 1207 1043 1248 sed
1071 1222 1143 1263 pro
1169 1207 1311 1259 fratre,
1341 1224 1414 1265 pro
1436 1208 1572 1250 liberis

181 1272 343 1314 »fratris
360 1271 399 1323 ⁶,
416 1288 553 1329 preces
567 1271 830 1326 lacrimasque
850 1271 1034 1312 attuliffe.
1051 1272 1207 1313 Frustra
1225 1273 1508 1328 Vespasianum
1523 1273 1572 1313 ti-

181 1337 314 1377 »meri
326 1366 340 1386 ‚
362 1351 481 1391 quem
503 1350 566 1378 tot
587 1337 837 1377 Germanicae
861 1334 1045 1389 legiones
1059 1365 1071 1385 ,
1098 1348 1160 1375 tot
1183 1337 1399 1391 provinciae
1424 1337 1572 1377 virtute

181 1415 262 1441 »ac
277 1399 355 1441 fide
371 1429 383 1450 ‚
405 1413 562 1441 tantum
588 1400 760 1453 denique
780 1412 974 1439 terrarum
1001 1414 1048 1439 ac
1075 1399 1192 1439 maris
1213 1399 1411 1440 immensis
1438 1398 1572 1455 spatiis

92 1473 157 1508 '20
180 1477 358 1505 »arceat.
379 1464 427 1504 In
453 1463 561 1505 Urbe
581 1479 628 1505 ac
646 1463 728 1503 smu
746 1461 973 1504 cavendum
992 1462 1170 1512 hostem,
1190 1463 1333 1506 Junios
1347 1462 1573 1503 Antonios-

182 1542 294 1582 »que
321 1542 419 1569 avos
446 1526 659 1581 ja&antem
674 1557 688 1579 ‚
713 1527 782 1581 qui
807 1525 847 1566 se
873 1526 990 1582 stirpe
1017 1524 1274 1582 imperatoria
1295 1532 1309 1554 ⁷
1338 1541 1499 1568 comem
1525 1541 1572 1568 ac

183 1649 299 1683 Faqus
313 1650 466 1680 Maximus
487 1650 521 1682 &
542 1651 578 1681 C.
595 1648 773 1680 Trebonius
789 1649 857 1679 Ne-

183 1700 251 1730 pos.
266 1690 347 1719 Ciim
365 1700 468 1720 aurem
481 1690 594 1720 ultimo
615 1689 689 1719 anni
707 1688 757 1719 die
773 1699 858 1718 mor-

185 1737 256 1760 tuus
280 1729 352 1760 ess'et
364 1730 479 1760 Fabius
497 1730 527 1760 in
545 1730 719 1768 magistratu
732 1753 739 1764 ‚
753 1728 859 1758 suffec-

185 1776 235 1800 tus
255 1769 296 1800 est
311 1769 348 1800 C.
363 1769 514 1800 Caninius
533 1769 677 1803 Rebilus,
699 1779 791 1808 quern
820 1767 859 1797 ir-

185 1808 267 1840 ridet
286 1809 408 1839 Tullius
423 1809 513 1847 Epist.
528 1810 566 1839 ad
585 1808 764 1839 Familiares
782 1809 857 1843 Vll,

188 1859 237 1887 30.
260 1847 382 1878 Caninio
406 1848 612 1888 confide,scito
626 1850 759 1878 neminem
773 1858 858 1884 pran-

187 1887 250 1928 diffe
263 1900 272 1917 .·
295 1888 365 1918 nihil
380 1898 470 1918 tamen
483 1913 492 1925 ,
507 1899 536 1918 eo
561 1888 683 1927 confide,
702 1887 767 1916 mali
791 1887 859 1924 fizc-

187 1936 244 1958 tum
267 1927 312 1968 est.
328 1927 393 1958 Fuit
409 1929 480 1958 enim
501 1927 619 1967 mirificci
632 1927 782 1968 vigilanrici
793 1948 801 1962 ‚
815 1927 860 1966 qai

176 1969 232 2010 fito
261 1977 316 1997 toto
339 1968 477 2003 considam
485 1969 609 2007 somnum
625 1978 677 1997 non
692 1967 801 1998 videris.

189 2048 218 2077 H
232 2013 241 2027 ¹
265 2009 348 2039 Juuu
371 2009 470 2040 Bms1
489 2013 500 2043 ]
524 2009 572 2039 De
588 2019 652 2048 quo
674 2008 759 2046 plura
786 2007 859 2037 Hist.

229 2092 242 2106 ²·
263 2089 470 2120 Suaviumus
492 2089 632 2125 mouns]
650 2088 718 2118 Jam
742 2097 862 2117 memo-

190 2126 263 2158 ratis
278 2127 364 2166 supra
378 2128 488 2158 Annal.
505 2129 561 2159 XV
574 2152 582 2163 ‚
600 2138 648 2166 55.

231 2171 241 2193 ³
266 2167 422 2198 Cffl‘cnmm
443 2167 762 2201 Tuscum]Eumdem
773 2165 860 2201 sane,

189 2215 285 2246 quern
309 2205 372 2236 Dio
393 2208 504 2236 LXIII.
527 2217 594 2246 pag.
619 2217 677 2244 723
693 2230 702 2241 ‚
727 2205 862 2244 appellat

189 2256 320 2286 quoque
335 2245 454 2276 Καικίναν
467 2250 582 2278 Timon,
599 2245 723 2284 AEgypti
741 2244 863 2283 praefec-

135 2309 139 2315 .
190 2293 259 2316 tum
279 2307 287 2320 ‚
315 2295 331 2316 a
357 2286 486 2316 Nerone
520 2285 700 2315 mulftatum
731 2283 862 2319 exsilio,

191 2325 279 2364 quod
302 2325 450 2355 balneum
462 2349 471 2360 ‚
490 2324 626 2362 Principi
642 2323 863 2354 Alexandriam

192 2372 327 2395 venturo
337 2386 345 2398 ‚
355 2373 492 2403 paratum
504 2387 512 2398 ‚
523 2364 596 2395 effer
605 2364 764 2402 ingress'us:
780 2363 863 2393 idem

193 2402 288 2435 habet
310 2404 478 2435 Suetonius
493 2403 525 2434 in
546 2405 620 2434 Ner.
649 2404 766 2433 XXXV
778 2427 787 2438 ,
799 2402 865 2441 Tus-

193 2450 254 2472 cum
264 2463 274 2480 ,
284 2443 401 2474 nutricis
401 2442 508 2484 filium,
517 2443 653 2484 relegavit
662 2467 672 2482 ,
684 2441 752 2483 quod
763 2442 792 2473 in
802 2452 865 2480 pro-

899 1648 1041 1678 curatione
1067 1647 1185 1688 AEgvpti
1201 1672 1209 1682 ,
1237 1647 1344 1677 balneis
1369 1648 1397 1677 in
1424 1648 1572 1678 adventum

891 1688 970 1726 fincm
989 1685 1251 1728 exstrufflir'laviffir.
1273 1688 1422 1718 Reversus
1448 1688 1572 1719 videtur

899 1727 1035 1763 Tuscus,
1053 1730 1124 1758 clun
1147 1728 1263 1758 exsules
1277 1728 1440 1758 revocavit
1453 1729 1571 1767 Galba·‚

900 1776 933 1799 ut
947 1768 1064 1798 dicium
1085 1768 1124 1798 est
1144 1768 1231 1806 supra
1254 1767 1326 1797 Hist.
1346 1769 1391 1802 ll,
1411 1778 1457 1800 92.

938 1812 953 1831 4
974 1807 1094 1837 Fimum
1118 1817 1186 1840 mus
1200 1812 1211 1842 ]
1227 1806 1466 1838 Germanicum:
1485 1806 1573 1846 supra

899 1847 972 1877 Hist.
993 1848 1019 1877 II
1033 1871 1041 1883 ‚
1065 1858 1113 1887 59.

940 1893 948 1914 ⁵
974 1888 1184 1918 Conrusmms
1206 1888 1220 1925 ]
1245 1885 1501 1917 Perturbationis.
1522 1885 1573 1916 Sic

898 1926 1014 1957 Plinius
1032 1928 1066 1962 1,
1086 1928 1141 1966 Ep.
1166 1937 1216 1956 22.
1248 1925 1311 1955 Erit
1331 1924 1479 1964 confusioni
1505 1935 1572 1954 meae

898 1977 950 1995 non
969 1966 1333 2006 taedioc1·esslafium‚siru
1352 1965 1421 1995 nihil
1432 1965 1572 2004 quereris,

899 2008 933 2037 ὅ(
946 2008 1007 2043 III,
1029 2007 1084 2045 Ep.
1115 2017 1160 2035 ιο.
1180 2006 1292 2036 Veritus
1303 2007 1364 2045 firm
1388 2016 1422 2034 ne
1437 2004 1574 2044 vosfestis

899 2046 994 2076 diebus
1020 2045 1209 2083 confunderem
1221 2046 1267 2085 ‚st
1289 2047 1317 2075 in
1333 2054 1489 2074 memoriam
1503 2054 1572 2085 gra.

899 2086 992 2125 wffimi
1013 2085 1099 2115 Ιαέἰίις
1111 2085 1278 2124 reduxi-Hem.

939 2127 953 2145 ⁶
985 2127 1116 2156 Lissenls
1152 2125 1304 2161 FRATMS]
1328 2123 1409 2155 Vide
1437 2125 1574 2153 Stemma

900 2165 1106 2196 Vitelliorum
1122 2164 1154 2194 in
1171 2165 1265 2196 Notis
1288 2166 1322 2196 ὃς
1337 2162 1575 2194 Emendationi-

901 2206 957 2235 bus
977 2205 1016 2235 ad
1032 2204 1104 2235 Hist.
1121 2206 1152 2240 1,
1175 2216 1205 2241 9.

941 2250 954 2271 7
977 2246 1090 2274 STmr’n
1115 2254 1337 2274 imraaAToruA
1356 2242 1501 2279 JIndein
1524 2247 1574 2271 tot

903 2284 1038 2314 nummis
1049 2283 1147 2314 Juniae
1161 2283 1304 2316 farniliae,
1320 2283 1479 2312 BRVTVS
1495 2282 1576 2310 IMP-

903 2326 937 2354 ὅ(
962 2323 1107 2354 Antoniae
1121 2345 1130 2359 ,
1165 2324 1208 2352 M.
1241 2323 1458 2352 ANTONIVS
1494 2321 1575 2350 IMP-

927 2374 983 2394 uos
1013 2363 1086 2393 vide
1123 2363 1206 2401 apud
1230 2361 1386 2393 eruditum
1419 2360 1552 2391 Vaillant
1565 2381 1576 2394 ,

904 2374 1020 2432 ‘liJummi
1034 2402 1139 2440 amiyui
1160 2402 1355 2438 jhmiliarunm
1392 2399 1575 2431 nominibus

905 2441 1019 2480 Junia,
1045 2441 1182 2474 Antonia.

1306 2481 1393 2534 Zij
