2209 3047
310 168 392 212 AD
421 169 645 212 LIBRUM
669 167 744 210 III.
773 167 917 210 HIST.
947 168 994 209 C.
1022 168 1202 211 CORN.
1219 166 1428 236 TACITI.
1484 174 1567 221 48¹

234 247 448 285 ARULENUS
476 253 494 295 ]
520 248 617 285 Male
644 248 721 284 Mss.
745 247 844 285 Flor.
867 244 973 283 Bodl.
1003 244 1069 282 Jes.
1106 246 1225 284 Guelf.
1261 250 1295 285 &
1327 247 1441 285 editio
1474 247 1576 297 prin-

184 310 269 347 ceps
284 327 292 341 ,
319 301 503 335 Arulenius.

230 348 357 385 Ausus
386 352 403 393 ]
432 348 497 384 Ms.
524 349 611 398 Agr.
638 351 790 383 annixus.

230 398 394 434 Serenum
431 410 551 433 firmi
581 410 697 434 mrfflz
738 407 907 433 fix‘rrzrms
937 407 1079 432 GENTES
1105 396 1117 440 ]
1158 396 1292 440 Etiam,
1317 397 1411 434 abest
1446 410 1465 432 a
1505 398 1570 434 Ms.

182 447 297 483 Corb.
325 448 369 482 In
389 447 467 484 Mss.
486 447 582 483 Flor.
600 448 691 497 Reg.
705 447 769 483 Jes.
796 445 886 482 ssud.
908 447 996 495 Agr.
1020 443 1132 481 Corb.
1150 447 1182 479 ὃς
1198 446 1360 483 editione
1384 447 1571 496 principe,

182 498 218 530 in
243 508 368 532 exteras
388 510 507 545 gentes.
534 497 648 543 Quod
680 495 826 545 Ryckio
851 498 884 531 &
919 496 992 532 Jac.
1020 494 1217 532 Gronovio
1244 497 1461 542 probatum3
1497 499 1571 534 hoc

180 545 306 582 sensu:
334 548 387 594 jus
403 577 410 588 ,
442 546 543 596 quod
568 548 704 582 sacrum
730 544 1019 595 inviolatumque
1040 557 1124 594 erga
1148 555 1282 580 exteras
1305 559 1425 593 gentes
1454 548 1571 584 serva-

179 608 270 632 mus.
294 596 425 633 Melius
447 598 543 633 certe
564 596 640 631 Mff.
664 594 766 630 Harl.
788 594 895 631 Bodl.
914 595 1131 632 Puteolanus
1156 598 1189 630 &
1211 594 1462 640 Recentiores‚
1488 601 1572 633 inter

179 659 307 681 exteras
332 659 450 693 gentes.
475 646 519 682 ld
537 646 633 682 enim
650 672 659 688 ,
690 656 731 680 ut
760 644 850 680 reete
875 644 1041 681 observat
1072 644 1257 689 Ernestus,
1283 644 1348 688 iis,
1378 659 1456 695 quae
1484 659 1572 685 mox

179 695 398 746 sequuntur,
428 708 501 732 ante
525 697 591 743 ipfiz
608 697 726 741 patriae
754 697 893 738 moenia,
923 695 1134 743 opponitur.

222 795 331 833 CAP.
360 794 521 831 LXXXI.
551 795 781 839 DISSERENS,
811 806 993 831 ARMATOS
1023 806 1183 830 MONERE
1213 799 1230 841 ]
1270 794 1457 842 Perperam
1491 795 1570 831 Mis.

179 844 284 882 Harl.
309 845 430 881 Guelf.
451 848 486 881 ὃς
505 845 744 888 Puteolanus,
768 859 902 880 movere.
923 842 1013 880 Inde
1036 844 1118 879 cum
1142 844 1390 893 intempestiva.
1413 845 1570 881 hominis

178 891 356 943 sapientia
380 895 490 930 animi
512 908 590 931 non
613 895 756 931 fuissent
780 894 872 930 moti
888 922 897 937 ‚
928 894 1005 929 haec
1035 892 1193 942 suspetqa
1222 898 1255 930 ὃς
1281 894 1424 930 infititia
1450 895 1568 941 conji-

179 944 299 981 ciebat
322 945 508 981 Gruterus.
540 947 591 980 At
613 945 726 981 verbo
753 958 875 980 monere
903 971 911 986 ‚
937 943 1037 992 quod
1061 944 1196 980 habent
1216 944 1326 994 vulgo
1351 945 1427 980 Mff.
1453 945 1567 983 editio

177 995 347 1045 princeps
370 998 404 1031 &
429 995 647 1031 recentiores
663 1023 671 1039 ,
701 994 843 1043 penitus
869 993 1011 1030 tollitur
1040 993 1239 1030 difficultas.

232 1044 417 1080 SUPREMO
447 1057 666 1081 CERTAMINI
694 1048 711 1091 ]
735 1044 812 1081 ΜΠ.
837 1044 926 1093 Reg.
959 1044 1048 1093 Agr.
1069 1046 1101 1080 ὃς
1125 1044 1305 1081 editiones
1328 1055 1488 1090 veteres,
1508 1047 1571 1094 su·

176 1108 284 1142 premo
310 1107 492 1131 ΕΘΓῘαΠΠῙΖΕ.

227 1143 354 1180 UNUM
385 1157 483 1180 DIEM
511 1148 529 1190 ]
557 1144 599 1179 In
631 1145 890 1182 recentioribus
914 1144 1056 1180 tantum
1082 1144 1328 1188 editionibus,
1356 1158 1450 1180 unam
1474 1145 1569 1182 diem.

231 1193 490 1230 POSTULABAT
517 1198 528 1241 ]
548 1194 646 1231 Bene
666 1195 740 1231 Mff.
763 1195 860 1231 Flor.
880 1194 982 1231 Harl.
1000 1194 1106 1231 Bodl.
1124 1194 1190 1231 Jes.
1210 1195 1322 1231 Corb.
1342 1194 1462 1231 Guelf.
1480 1196 1571 1244 Agr.

177 1242 340 1293 Byckius
351 1247 385 1280 &
395 1244 638 1282 Recentiores.
650 1245 693 1280 In
704 1245 772 1282 Ms.
784 1246 868 1295 Reg.
881 1248 914 1281 ὃ(
924 1244 1146 1281 editionibus
1156 1245 1569 1292 veteribus‚posllclahant.

229 1293 442 1330 DrREMPTA
471 1306 580 1330 BELLI
610 1307 843 1332 COMMERCIA
872 1299 888 1341 ]
913 1294 1010 1330 Male
1027 1295 1102 1330 Mss.
1123 1296 1212 1345 Reg.
1227 1295 1331 1332 Harl.
1347 1295 1414 1333 Jes.
1431 1295 1567 1342 direpta.

178 1342 327 1380 Pessime
348 1344 509 1381 tentabat
533 1343 750 1389 Rhenanus,
781 1347 891 1381 bellico
918 1348 1115 1381 commercia.

227 1447 334 1484 CAP.
364 1446 547 1483 LXXXII.
574 1448 742 1483 PoNTEM
771 1446 952 1482 Mmrmm
981 1449 999 1492 ]
1027 1445 1087 1481 Sic
1113 1445 1188 1481 Mff.
1216 1449 1249 1482 &
1273 1456 1410 1483 veteres
1437 1446 1572 1482 editio-

179 1509 263 1541 nes,
294 1508 336 1533 ut
361 1498 430 1542 iarn
456 1496 587 1532 dietum
615 1497 663 1533 est
689 1496 794 1545 supra
815 1496 852 1530 in
877 1495 986 1531 Notis
1010 1498 1044 1531 ὃς
1067 1494 1392 1534 Emendationibus
1418 1496 1464 1533 ad
1489 1498 1570 1535 Ans

178 1546 252 1583 nal.
280 1545 394 1589 XIII,
422 1557 486 1593 47.
513 1546 579 1582 Ms.
605 1546 717 1582 Corb.
742 1559 869 1592 pontem
895 1547 1012 1580 Μὶίνὶ.

232 1597 578 1633 INGREDERENTUR
611 1600 627 1642 ]
658 1596 720 1632 ΜΓ.
747 1595 816 1631 Jes.
843 1596 1070 1643 ingrederetur.

221 1647 374 1683 OMNEM
404 1658 688 1682 PRoLArloNEM
717 1650 734 1691 ]
771 1645 825 1681 Ita
856 1644 933 1682 Mss.
964 1645 1060 1681 Flor.
1090 1645 1176 1696 Reg.
1209 1646 1312 1682 Harl.
1346 1646 1414 1684 Jes.
1453 1646 1566 1682 Corb.

178 1696 297 1733 Guelf.
330 1695 446 1733 editio
474 1696 640 1745 princeps
664 1724 672 1739 ,
703 1695 775 1732 Jac.
805 1696 1017 1731 Gronovius
1040 1699 1073 1731 δε
1093 1695 1335 1733 Recentiores.
1371 1697 1438 1733 Ms.
1458 1696 1566 1732 Bodl.

178 1750 213 1783 &
234 1746 454 1783 Puteolanus
470 1774 480 1790 ‚
508 1760 629 1782 omnem
651 1748 911 1792 prolatationem.
934 1745 1108 1781 Additum
1127 1746 1246 1783 adhuc
1264 1747 1301 1782 in
1319 1747 1478 1796 margine
1497 1745 1565 1782 Ms.

176 1796 286 1833 Bodl.
305 1798 526 1841 prolationem.
543 1795 653 1832 Unde
670 1795 814 1832 videtur
831 1808 962 1832 vocem
977 1824 986 1839 ‚
1011 1798 1259 1842 prolatationem
1272 1825 1281 1840 ‚
1303 1810 1323 1832 a
1342 1796 1446 1833 Latio
1466 1808 1568 1844 pror-

176 1846 234 1882 sus
257 1846 322 1882 effe
353 1845 590 1895 ablegandam
606 1873 614 1887 ‚
643 1845 725 1881 cum
748 1845 920 1895 nusquam
947 1858 1113 1883 occurrat
1137 1846 1234 1897 apud
1261 1847 1352 1884 alios
1374 1847 1567 1898 scriptores

177 1895 328 1933 Latinos
343 1924 352 1940 ‚
381 1909 498 1945 neque
521 1896 595 1932 hoc
618 1895 740 1932 Taciti
768 1896 854 1932 loco
879 1896 961 1932 satis
984 1896 1078 1933 nixa.

231 1946 296 1982 UT
324 1958 571 1982 ADSTITERAT
601 1949 618 1992 ]
646 1946 712 1981 Ms.
738 1946 808 1983 Jes.
835 1958 868 1981 ut
893 1946 1064 1994 adsisteret.

219 1997 336 2032 szs
356 1999 373 2042 ]
396 1995 456 2032 Sic
475 1995 553 2032 Mss.
574 1995 754 2032 editiones
774 2007 910 2032 veteres
933 1999 967 2033 ὃς
986 1997 1212 2034 recentiores.
1236 1997 1414 2042 Pichena,
1437 1999 1550 2045 plebes.

231 2045 264 2082 11
294 2057 462 2082 TANTUM
490 2058 750 2083 couerTATl
780 2059 878 2082 SUNT
904 2050 922 2092 ]
952 2046 1045 2082 Male
1065 2047 1139 2082 Mis.
1161 2047 1249 2098 Reg.
1281 2049 1393 2084 Corb.
1421 2052 1453 2086 &
1483 2049 1567 2085 edi-

178 2096 232 2132 tio
259 2094 445 2143 princeps,
473 2099 506 2131 in
537 2097 673 2131 tantum.
704 2096 771 2132 Ms.
797 2097 887 2146 Agr.
923 2109 1156 2146 nonnumquam
1187 2099 1363 2147 conflicflati
1381 2099 1472 2146 sunt.
1500 2100 1565 2143 Qui

179 2148 248 2181 διε.
273 2144 348 2180 Mss.
376 2145 477 2182 Harl.
502 2145 570 2183 Jes.
597 2145 716 2182 Guelf.
738 2148 771 2181 hi
795 2148 932 2183 tantum.

234 2195 300 2230 AD
330 2206 455 2231 sanum
485 2207 605 2237 USQUE
636 2208 731 2231 Dum
760 2199 776 2241 ]
804 2196 899 2232 Bene
917 2196 994 2233 Mss‘.
1017 2197 1114 2234 Flor.
1138 2198 1224 2248 Reg.
1242 2198 1344 2234 Harl.
1365 2197 1471 2237 Bodi.
1499 2198 1567 2235 Jes.

179 2244 303 2281 Guelf.
329 2244 414 2294 Agr.
443 2244 622 2281 editiones
641 2256 776 2282 veteres
803 2249 837 2282 ἀ
863 2247 1091 2286 recentiores.
1119 2248 1180 2284 Sic
1207 2248 1397 2299 Virgilius,
1428 2251 1567 2300 Georg.

133 2321 138 2326 -
179 2293 256 2338 IV,
285 2306 372 2344 132.

872 2345 993 2385 Sereique
1011 2357 1151 2378 revertens

377 2383 465 2414 Νοέἱε
483 2384 586 2414 domurn
606 2385 722 2421 dapibus
739 2385 844 2423 menflzs
866 2386 998 2415 onerabat
1020 2388 1158 2426 inemptis.

182 2422 318 2474 Lipsius
343 2423 491 2460 minime
515 2425 706 2464 necessario
728 2425 959 2471 emendavit,
983 2426 1055 2465 diei.

279 2478 315 2518 Τ
314 2493 387 2521 om.
406 2480 486 2521 Ml.
1246 2482 1277 2522 P
1290 2496 1314 2538 p
1330 2496 1354 2538 p
