2230 3047
601 177 669 246 ‘8
912 206 960 246 c,
1027 205 1417 247 CORNELII
1481 206 1769 249 TACITI

505 303 621 324 Ξ
646 289 685 327 in
706 284 842 327 exsilia
863 284 1081 342 conjuges:
1111 289 1324 344 propinqui
1352 288 1564 329 audentes:
1599 289 1821 333 constantes
1849 291 1986 344 generi
2009 306 2019 332 e

506 346 537 369 A.
551 346 578 367 U.
588 345 618 368 C.

527 394 598 422 322.

531 451 553 474 J.
564 452 596 475 C.

533 499 585 532 69.

645 363 888 400 contumax,
915 351 1035 391 etiam
1056 351 1239 391 adversus
1262 364 1460 392 tormenta
1475 381 1489 402 ,
1520 351 1723 391 servorum
1743 352 1861 401 fides-z
1890 353 2018 408 supre-

642 428 712 452 mae
741 411 939 453 clarorum
959 414 1135 454 virorum
1161 414 1404 455 necessitates
1424 431 1430 453 :
1458 414 1539 470 ipsa
1568 414 1770 455 neceffitas
1786 415 1942 456 fortiter
1960 429 2019 456 to-

640 475 784 516 lerata:
817 480 856 517 ὃς
882 475 1049 517 laudatis
1069 478 1321 531 antiquorum
1349 477 1543 518 mortibus
1566 492 1677 533 pares
1707 478 1848 518 exitus.
1876 479 2017 518 Praeter

640 537 886 595 multiplices
913 554 1043 580 rerum
1080 542 1340 580 humanarum
1368 541 1506 590 casus,
1540 539 1638 581 caelo
1666 539 1846 594 terraque
1881 541 2017 596 prodi-
2078 559 2100 598 ς

642 603 708 657 gia
730 632 742 652 ‚
778 606 817 643 ὃ(
859 602 1073 642 fulminum
1107 604 1282 643 monitus
1299 633 1311 652 ‚
1340 607 1380 643 ὅ(
1404 603 1629 644 futurorum
1655 604 1864 659 praesagia,
1892 602 1979 644 laeta
2003 633 2018 654 ‚

642 666 790 716 tristia,
823 664 1032 720 ambigua,
1060 665 1274 705 manifesta.
1296 667 1388 706 Ne'c
1415 667 1521 706 enim
1546 681 1733 719 umquam
1753 666 2017 707 atrocioribus

640 727 781 784 populi
809 729 985 769 Romani
1008 726 1212 777 cladibus,
1240 728 1418 783 magisve
1439 726 1545 780 justis
1569 729 1727 770 indiciis
1753 729 2016 785 approbatum

639 792 718 842 est,
746 807 828 832 non
851 791 925 831 effe
956 805 1055 831 curae
1082 791 1164 831 deis
1189 791 1440 831 securitatem
1461 792 1651 842 nostram,
1672 792 1747 832 effe
1771 791 1968 832 ultionem
1988 797 2016 832 ¹.

703 855 781 896 IV.
817 855 1047 894 CETERuM
1082 866 1293 907 antequam
1319 854 1506 895 destinata
1534 869 1804 909 componam,
1832 868 2015 910 repeten-

640 916 735 958 dum
770 918 954 967 videtur,
987 915 1112 970 qualis
1137 917 1254 956 status
1286 916 1424 967 Urbis,
1451 931 1533 970 quae
1580 932 1690 957 mens
1727 919 1976 958 exercituum
2002 947 2016 967 ‚

639 982 727 1034 quis
742 980 897 1020 habitus
911 981 1229 1035 provinciarum,
1248 980 1341 1034 quid
1359 981 1399 1019 in
1413 992 1502 1019 toto
1514 993 1705 1021 terrarum
1716 980 1810 1021 orbe
1819 979 2018 1031 validum,

637 1043 731 1096 quid
765 1058 910 1098 aegrum
934 1043 1076 1083 fuerit:
1103 1056 1146 1082 ut
1174 1058 1255 1083 non
1282 1043 1405 1083 modo
1433 1042 1543 1083 casus
1569 1043 1812 1097 eventusque
1845 1058 1976 1083 rerum
2002 1072 2016 1093 ‚

636 1107 703 1159 qui
737 1105 970 1161 plerumque
1005 1106 1161 1146 fortuiti
1194 1106 1285 1146 sunt
1324 1110 1354 1156 ²,
1382 1105 1449 1145 sed
1474 1107 1576 1146 ratio
1619 1107 1739 1146 etIam
1768 1106 1969 1160 causaeque
2000 1110 2011 1134 ³

634 1169 861 1210 noscantur.
887 1170 996 1210 Finis
1020 1170 1197 1209 Neronis
1222 1182 1266 1209 ut
1289 1167 1400 1210 lectus
1427 1170 1555 1223 primo
1578 1169 1836 1223 gaudentium
1860 1170 2013 1224 impetu

633 1231 760 1272 fuerat
778 1262 790 1282 ‚
815 1234 870 1273 ita
896 1233 1024 1272 varios
1046 1245 1177 1272 motus
1201 1233 1424 1272 animorum
1438 1260 1450 1281 ,
1474 1247 1557 1272 non
1579 1232 1702 1273 modo
1726 1234 1767 1271 in
1787 1231 1892 1272 Urbe
1911 1231 2014 1288 apud

632 1307 788 1350 patres,
815 1308 882 1335 aut
905 1293 1100 1351 populum
1116 1324 1128 1345 ,
1156 1309 1223 1335 aut
1246 1294 1451 1335 Urbanum
1482 1294 1677 1345 militem,
1704 1295 1772 1336 sed
1798 1310 1936 1335 omnes
1959 1293 2017 1335 le—

633 1359 774 1412 giones
799 1358 997 1412 ducesque
1026 1359 1283 1409 conciverat,
1311 1356 1502 1412 evulgato
1528 1359 1683 1414 imperii
1707 1373 1880 1408 arcano,
1920 1357 2013 1414 pos-

632 1421 672 1460 se
694 1422 921 1477 Principem
944 1420 1064 1470 alibi,
1091 1419 1209 1475 quam
1236 1423 1376 1463 Romae
1398 1421 1494 1460 fieri.
1513 1420 1592 1462 Sed
1614 1424 1743 1476 patres
1768 1420 1846 1461 laeti
1862 1450 1874 1470 ,
1901 1421 2014 1460 usur-

633 1483 722 1538 pata
748 1485 873 1524 statim
896 1483 1104 1533 libertate,
1133 1482 1344 1534 licentius,
1372 1497 1416 1523 ut
1441 1498 1534 1539 erga
1561 1484 1789 1539 Principem
1823 1489 1840 1512 4
1862 1499 2014 1524 novum

634 1550 674 1586 ὃς
695 1545 918 1587 absentem:
944 1548 1136 1602 primores
1159 1549 1337 1600 equitum
1357 1548 1529 1602 proximi
1549 1546 1696 1601 gaudio
1721 1560 1899 1602 patrum:
1927 1562 2014 1602 pars

633 1609 774 1665 populi
788 1611 943 1665 integra
958 1615 969 1640 5
985 1640 999 1661 ,
1018 1614 1055 1650 ὃ(
1071 1612 1225 1665 magnis
1237 1608 1420 1652 domibus
1430 1610 1607 1660 adnexa,
1625 1608 1792 1651 clientes
1801 1608 2015 1664 libertique

2052 867 2100 895 10

2045 1497 2100 1523 20

1386 1715 1394 1734 3
1413 1709 1517 1739 Rei-rio
1541 1719 1639 1738 ετιΑΜ
1660 1713 1852 1744 causaeoua]
1875 1709 1946 1738 Haec
1975 1708 2016 1738 est

1343 1747 1479 1779 historia.
1514 1747 1627 1778 Cetera
1651 1757 1740 1787 nugae
1761 1769 1769 1783 ‚
1793 1748 2015 1786 memoriaeque

1344 1798 1450 1817 onera.
1468 1789 1555 1816 Bene
1575 1787 1775 1824 Sempronius
1801 1787 1916 1817 Asellio
1937 1786 2015 1816 belli

1344 1825 1531 1856 Numantini
1547 1828 1631 1856 actor
1652 1827 1685 1856 &
1707 1826 1837 1865 scriptor
1851 1849 1861 1863 ,
1886 1825 2015 1855 Scribere

1342 1864 1439 1894 bellum
1453 1888 1462 1901 ,
1478 1875 1526 1904 quo
1547 1865 1645 1894 initum
1667 1864 1789 1904 confide,
1812 1863 1841 1894 ἰν
1867 1876 1914 1904 quo
1939 1864 2014 1894 modo

1343 1904 1486 1942 confeflum
1496 1903 1557 1943 fit,
1580 1904 1610 1933 [r
1625 1904 1684 1943 quis
1701 1904 1872 1940 triumphans
1895 1905 2014 1934 introie-

672 1713 680 1726 ¹
705 1709 874 1739 Uirronmr
894 1712 905 1743 ]
925 1709 1024 1739 Atrox
1043 1708 1203 1739 sententia.
1226 1710 1303 1739 Non

631 1747 784 1786 malignus
812 1748 853 1778 est
878 1748 969 1777 deus:
994 1747 1045 1778 sed
1076 1747 1225 1778 scelerum
1248 1758 1304 1786 pa-

632 1786 729 1818 tiens,
750 1797 784 1817 ac
800 1787 924 1816 demum
945 1787 1038 1817 ultor.
1061 1787 1187 1817 Tacitus
1200 1795 1303 1817 autem

632 1825 770 1856 imitatus
784 1826 906 1856 videtur
919 1827 1081 1857 Lucanum
1094 1826 1222 1856 Pharsal.
1240 1828 1280 1858 lv
1294 1851 1302 1864 ,

638 1875 674 1893 10
700 1888 706 1895 .

656 1876 724 1933 Fe7l1'x
744 1909 816 1934 Roma
826 1910 934 1942 quidem,
955 1909 1055 1942 civesque
1073 1910 1179 1934 habitura
1191 1910 1286 1938 beatos,

658 1944 687 1967 Si
699 1943 814 1967 libertatis
824 1944 915 1976 fiaperis
927 1951 975 1966 tam
992 1952 1047 1968 cura
1058 1944 1178 1976 placeret,

660 1977 735 2007 Qua'm
752 1977 854 2001 vindicia
867 1978 953 2009 placer.

630 2021 699 2051 Nec
714 2021 804 2052 aliter
816 2022 940 2052 Tullius
952 2044 960 2057 ‚
979 2022 1017 2052 de
1034 2022 1151 2053 Natura
1170 2023 1303 2053 deorum

630 2061 690 2094 111,
713 2071 748 2098 32
768 2061 897 2100 &seqq.
917 2063 953 2091 In
968 2061 1047 2092 hanc
1063 2062 1147 2092 enim
1161 2061 1303 2101 impieta-

630 2108 695 2129 tem
707 2101 810 2130 abiere
827 2103 975 2130 Veterum
995 2101 1204 2140 sapientiffimi
1217 2124 1225 2135 ,
1239 2111 1303 2131 ma-

629 2139 733 2169 lorum
750 2139 899 2178 gravitate
924 2139 1017 2175 vicli,
1037 2150 1094 2171 nec
1119 2141 1154 2170 in
1182 2140 1303 2179 patien-

629 2178 679 2208 tiae
692 2178 774 2215 spem
788 2178 972 2218 praemiaque
992 2179 1097 2209 erecti.

668 2222 680 2236 ⁷·
704 2218 859 2248 Fonwln
883 2222 980 2253 SUNT]
1004 2218 1194 2249 Hominibus
1209 2218 1301 2257 scrip-

628 2256 811 2296 toribusque
829 2267 931 2287 rerum
963 2258 1064 2288 causas
1089 2269 1155 2288 non
1186 2258 1303 2288 intros—

628 2296 817 2330 nicientibus
867 2297 1049 2335 plerumque
1090 2297 1302 2328 fortuitisunt.

627 2336 768 2372 Explicat
783 2346 910 2374 quoque
934 2336 1043 2365 illustr.
1066 2337 1215 2371 Huetius,
1232 2337 1300 2375 ple-

628 2385 758 2414 rumque
789 2374 976 2412 inexpe&ati
1010 2375 1044 2405 &
1077 2386 1142 2406 non
1171 2375 1299 2414 praevifi.

628 2414 710 2443 Nam
722 2417 792 2444 cnm
808 2414 885 2443 nihil
900 2414 952 2444 fiat
966 2413 1028 2443 fine
1045 2415 1134 2444 causa
1145 2439 1153 2451 ,
1168 2423 1299 2445 eventus

627 2452 749 2485 fortuiti
767 2453 928 2490 sunt‚non
942 2453 975 2484 in
985 2453 1032 2491 se,
1050 2453 1102 2485 sed
1113 2454 1217 2494 quoad
1226 2464 1293 2487 nos.

1342 1953 1396 1981 rit,
1420 1943 1449 1973 ὓ
1471 1953 1528 1982 quae
1550 1954 1578 1972 ιη
1601 1954 1629 1972 eo
1645 1943 1712 1972 bello
1731 1943 1871 1984 gestastnr
1893 1945 2011 1973 iterare.-

1341 1994 1395 2012 non
1412 1982 1564 2020 praedicare
1583 1992 1672 2011 autem
1696 1983 1802 2012 interea
1826 1982 2012 2022 quidsenatus

1342 2022 1492 2052 decreverit
1503 2045 1512 2058 ‚
1527 2032 1574 2050 aut
1594 2032 1651 2060 quae
1668 2021 1711 2050 lex
1725 2022 1864 2061 rogatiove
1887 2021 1991 2061 Iatastt
2004 2045 2015 2059 ,

1341 2073 1424 2101 neque
1439 2061 1534 2101 quibus
1546 2061 1663 2100 con-filiis
1676 2071 1708 2090 ea
1719 2060 1858 2100 gestastnt
1871 2073 1879 2089 :
1895 2060 1922 2090 id
1930 2061 2015 2097 fabu—

1342 2101 1385 2130 las
1397 2102 1493 2138 pueris
1505 2099 1539 2139 est
1553 2110 1671 2129 narrare
1682 2124 1691 2136 ,
1705 2110 1757 2129 non
1783 2100 2016 2139 historiasscribe-

1342 2152 1370 2170 re
1382 2162 1390 2170 .
1403 2163 1410 2170 .
1423 2163 1431 2170 .
1447 2139 1537 2170 Nobis
1551 2150 1603 2168 non
1618 2138 1772 2177 moddsatis
1794 2140 1841 2179 est&
1855 2138 1930 2168 video
1946 2139 2015 2178 quod

1334 2180 1439 2217 fastum
1464 2180 1521 2219 effer
1537 2178 1566 2208 id
1582 2179 1757 2216 pronuntiare
1769 2202 1778 2214 ‚
1798 2178 1848 2217 fid
1872 2179 1955 2208 eriam
1965 2189 2015 2217 quo

1343 2219 1449 2259 consilio
1463 2243 1471 2255 ‚
1483 2219 1584 2257 quii-que
1597 2217 1783 2257 rarionegesta
1797 2218 1876 2258 estem
1890 2217 2014 2258 demons-

1343 2268 1428 2288 trare.
1448 2258 1540 2297 Apud
1552 2257 1692 2288 Gellium
1711 2259 1773 2289 111,
1798 2261 1844 2288 18.

1379 2303 1394 2322 4
1415 2299 1614 2332 ancwffl]
1637 2297 1779 2327 Galbam.

1382 2344 1390 2365 5
1415 2339 1557 2367 INTEGRA
1584 2341 1595 2371 ]
1618 2337 1685 2366 Pars
1723 2335 1831 2374 populi
1865 2334 1984 2375 integra
2003 2356 2014 2370 ‚

1341 2375 1373 2406 id
1408 2377 1448 2406 est
1473 2375 1562 2405 vitiis
1587 2375 1730 2406 nondum
1756 2374 1870 2409 frasta,
1897 2375 1930 2404 ὅ(
1952 2385 2015 2405 ma-

1341 2415 1407 2453 gnis
1429 2414 1576 2446 domibus
1593 2424 1732 2447 annexa,
1746 2424 1788 2444 ac·
1811 2412 1942 2451 proinde
1958 2414 2015 2443 ho-

1340 2455 1438 2492 nesta,
1459 2464 1517 2486 nec
1545 2464 1659 2494 egens,
1679 2453 1809 2484 clientes
1831 2463 1958 2491 quoque
1977 2452 2016 2482 li-

1735 2497 2017 2537 damnatorum
