2230 3047
597 224 649 270 58
864 216 911 255 C.
978 214 1367 257 CORNELII
1431 213 1718 254 TACITI

458 321 572 334 ,ετ-
593 296 748 336 luxuria
764 324 776 345 ‚
801 299 842 335 &
863 296 1002 336 cmffiia
1022 296 1070 336 ad
1091 296 1279 337 decorem
1306 296 1460 350 imperii
1479 292 1710 348 composita.
1726 291 1866 345 quue
1883 290 1971 347 plus

459 352 570 424 Ag?
590 358 813 398 formidinis
834 358 1061 399 adferebant
1080 358 1181 399 falsae
1203 361 1394 408 virtutes,
1415 361 1453 397 ὅ(
1475 358 1571 396 vitia
1592 356 1776 396 reditura.
1792 355 1969 395 Marium

481 417 553 476 Μ’.
593 421 758 461 Celsum
782 426 791 442 ¹
809 450 822 471 ,
848 420 1054 462 consulem
1086 422 1330 476 designatum
1346 450 1359 471 ‚
1390 435 1459 475 per
1484 419 1657 474 speciem
1682 417 1935 459 vinculorum
1959 445 1972 467 ,

492 497 542 530 69.
592 485 744 524 saevitia:
761 483 933 524 militum
949 484 1187 525 subtrac'cum
1210 488 1223 504 ²
1241 513 1253 534 3
1273 485 1395 525 acciri
1410 485 1450 522 in
1473 481 1717 538 Capitolium
1739 480 1871 532 jubet:
1893 479 1971 521 cle-

592 548 748 587 mentiae
775 546 940 597 titulus,
969 562 990 587 e
1011 549 1098 587 viro
1125 546 1260 596 claro,
1289 551 1329 587 ὅ(
1356 546 1530 602 partibus
1561 545 1690 585 inviso
1707 575 1720 595 ,
1747 543 1967 600 petebatur.
2030 557 2051 595 5

593 609 759 660 Celsus,
788 611 1011 650 constanter
1031 611 1187 650 servatae
1207 624 1300 664 erga
1323 608 1495 650 Galbam
1520 609 1611 649 fidei
1638 609 1789 648 crimen
1811 606 1969 647 confes-

593 674 683 723 sus,
710 673 938 728 exemplum
958 672 1066 713 ultro
1089 674 1301 728 imputavit
1324 678 1349 711 ³.
1372 674 1464 712 Nec
1487 670 1602 712 Ot'ho
1617 701 1630 721 ,
1657 670 1760 724 quasi
1783 669 1969 724 ignosce-

593 730 678 786 ret,
701 735 767 776 sed
781 766 793 785 ‚
816 750 864 775 ne
885 737 1004 776 hostis
1024 749 1175 776 metum
1194 734 1534 776 reconciliationis
1554 740 1571 762 4
1591 733 1821 783 adhiberet,
1842 733 1969 772 statim

593 800 697 840 inter
722 800 884 838 intimos
908 800 1057 839 amicos
1081 797 1219 838 habuit
1234 828 1247 848 ,
1275 802 1314 838 ὅ(
1337 812 1432 837 mox
1454 796 1563 837 bello
1586 797 1688 836 inter
1709 797 1830 837 duces
1857 794 1967 835 dele-

593 863 675 917 git:
703 862 916 914 mansitque
939 861 1086 911 Celso,
1112 860 1223 901 velut
1244 860 1416 901 fataliter
1437 865 1478 910 5,
1505 861 1624 900 etiam
1648 875 1720 914 pro
1743 860 1909 899 Othone
1926 858 1970 896 fi·
2006 872 2053 896 10

594 925 661 965 des
683 926 838 978 integra
851 953 863 973 ‚
888 928 927 964 ὅ(
944 923 1097 964 infelix.
1115 924 1223 964 Laeta
1244 923 1480 979 primoribus
1499 924 1671 963 civitatis
1685 952 1697 972 ,
1718 920 1915 962 celebrata
1929 921 1969 959 in

593 986 737 1041 vulgus
756 985 859 1027 Celsi
881 985 982 1026 salus
998 1016 1011 1036 ,
1030 1001 1079 1026 ne
1099 986 1291 1026 militibus
1311 986 1470 1040 quidem
1490 987 1644 1040 ingrata
1662 985 1763 1034 fuit,
1788 983 1970 1024 eamdem

593 1051 783 1090 virtutem
805 1048 1086 1090 admirantibus
1108 1049 1149 1099 ⁶,
1177 1050 1242 1090 cui
1263 1048 1543 1089 irascebantur.

655 1112 855 1152 LXXII.
888 1113 949 1152 PA
961 1125 983 1151 R
1006 1113 1098 1153 inde
1113 1110 1325 1152 exsultatio
1336 1141 1349 1161 ‚
1366 1110 1581 1167 disparibus
1599 1110 1719 1151 causls
1734 1110 1970 1159 consecuta,

592 1176 805 1231 impetrato
829 1174 1023 1229 Tigellini
1056 1176 1193 1215 exitio.
1217 1176 1447 1230 Sophonius
1466 1172 1692 1229 Tigellinus
1720 1178 1734 1201 ⁷
1751 1203 1763 1223 ‚
1793 1172 1969 1214 obscuris
2006 1189 2051 1227 15

594 1237 823 1293 parentibus
838 1268 849 1287 ‚
870 1236 978 1278 foeda
999 1237 1167 1293 pueritia
1179 1267 1192 1287 ‚
1214 1236 1414 1293 impudica
1432 1234 1585 1278 seneca&
1597 1266 1610 1286 ,
1630 1236 1898 1292 Ρῑεεῑθᾶιιῐευῃ
1917 1236 1972 1276 vi-

594 1300 722 1355 gilum
744 1304 783 1341 ὃζ
807 1302 976 1355 praetorii
989 1330 1001 1350 ,
1024 1305 1063 1340 ὃς
1083 1299 1158 1341 alia
1178 1302 1334 1356 praemia
1347 1302 1539 1340 virtutum
1554 1330 1567 1350 ,
1587 1301 1678 1353 quia
1693 1298 1872 1340 velocius
1889 1311 1971 1339 erat

593 1365 700 1403 vitiis
724 1364 887 1418 adeptus
903 1393 916 1413 ‚
945 1362 1219 1403 crudelitatem
1243 1378 1338 1403 mox
1354 1394 1366 1413 ‚
1393 1363 1535 1403 deinde
1562 1364 1792 1413 avaritiam,
1821 1366 1861 1402 ὃ(
1883 1363 1973 1402 viri-

591 1425 646 1466 lia
669 1425 816 1466 scelera
838 1427 1037 1466 exercuit:
1063 1440 1252 1482 corrupto
1278 1427 1326 1467 ad
1345 1441 1464 1466 omne
1487 1426 1640 1467 facinus
1660 1428 1826 1466 Nerone
1841 1455 1853 1476 ,
1874 1440 1971 1478 qua:-

594 1489 684 1528 dam
706 1490 844 1543 ignaro
863 1489 975 1529 ausus
989 1519 1002 1539 ,
1028 1505 1073 1529 ac
1094 1490 1292 1544 postremo
1314 1487 1490 1541 ejusdem
1512 1489 1688 1529 desertor
1710 1504 1755 1529 ac
1774 1489 1968 1544 proditor.
2001 1507 2055 1532 20

592 1551 708 1591 Unde
729 1567 810 1592 non
831 1551 952 1592 alium
976 1553 1214 1607 pertinacius
1235 1552 1283 1593 ad
1304 1567 1464 1608 poenam
1491 1553 1722 1607 flagitavere
1742 1549 1756 1572 ⁸
1773 1581 1785 1601 ,
1813 1551 1970 1592 diverso

592 1614 774 1664 adfeGm,
805 1614 944 1668 quibus
965 1615 1102 1655 odium
1126 1616 1302 1655 Neronis
1323 1617 1449 1655 inerat
1463 1645 1474 1665 ‚
1501 1619 1541 1655 &
1563 1614 1703 1669 quibus
1724 1614 1969 1655 defiderium.

592 1677 713 1732 Apud
733 1677 906 1718 Galbam
927 1678 977 1717 T.
998 1678 1109 1719 Vinii
1131 1675 1310 1733 potentia
1338 1678 1546 1728 defensus,
1573 1679 1821 1734 praetexentis
1847 1695 1867 1714 (ε
1889 1678 1970 1718 ser-

636 1796 643 1809 ¹
669 1791 807 1822 Mmuum
831 1794 961 1824 Cusum
981 1796 992 1827 ]
1016 1794 1083 1822 Jam
1101 1802 1262 1823 memora-

592 1838 657 1860 tum
681 1830 766 1869 supra
787 1841 852 1870 cap.
881 1843 933 1869 14,
960 1841 991 1868 31
1009 1832 1043 1862 ὃς
1059 1841 1108 1868 39.

630 1874 641 1888 ²
665 1871 906 1908 SUBTRACTUM]
929 1871 1008 1901 Vide
1025 1871 1111 1909 supra
1129 1880 1194 1908 cap.
1212 1880 1262 1910 45.

632 1913 643 1934 3
668 1910 778 1939 ULTRO
801 1914 1002 1944 ιΜΡυτΑνιτ]
1021 1910 1173 1948 Exemplo
1187 1909 1260 1940 fidei

594 1957 664 1986 erga
689 1948 843 1985 Galbam,
866 1949 1040 1979 constanter
1065 1949 1208 1983 servatae,
1233 1949 1262 1979 se

1300 1793 1420 1828 Galba,
1438 1792 1478 1823 fic
1500 1792 1595 1823 etiarn
1619 1803 1675 1832 pro
1708 1792 1835 1823 Othone
1860 1793 1969 1825 mansit

1301 1832 1392 1862 Celso
1417 1832 1492 1862 fides
1519 1832 1659 1872 integra:
1681 1832 1750 1869 sed,
1773 1832 1861 1862 velut
1880 1832 1944 1863 fato
1958 1856 1967 1869 ‚

1300 1871 1424 1909 utrique
1450 1870 1584 1910 Principi
1605 1870 1727 1901 infelix.
1750 1871 1854 1901 Celsus
1884 1872 1967 1902 enim

1301 1911 1353 1940 sub
1374 1910 1438 1949 ipso
1455 1910 1585 1942 Vitellio
1602 1911 1796 1941 consulatum
1818 1910 1967 1949 retinuit,

1300 1958 1334 1980 ut
1350 1949 1469 1980 dicetur
1487 1949 1568 1980 infra
1593 1950 1666 1980 Hist.
1691 1951 1716 1980 Π
1729 1974 1738 1986 ,
1758 1954 1808 1981 60.

594 1988 682 2029 aeque
703 1987 828 2017 fidelem
847 1987 916 2018 fore
941 1987 1061 2018 Othoni
1076 1987 1284 2041 demonstra-¹
1338 1990 1351 2007 ⁶
1372 1992 1617 2019 AnmmAuTissus
1640 1991 1654 2027 ]
1687 1989 1737 2019 Sic
1770 1999 1897 2028 quoque
1929 1990 1969 2020 de

593 2034 651 2054 νη.
673 2026 718 2055 Ita
731 2027 909 2063 exemplum
924 2027 1006 2058 ultro
1025 2027 1148 2058 Othoni
1164 2027 1263 2064 impu-
1301 2028 1437 2058 Camillo
1461 2028 1570 2058 Livius
1594 2031 1638 2065 V,
1655 2032 1704 2058 26.
1725 2030 1776 2058 Ma
1799 2038 1835 2056 ηα
1853 2029 1968 2057 militum

593 2071 701 2094 tatum.
724 2066 789 2101 Jam
814 2065 929 2095 dietum
953 2066 1038 2104 supra
1058 2077 1122 2105 cap.
1144 2069 1200 2103 38,
1215 2065 1262 2095 hoc
1299 2067 1362 2096 ira.-
1377 2067 1584 2106 sbdfi’verirate
1607 2067 1712 2104 imperii
1738 2068 1819 2103 vici,
1846 2067 1965 2097 eamdem

583 2102 672 2147 filum
695 2104 747 2132 erit
766 2114 902 2133 certamen
915 2128 923 2142 ‚
945 2106 1005 2144 quis
1029 2105 1094 2135 mihi
1118 2105 1262 2142 plurimitm
1299 2107 1425 2135 virtutem
1448 2106 1478 2135 Εν
1499 2106 1634 2142 oderant,
1653 2106 1682 2136 [⁷¹
1696 2106 1878 2137 mirabantur.

594 2151 717 2178 zmputet.
1339 2151 1351 2171 7
1374 2147 1595 2183 Tiomunus]
1616 2148 1699 2184 Saepe
1728 2155 1916 2176 memoratus
1936 2146 1968 2177 in

634 2186 649 2204 4
669 2182 789 2212 ΜετυΜ
814 2184 1133 2220 κῑεοκειωΛτῐοΜε]
1148 2184 1197 2214 Ne
1209 2184 1263 2215 vi·
1300 2185 1469 2214 Annalium
1486 2185 1572 2215 libris
1593 2187 1662 2216 XIV
1676 2208 1684 2219 ,
1698 2187 1752 2215 XV
1767 2188 1800 2216 ὃς
1817 2187 1898 2216 XVI.
1915 2186 1968 2217 Vi-

595 2220 699 2250 tellius
712 2243 720 2256 ‚
744 2221 900 2265 qui-hostis
923 2231 1004 2256 crat,
1020 2223 1180 2252 adhiberet
1198 2234 1263 2254 me·
1300 2224 1338 2254 de
1353 2234 1478 2263 quoque
1500 2235 1565 2263 quae
1581 2224 1774 2264 Tigellinum
1790 2224 1922 2263 speetant
1935 2225 1967 2255 in

597 2268 663 2289 tum
683 2260 1015 2295 reconciliationis‚ut
1030 2261 1189 2292 Othonem
1201 2262 1263 2293 for·
1301 2264 1395 2293 Notis
1422 2266 1456 2294 ὅ(
1486 2264 1764 2294 Emendationibus
1791 2264 1829 2293 ad
1854 2264 1966 2294 Annal.

595 2298 832 2329 midabiliorem
869 2299 1111 2338 invifiorcmque
1137 2301 1259 2332 faceret.
1301 2304 1391 2338 XIV,
1419 2314 1467 2342 51.

594 2338 663 2368 Nec
679 2339 766 2368 aliter
781 2339 888 2368 Illustr.
906 2339 1038 2369 Huetius
1052 2364 1060 2375 ‚
1080 2351 1133 2373 ne,
1153 2350 1261 2377 accepto
1341 2341 1352 2361 Β
1373 2343 1630 2376 Fiam-rivus]
1653 2343 1711 2373 Sed
1740 2341 1845 2372 frustra
1862 2352 1870 2379 ;
1894 2351 1965 2371 eum

596 2377 786 2406 inclementias
804 2377 877 2415 Celfh
890 2400 898 2414 ‚
917 2388 1013 2407 metum
1032 2379 1142 2409 Visellio
1165 2380 1262 2417 injice-

596 2425 657 2452 ret,
680 2417 819 2452 quominus
829 2416 887 2456 fibi
904 2418 1075 2447 reconciliari
1096 2417 1185 2449 vellet.

635 2461 643 2482 5
668 2459 776 2487 Vrtur
799 2458 998 2494 famarm]
1026 2460 1063 2489 Ut
1093 2457 1170 2488 olim
1203 2468 1259 2498 pro

1300 2380 1488 2411 defendente
1502 2382 1568 2412 Titi
1583 2381 1667 2411 Vinii
1685 2380 1824 2420 potentia
1836 2404 1845 2415 ‚
1859 2390 1891 2410 ut
1903 2381 1967 2410 dic-

1300 2428 1365 2450 tum
1384 2421 1423 2451 est
1444 2421 1477 2451 in
1492 2421 1713 2460 Supplemento
1734 2420 1842 2451 Annal.
1864 2421 1933 2451 XVI
1951 2444 1962 2457 ‚

1298 2470 1348 2498 97·
