2209 3047
632 218 718 254 492
818 200 1036 240 NOTAE
1086 197 1172 239 ET
1223 197 1813 246 EMENDATIONES

633 288 715 312 terte
741 274 866 311 desunt
887 275 936 311 ob
960 274 1105 310 fraaum
1129 287 1228 312 aereae
1250 275 1381 311 tabulae
1407 276 1577 326 angulum
1601 279 1614 322 )
1638 277 1671 313 se
1696 281 1749 326 agi
1761 279 1874 325 finito.
1906 283 2009 321 Sanc.

631 325 707 367 tio,
735 325 804 374 qua
825 325 880 361 lex
905 324 1041 359 munita
1065 324 1194 361 violari
1216 338 1291 360 non
1315 324 1453 372 potest3
1479 326 1699 362 inviolabilis
1722 340 1866 378 quoque
1889 331 2008 369 decla-

630 385 746 416 ratur,
774 373 834 422 qui
857 387 900 410 ex
921 374 989 410 hac
1013 373 1090 423 lege
1105 402 1114 418 ,
1146 375 1203 410 vel
1229 374 1277 410 ob
1303 374 1397 410 hanc
1422 374 1537 424 legem
1562 377 1636 425 egit
1659 377 1827 426 egeritve.

682 423 830 459 Utinam
855 423 972 472 plures
995 424 1138 470 hujusce
1159 423 1297 472 generis
1320 423 1414 473 leges
1432 428 1613 461 extarent!
1643 426 1690 461 Iis
1711 438 1936 476 compertum
1954 429 2009 466 fo-

629 483 683 508 ret
698 500 707 515 ,
737 473 864 521 quibus
885 473 1052 522 gradibus
1076 473 1265 509 increverit
1298 473 1545 511 Romanorum
1568 475 1774 525 Principum
1808 479 2007 514 auaoritas.

628 523 680 557 Ea
699 524 768 569 jam
791 533 864 559 erat
885 523 1017 558 summa
1040 534 1120 559 ante
1142 522 1317 571 Principis
1329 524 1449 560 Severi
1469 524 1664 561 Alexandri
1683 537 1857 574 tempora.
1875 528 2008 564 Solem-

628 571 689 606 nia
710 572 805 608 enim
826 573 907 608 sunt
928 572 1079 621 Ulpiani
1104 572 1236 608 verba:
1265 574 1357 617 Quod
1380 577 1521 621 Principi
1536 578 1660 621 placuit
1674 603 1683 619 ‚
1707 577 1785 623 legis
1805 578 1895 612 habet
1917 581 2009 625 vigo-

627 634 694 656 rem
711 637 724 655 .·
753 634 787 656 ut
807 635 881 669 pote
904 625 972 657 cum
996 625 1061 670 lege
1087 623 1211 670 Regia,
1238 636 1305 670 quae
1328 624 1364 659 de
1386 627 1516 671 imperio
1548 632 1614 671 ejus
1639 627 1707 660 lata
1730 626 1790 673 est,
1820 628 1955 673 populus
1981 629 2009 662 ei

625 671 663 706 θ’
685 673 719 705 in
736 685 803 707 eum
824 686 912 708 omne
930 673 1020 718 suum
1041 675 1207 717 imperium
1232 674 1268 707 ξφ
1282 673 1468 720 potestatem
1488 676 1640 722 conferat.
1665 676 1886 724 Quodcumque
1907 680 2008 725 igitur

621 722 800 766 Imperator
819 736 875 768 per
899 721 1059 768 epistolam
1083 722 1116 756 ἓν
1132 722 1392 768 subscriptionem
1406 723 1525 770 statuit
1540 751 1550 768 ,
1572 726 1623 760 vel
1648 728 1827 772 cognoscens
1847 727 2004 768 decrevit,

623 771 676 804 vel
697 771 732 805 de
755 773 850 816 plano
875 772 1078 805 interlocutus
1100 771 1166 818 est,
1189 773 1240 806 asel
1263 772 1360 806 edic‘lo
1379 776 1547 819 paecepit,
1575 775 1672 822 legem
1699 777 1752 823 este
1785 776 1913 823 constat.
1936 775 2006 811 Di-

621 818 705 868 gest.
732 819 811 855 libr.
832 821 857 855 1.
882 820 956 856 Tit.
978 831 1014 866 4.
1040 821 1076 855 de
1097 820 1377 867 Constitutionilius
1402 824 1585 868 Principum
1610 823 1694 872 Leg.
1718 825 1749 860 I.

679 868 957 912 PosTtJLAssAT,
985 882 1072 912 QUAE
1099 874 1116 917 ]
1143 870 1219 907 Mff.
1245 870 1356 909 Corb.
1376 874 1409 908 <Sc
1427 872 1513 922 Agr.
1532 872 1675 920 postulat
1690 901 1701 917 ,
1731 874 1769 909 θ’
1792 888 1870 923 quae.

671 970 774 1005 CAP.
807 970 888 1007 VII.
918 971 1114 1008 MEMOR1A
1144 984 1414 1009 FLAGITIORUM
1445 985 1683 1010 URGERETUR
1700 976 1718 1018 ]
1735 973 1791 1008 Ita
1811 972 1886 1009 ΜΠ.
1904 973 2002 1010 Flor.

618 1018 706 1068 Reg.
728 1019 827 1055 Harl.
846 1020 954 1057 Bodl.
974 1021 1040 1058 Jes.
1070 1022 1190 1058 Guelf.
1210 1022 1429 1059 Puteolanus
1445 1051 1454 1066 ‚
1486 1027 1517 1059 ὅς
1539 1023 1782 1059 Recentiores.
1803 1022 1871 1059 Ms.
1888 1024 2000 1062 Corb.

620 1071 654 1104 ὃς
673 1068 786 1105 editio
803 1070 971 1119 princeps
984 1100 993 1114 ,
1017 1085 1058 1107 ac
1072 1071 1226 1120 Lipfius,
1241 1076 1390 1108 memoria
1401 1074 1609 1121 flagitiorum
1638 1084 1772 1113 urgerer.

665 1117 728 1154 UT
756 1130 795 1154 1N
824 1132 1017 1163 CUJUSQUE
1049 1133 1172 1158 VITAM
1201 1134 1417 1163 FAMAMQUE
1446 1122 1540 1168 ]Sic
1563 1122 1628 1157 Ms.
1647 1121 1744 1158 Flor.
1767 1123 1880 1159 editio
1902 1124 1998 1172 prin-

617 1179 720 1214 ceps,
746 1168 903 1206 Pichena
928 1174 961 1207 &
986 1172 1229 1210 Recentiores.
1245 1172 1304 1208 Sic
1328 1184 1474 1221 quoque
1494 1171 1720 1208 emendatum
1742 1172 1778 1207 in
1802 1173 1866 1210 ΜΓ.
1890 1173 1997 1210 Bodl.

615 1217 665 1252 At
682 1217 757 1253 Mff.
777 1218 881 1256 Harl.
901 1220 1007 1257 Bodl.
1028 1221 1143 1270 prima
1161 1235 1267 1258 manu
1281 1250 1290 1266 ‚
1314 1221 1380 1258 Jes.
1401 1221 1512 1257 Corb.
1530 1225 1563 1258 ὃ(
1582 1221 1818 1264 Puteolanus,
1845 1235 1879 1257 ut
1898 1224 2000 1269 unius-

614 1268 758 1315 cujufiyue
780 1272 883 1304 vitam
897 1271 1083 1319 famamque
1107 1284 1319 1317 penetrarent.
1348 1272 1494 1319 Copula
1519 1285 1574 1319 que
1607 1283 1626 1306 a
1652 1271 1833 1308 Beroaldo
1863 1272 1998 1308 omissa.

664 1318 809 1354 SEN‘rlo
838 1323 855 1364 ]
884 1318 939 1355 Ita
956 1321 1031 1357 Mff.
1055 1321 1172 1357 Varie.
1198 1323 1293 1371 1863
1320 1325 1352 1357 <St
1382 1323 1493 1365 1864.
1514 1321 1611 1356 Flor.
1633 1321 1721 1369 Reg.
1747 1321 1860 1358 Corb.
1882 1322 1998 1358 editio

612 1365 799 1416 princeps,
825 1368 959 1417 Lipsius
982 1374 1015 1406 δε
1038 1369 1281 1407 Recentiores.
1304 1371 1347 1406 In
1369 1371 1434 1406 Ms.
1456 1370 1574 1406 Varie.
1609 1373 1719 1419 1958.
1745 1373 1877 1409 Sene1i0.
1898 1373 1933 1407 A
1955 1372 2000 1407 li-

614 1415 733 1452 brario
753 1418 1019 1465 superadditum
1037 1422 1198 1455 Senetione
1220 1424 1254 1456 &
1276 1421 1400 1455 Seneca.
1428 1419 1645 1455 Puteolanus
1668 1420 1800 1461 edidit,
1823 1423 1996 1458 Senecione.

611 1463 655 1499 In
679 1465 748 1501 Ms.
769 1467 870 1504 Harl.
888 1470 1022 1505 Senetio.
1042 1469 1107 1504 Ms.
1133 1468 1199 1505 Jes.
1215 1471 1350 1504 Senecio.
1374 1468 1440 1504 Ms.
1460 1468 1567 1504 Bodl.
1588 1470 1773 1510 Senetione;
1795 1473 1828 1506 ὃ(
1848 1471 1885 1506 in
1907 1484 1997 1506 mar-

610 1513 694 1562 gine
716 1516 839 1553 Seneca.
865 1518 957 1564 Quis
980 1518 1088 1554 fuerit
1108 1519 1249 1554 Sentius
1273 1519 1459 1567 ignoratur
1473 1531 1485 1560 3
1512 1530 1628 1566 neque
1650 1519 1795 1566 usquam
1821 1533 1996 1556 memora—

610 1574 677 1600 tur.
703 1565 809 1602 Certe
828 1580 927 1604 error
947 1567 995 1604 est
1016 1569 1053 1603 in
1074 1569 1247 1605 Senecione.
1269 1567 1363 1603 Nam
1383 1567 1536 1603 Senecio
1554 1579 1573 1601 a
1593 1566 1759 1616 Principe
1777 1567 1997 1606 Domitiano

611 1613 750 1650 occisus
774 1615 833 1652 est.
859 1617 968 1652 Nulla
990 1617 1084 1654 foret
1105 1617 1144 1652 in
1166 1618 1280 1654 Seneca
1300 1616 1511 1661 difficultas,
1535 1616 1559 1652 fi
1581 1616 1694 1666 magis
1718 1617 1879 1655 faverent
1897 1618 1994 1656 libri.

609 1662 744 1713 Virque
767 1665 835 1702 fuit
861 1667 1064 1716 Vespasiani
1090 1667 1249 1703 amicitia
1271 1667 1411 1716 dignus.

661 1713 810 1751 Amicos
836 1729 930 1753 EssE.
961 1717 1069 1753 SATrs
1098 1721 1115 1763 ]
1143 1717 1199 1753 lta
1220 1717 1296 1753 Mff.
1309 1717 1488 1754 editiones
1511 1726 1648 1754 veteres
1663 1744 1671 1759 ‚
1697 1717 1860 1766 Ryckius
1875 1721 1908 1755 &
1929 1718 1992 1756 Re-

610 1764 797 1802 centiores.
822 1765 1015 1804 Rhenanus
1028 1770 1062 1804 δε
1075 1766 1132 1803 Cl.
1151 1767 1314 1805 Ernestus
1327 1795 1338 1812 ,
1366 1770 1493 1804 amicos.
1517 1764 1586 1815 Eſje
1604 1768 1700 1814 satis.

659 1864 762 1904 CAP.
794 1869 896 1905 VIII.
923 1869 1143 1906 SECUNDUM
1160 1880 1317 1906 VETERA
1337 1879 1514 1905 ExEMPLA
1532 1871 1549 1913 ]
1570 1866 1668 1904 Bene
1687 1867 1753 1906 Ms.
1771 1867 1882 1904 Corb.
1902 1868 1992 1906 Rhe-

608 1924 719 1950 nanus
747 1921 779 1954 &
801 1919 1045 1956 Recentiores.
1068 1919 1192 1956 Editio
1216 1920 1407 1968 princeps,
1431 1920 1488 1966 fid
1503 1919 1674 1966 secundum
1699 1931 1807 1953 vetera
1836 1921 1991 1965 exempla.

608 1963 668 1998 SIC
693 1978 837 2017 quoque
862 1969 1090 2006 emendatum
1113 1969 1150 2006 in
1173 1970 1242 2006 Ms.
1259 1969 1362 2005 Harl.
1387 1969 1463 2006 Mff.
1489 1967 1597 2004 Bodl.
1615 1966 1681 2004 Jes.
1700 1971 1733 2004 ὃς
1754 1968 1992 2012 Puteolanus,

598 2012 656 2058 fid
675 2028 779 2052 vetera
804 2021 960 2065 exempla.

660 2063 748 2101 AUT
777 2079 987 2105 1N1M1C1T118
1016 2073 1032 2114 ]
1060 2069 1128 2105 Ms.
1158 2070 1270 2106 Corb.
1295 2080 1352 2104 aut
1376 2070 1564 2104 inimicitiae.

658 2110 706 2149 ID
737 2128 848 2153 MAcrs
878 2131 1088 2155 vrTANDUM
1117 2123 1133 2165 ]
1162 2120 1335 2155 Vitandum
1355 2131 1539 2167 perperam
1558 2117 1718 2153 omiffum
1735 2117 1769 2153 in
1789 2118 1866 2153 Mff.
1882 2116 1986 2153 Harl.

605 2160 712 2199 Bodl.
739 2165 804 2202 Jes.
828 2167 918 2203 Eud.
939 2168 1057 2205 Guelf.
1083 2169 1258 2205 Additum
1282 2168 1330 2205 est
1352 2169 1389 2203 in
1414 2168 1573 2215 margine
1596 2166 1672 2203 Mff.
1698 2167 1800 2204 Harl.
1825 2167 1943 2203 Guelf.

654 2215 891 2252 PEnvrcACIA
919 2231 1174 2259 QUORUMDAM
1203 2222 1220 2264 ]
1252 2218 1348 2254 Bene
1379 2218 1455 2253 Mss'.
1484 2217 1580 2253 Flor.
1614 2216 1701 2265 Reg.
1731 2218 1842 2254 Corb.
1870 2216 1984 2253 editio

600 2264 788 2313 princeps,
814 2265 1006 2304 Rhenanus
1031 2272 1065 2304 ὃς
1090 2268 1330 2305 Recentiores.
1356 2267 1433 2303 Mff.
1457 2267 1558 2303 Harl.
1582 2266 1689 2303 Bodl.
1713 2267 1782 2304 Jes.
1801 2271 1834 2304 ὅ(
1855 2266 1986 2302 Puteo-

600 2313 724 2358 lanus,
757 2319 939 2361 peruicacia'
974 2320 1166 2365 cujufiluam.

653 2362 700 2398 SE
729 2377 928 2401 MEMINISSE
958 2371 975 2413 ]
1006 2364 1151 2404 ‘Frustra
1174 2378 1288 2405 tentat
1315 2366 1533 2412 Rhenanus,
1554 2367 1746 2415 memimffet.
1782 2364 1880 2401 Male
1912 2364 1983 2403 Ms.

603 2411 714 2450 Corb.
732 2416 770 2462 se
792 2417 948 2465 monutffi’.
