2209 3047
888 179 936 220 C.
996 178 1408 222 CORNELII
1463 177 1742 224 TACITI

628 260 734 300 Mox
750 289 762 310 ,
792 258 904 300 civili
931 260 1036 300 inter
1057 274 1130 302 nos
1151 259 1260 301 bello
1275 290 1287 310 ,
1311 261 1515 316 postquam
1542 262 1585 300 in
1616 261 1809 302 ditionem
1829 265 1890 305 Μ.
1916 266 2003 308 An·-

629 324 733 363 tonii
763 323 978 379 provinciae
1002 323 1192 364 cesserant
1210 329 1248 369 ¹3
1280 337 1351 363 rex
1374 324 1611 364 Parthorum
1636 325 1810 366 Pacorus
1830 330 1845 346 ²
1873 327 2006 370 Judaea

631 184 716 230 308

495 283 608 298 5

494 317 525 340 A.
538 317 565 338 [Σ.
577 316 606 339 C.

517 360 587 433 ἓξὲξ
628 387 780 442 potitus
793 416 806 436 ,
835 386 1138 440 interfeciusque
1155 402 1175 426 a
1198 387 1240 426 P.
1265 386 1483 437 Ventidio,
1501 391 1540 428 &
1560 388 1695 428 Parthi
1711 400 1816 429 trans
1831 388 2004 444 Euphra-

521 461 572 488 70·
628 463 698 490 ten
722 449 889 490 redaffi:
917 449 1074 494 Judaeos
1099 449 1146 489 C.
1177 448 1308 490 Sosius
1333 454 1343 477 ³
1383 449 1551 505 subegit.
1577 451 1767 506 Regnum
1797 450 1844 492 ab
1872 453 2006 493 Anto-

630 513 698 553 nio
722 513 909 554 Herodi4
937 513 1099 563 datum,
1125 513 1251 552 vidos
1270 513 1469 568 Augustus
1486 515 1608 554 auxit.
1626 515 1716 555 Post
1734 527 1904 555 mortem
1917 516 2005 556 He-
2030 529 2052 567 ς

630 575 737 616 rodis
753 605 766 627 ,
792 574 895 616 nihil
916 576 1141 632 exspeclato
1172 574 1323 616 Caesare
1337 606 1350 626 ‚
1376 578 1517 618 Simon
1542 577 1701 631 quidam
1720 582 1732 608 5
1761 579 1916 632 regium
1930 592 2005 618 no-

630 652 725 679 men
762 639 970 679 invaserat.
1011 639 1048 679 Is
1075 654 1096 679 a
1135 638 1360 693 Quinffllio
1403 641 1542 691 Varo,
1582 639 1790 681 obtinente
1821 642 2007 694 Syriam,

631 703 812 757 punitus:
840 705 880 742 ὃ(
907 715 1071 756 gentem
1094 703 1342 753 coercitam,
1367 702 1483 743 liberi
1510 704 1686 744 Herodis
1714 705 1914 760 tripartito
1947 718 2007 744 re-

630 778 723 805 xere
741 763 769 804 ⁶.
796 763 877 804 Sub
900 764 1065 805 Tiberio
1081 766 1212 819 quies:
1231 765 1323 806 dein
1338 794 1350 815 ,
1369 764 1453 818 juffi
1469 782 1491 807 a
1511 767 1559 807 C.
1576 766 1727 807 Caesare
1744 771 1758 793 ⁷
1789 783 1810 803 (ε
1833 767 2009 821 effigiem

628 842 650 864 >2
661 825 744 878 ejus
775 828 816 866 in
844 826 998 882 templo
1023 827 1158 868 locare
1179 845 1222 878 »,
1248 843 1355 869 arma
1378 830 1509 885 potius
1534 830 1753 885 sumpsere:
1781 844 1900 883 quem
1920 845 2008 870 mo-

629 904 715 931 tum
742 889 902 930 Caesaris
925 905 1032 930 mors
1062 890 1232 932 diremit.
1268 891 1482 943 Claudius,
1509 893 1701 934 defunctis
1728 891 1912 946 regibus,
1940 906 2008 933 aut

629 953 677 993 ad
699 952 904 992 modicum
926 952 1090 993 redactis
1112 950 1126 974 ⁸
1142 983 1154 1003 ,
1185 954 1362 997 Judaeam
1393 957 1645 1011 provinciam
1660 961 1676 983 9
1702 953 1900 1008 equitibus
1921 955 2007 996 Ro-

629 1016 754 1055 manis
769 1044 780 1064 ,
798 1027 865 1055 aut
891 1013 1043 1056 libertis
1059 1016 1253 1071 permisit:
1280 1031 1302 1057 e
1330 1017 1472 1071 quibus
1493 1019 1695 1059 Antonius
1719 1016 1836 1058 Felix
1863 1023 1919 1068 ¹0,
1937 1032 2008 1074 per

630 1092 792 1119 omnem
820 1077 1012 1119 saevitiam
1038 1093 1085 1119 ac
1115 1077 1354 1131 libidinem,
1385 1078 1446 1133 jus
1479 1083 1634 1136 regium
1671 1079 1804 1121 servili
1838 1082 2007 1136 ingenio

2041 846 2086 872 10

666 1181 676 1195 ¹
700 1176 884 1208 Pnovmcrs.
906 1177 1107 1214 crssmaur]
1122 1177 1297 1209 Provinciae

626 1214 776 1245 Orientis.

665 1258 676 1270 ²
700 1255 769 1285 Rex
791 1255 993 1286 PARTHORUM
1014 1256 1187 1294 Piconus]
1207 1257 1298 1287 Taci-

624 1300 672 1323 tus
696 1294 748 1324 vel
768 1294 868 1324 adhuc
891 1302 988 1330 errat,
1008 1295 1060 1324 vel
1075 1295 1230 1337 scripserat
1242 1319 1252 1332 ,
1264 1295 1297 1324 F.

1337 1179 1486 1218 Magnus,
1498 1178 1638 1209 amicitiai
1653 1179 1687 1210 ὅτ
1700 1178 1880 1209 auetoritate
1906 1179 2007 1210 Anto-

1337 1218 1383 1247 nii
1404 1219 1512 1254 nixus‚
1537 1219 1646 1248 Judaeae
1662 1228 1791 1257 regnum
1814 1218 2008 1261 senatuscon-

1337 1257 1418 1287 sulto
1439 1257 1559 1296 accepit
1571 1268 1655 1288 anno
1675 1259 1710 1288 U.
1725 1258 1761 1287 C.
1778 1268 1919 1295 nccxlv;
1940 1267 2007 1287 vic-

1336 1305 1434 1336 toque
1449 1297 1610 1336 Antigono
1624 1321 1632 1333 ,
1648 1307 1702 1327 rex
1725 1297 1836 1327 iterum
1849 1296 2006 1327 renuntia-

624 1332 1299 1404 3{;2i¹}‡²5;„f²⁰'1·2.{353}.“³‘Fal-effigi&'²525

623 1409 791 1440 Parthorum
809 1412 849 1441 est
865 1411 994 1449 alicujus
1006 1412 1095 1442 scioli
1107 1413 1299 1444 additamen-

623 1457 702 1479 tum.
725 1452 854 1481 Pacorus
876 1451 960 1481 enim
977 1461 1147 1490 numquam
1171 1451 1230 1482 fuit
1241 1464 1297 1484 rex

623 1488 809 1520 Parthorum
819 1513 827 1525 ‚
848 1490 901 1520 sed
916 1490 996 1519 filius
1009 1500 1072 1520 erat
1081 1490 1196 1521 Orodis
1209 1515 1217 1526 ‚
1229 1493 1297 1522 Par-

623 1527 752 1571 thorum
762 1529 851 1568 regis.
864 1529 966 1559 Missus
977 1539 994 1559 a
1006 1539 1091 1568 patre
1105 1549 1114 1566 ,
1126 1530 1230 1560 Judaea
1243 1541 1298 1570 po-

623 1574 698 1597 ntus
720 1569 761 1598 est
777 1579 860 1599 anno
879 1570 914 1598 U.
935 1570 971 1598 C.
989 1579 1132 1600 Dccxw=
1153 1579 1236 1600 anno
1253 1571 1296 1600 se-

623 1606 735 1645 quenti
763 1617 781 1636 a
809 1609 838 1637 P.
868 1608 1020 1638 Ventidio
1042 1632 1051 1645 ,
1079 1609 1296 1640 Romanorum

626 1646 706 1676 duce
719 1670 727 1681 ,
749 1656 844 1684 quem
864 1647 1024 1677 Antonius
1041 1647 1205 1678 adversum
1228 1650 1297 1679 Par-

623 1684 694 1715 thos
712 1685 835 1715 miserat
847 1709 855 1720 ‚
874 1686 973 1716 vietus
993 1687 1027 1716 ὃ(
1045 1686 1222 1718 interfec'tus
1245 1689 1294 1719 est.

621 1723 744 1762 Joseph.
767 1725 876 1764 Antiq.
904 1726 974 1756 Jud.
1001 1727 1092 1763 XIV,
1128 1737 1159 1764 13
1175 1745 1184 1759 2
1205 1737 1241 1764 14
1262 1728 1295 1759 8<

627 1773 673 1801 15.
690 1763 752 1793 Dio
770 1765 925 1801 XLVIII,
941 1774 1010 1803 pag.
1027 1775 1095 1804 372.
1116 1766 1150 1797 δί
1170 1767 1273 1797 XLIX
1286 1791 1295 1804 ‚

623 1812 692 1841 pag.
714 1813 785 1840 404.
805 1803 902 1833 Fort'e
929 1812 1034 1834 tamen
1059 1804 1185 1835 Tacitus
1206 1805 1298 1845 scrip-

623 1841 702 1871 serat
717 1852 766 1870 rex
783 1841 925 1879 Pacorus,
942 1843 1027 1882 quod
1048 1843 1107 1873 filii
1128 1854 1234 1884 regum
1251 1846 1297 1876 di-

624 1889 733 1948 cimur
746 1891 849 1921 reges,
867 1890 903 1913 ut
919 1882 1056 1913 vidimus
1073 1882 1159 1922 supra
1178 1884 1216 1915 de
1225 1885 1296 1924 Epi-

623 1928 642 1957 p
668 1929 735 1950 ane.

662 1964 672 1983 ³
697 1961 733 1989 C.
745 1960 854 1990 Sosius
867 1962 880 1998 ]
894 1961 1089 2001 Antigonus,
1099 1972 1192 2002 quem
1202 1964 1296 1993 Paco-

622 2007 672 2026 rus
689 2008 792 2037 regem
804 2000 982 2030 Judaeorum
994 2001 1110 2032 fecerat
1120 2025 1128 2037 ,
1151 2002 1295 2033 adversus

622 2037 782 2067 Romanos
808 2039 984 2070 rebellavit.
1004 2041 1225 2080 Hierosolyma
1244 2052 1295 2072 ex-

622 2084 739 2119 pugnat
755 2076 872 2115 Sofiu53
886 2079 920 2109 ὃ(
938 2080 1132 2119 Antigonus,
1144 2081 1221 2117 juffu
1233 2083 1296 2111 An-

1338 1346 1383 1366 tus
1404 1336 1444 1366 est
1466 1346 1550 1367 anno
1573 1338 1608 1366 U.
1637 1338 1673 1366 C.
1708 1347 1856 1367 Dccxvn.
1884 1335 2007 1374 Joseph.

1337 1376 1444 1414 Antiq.
1464 1376 1533 1404 Jud.
1550 1377 1622 1405 XIV
1635 1399 1643 1411 ,
1659 1379 1697 1404 26
1713 1376 1746 1405 &
1765 1377 1815 1405 28.
1830 1374 1908 1405 Vide
1924 1385 2007 1414 quo-

1337 1424 1396 1453 que
1420 1416 1555 1444 Stemma
1583 1414 1763 1447 Herodum‚
1795 1424 1879 1443 num.
1913 1423 1939 1450 3.
1972 1413 2007 1444 in

1337 1453 1430 1483 Notis
1464 1454 1499 1484 &
1528 1453 1808 1483 Emendationibus
1831 1453 1870 1483 ad
1889 1453 2005 1483 Annal-

1336 1494 1415 1529 ΧΠ,
1434 1503 1483 1530 23.

1378 1537 1386 1559 5
1411 1533 1511 1561 Smou
1533 1533 1688 1569 Quinam]
1711 1531 1819 1561 Simon
1849 1531 1920 1566 ille,
1944 1530 2007 1560 He-

1337 1571 1421 1601 rodis
1434 1570 1535 1601 servus
1548 1594 1556 1605 ‚
1572 1571 1635 1600 dux
1650 1569 1712 1600 fuit
1723 1570 1900 1605 seditionis,
1913 1579 2006 1608 quam

1336 1618 1489 1640 memorat
1507 1609 1654 1649 Josephus
1677 1609 1784 1648 Antiq.
1804 1609 1872 1640 Jud.
1896 1609 2005 1644 XVII,

1341 1660 1386 1679 10.
1403 1660 1487 1679 num.
1507 1652 1538 1679 6.

1375 1690 1389 1708 ⁶
1410 1690 1616 1719 Tmmnrrro
1638 1689 1794 1725 REXERE]
1820 1687 2006 1722 Archelaus,‘

1336 1728 1489 1759 tetrarcha
1522 1727 1582 1758 fuit
1604 1729 1733 1765 Judaeae3
1756 1726 1918 1763 Herodes,
1941 1727 2004 1756 Ga-

1336 1767 1441 1806 lilaeae3
1458 1767 1614 1806 Philippus
1625 1791 1634 1804 ,
1650 1769 1764 1798 lturaeae
1783 1766 1817 1796 ὃ(
1835 1765 2005 1796 Trachoni-

1337 1807 1421 1837 tidis.
1442 1807 1523 1838 Vide
1544 1808 1679 1837 Stemma
1705 1805 1868 1836 Herodum
1884 1828 1894 1841 ,
1917 1814 2005 1835 num.

1336 1857 1371 1876 21
1387 1870 1396 1883 ,
1421 1857 1459 1876 22
1474 1847 1508 1877 ὃ(
1527 1857 1576 1883 24.

1375 1892 1388 1911 7
1410 1887 1437 1914 A
1459 1887 1495 1916 C.
1513 1885 1672 1922 Cissim]
1695 1886 1722 1914 A
1738 1883 1817 1914 Caio
1839 1882 2003 1922 Caligu153

1335 1935 1353 1954 a
1379 1935 1444 1962 quo
1473 1924 1536 1962 juffi
1569 1924 1702 1963 effigiem
1739 1923 1842 1957 suam,
1873 1922 2004 1966 nomine

1336 1965 1441 1994 NOVl
1462 1965 1571 1994 IOVIS
1598 1963 1814 1994 INLVSTRIS
1836 1962 1919 1990 CAH
1938 1985 1947 1997 ‚
1969 1971 2004 1990 m

1312 2002 1454 2042 ‘templo
1489 2004 1604 2033 locare.
1636 2002 1717 2033 Vide
1750 2000 2006 2040 Supplementum

1335 2042 1448 2072 Annal.
1471 2043 1565 2078 vm,
1585 2052 1633 2081 57.

1375 2081 1387 2101 ⁸
1409 2083 1457 2111 Ar>
1477 2092 1630 2112 MODICUM
1646 2079 1917 2115 REDAcT15]Unus
1930 2087 2005 2109 tunc

621 2115 724 2148 tonii,
756 2116 850 2155 virgis
877 2118 1004 2148 caeditut
1029 2120 1063 2149 ὃς
1091 2120 1296 2151 obtruncatur
1334 2121 1496 2157 Herodes,
1524 2120 1618 2150 frater
1639 2119 1779 2158 Agrippa·
1798 2117 1922 2156 Magni,
1941 2127 2005 2156 reg-

622 2163 706 2184 anno
730 2155 764 2184 U.
789 2156 825 2185 C.
855 2167 1003 2189 Dccxvu.
1034 2158 1157 2197 joseph.
1185 2159 1294 2198 Antiq.
1335 2170 1411 2190 num
1429 2160 1586 2190 Chalcidis
1607 2159 1788 2197 occupabat.
1810 2157 1892 2187 Vide
1907 2159 2006 2187 Stem-

622 2193 693 2223 Jud.
713 2194 806 2227 XIV,
832 2199 877 2224 16.
901 2197 964 2227 Dio
983 2198 1106 2233 XLIX,
1129 2207 1195 2235 pag.
1221 2210 1262 2236 40
1286 2223 1294 2234 ,

622 2231 686 2262 haec
705 2232 860 2276 superiore
878 2245 976 2277 ⁴anno
1010 2237 1087 2276 gesta
1115 2230 1240 2275 scribit,
1261 2209 1295 2269 ἐξ

621 2270 742 2315 Sofiurn
761 2275 920 2304 immerito
947 2276 1083 2313 appellat
1110 2276 1231 2314 Stffium.
1258 2279 1292 2306 In

621 2318 721 2351 yeten
755 2321 909 2342 marmore
929 2315 1009 2352 apud
1041 2315 1090 2345 Cl.
1120 2316 1292 2353 Muratori,

620 2350 747 2387 lnssript.
771 2350 866 2390 Antiq.
896 2353 991 2383 Tom.
1018 2355 1040 2382 I.
1065 2364 1130 2391 paz.
1160 2366 1289 2392 ccxcv,

619 2398 704 2418 num.
721 2400 749 2418 2.
771 2399 961 2422 memoratur
979 2393 1018 2422 C.
1038 2394 1180 2422 SOSIVS.

653 2432 668 2451 ⁴
688 2428 846 2467 Hrnom]
869 2431 1034 2470 Herodes,
1061 2432 1158 2463 dietus
1188 2433 1290 2471 postea

1333 2209 1383 2229 ma
1394 2200 1575 2236 Heredum,
1591 2208 1675 2228 num.
1698 2208 1747 2237 ²5·

1373 2244 1385 2263 9
1407 2240 1545 2269 JUDAEAM
1567 2236 1803 2272 PROVlscmm]
1829 2235 1909 2266 Vide
1933 2244 2000 2274 quae

1333 2278 1395 2315 jam
1419 2279 1498 2309 dic'ta
1525 2278 1593 2308 sunt
1621 2277 1710 2315 supra
1729 2275 1842 2306 Annal.
1864 2275 1940 2310 XII,
1962 2283 1998 2310 23

1334 2318 1580 2386 ὃςΝξῗὶιετοκως
1602 2355 1702 2384 Fam
1712 2353 1726 2389 ]
1737 2351 1880 2383 Pallantis
1890 2351 1985 2381 frater
1993 2373 2003 2386 ,

1332 2394 1456 2425 Claudii
1475 2395 1622 2427 libertus,
1645 2392 1737 2422 trium
1750 2391 1925 2430 reginarum
1941 2399 2005 2420 ma-

1330 2433 1416 2466 ritus.
1428 2434 1509 2466 Vide
1520 2435 1656 2466 Stemma
1667 2431 1827 2462 Herodum
1837 2454 1846 2469 ‚
1858 2440 1944 2461 num.
1955 2440 2004 2469 14·
