2230 3047
478 289 593 310 Ξ

479 327 508 352 Α.
521 330 549 351 U.
562 329 593 352 C.

501 373 571 400 822.

501 422 522 445 J.
536 424 568 446 C.

504 468 556 503 69.

627 208 706 235 100
887 193 934 234 C.
994 192 1397 235 CORNELII
1456 191 1739 233 TACITI

618 274 734 316 bellis
761 271 848 329 plus
874 272 1093 328 militibus,
1121 273 1238 328 quam
1266 272 1433 314 ducibus
1449 301 1462 322 ,
1485 272 1608 313 licere
1624 277 1652 312 ¹.

680 337 833 377 XXX.
866 337 1231 378 MUN1ENTIBUS
1259 338 1379 377 castra
1399 335 1504 391 apud
1518 335 1736 385 Ticinum,
1756 332 1805 375 de
1830 332 1992 376 adversa*

617 399 785 441 Caecinae
809 398 941 455 pugna
955 399 1119 441 allatum
1133 430 1146 450 ,
1167 405 1207 441 ὅ(
1224 399 1348 455 prope
1363 410 1553 439 renovata
1566 397 1709 438 seditio
1722 426 1734 447 ,
1756 414 1777 434 (ε
1791 411 1990 452 tamquam

614 463 785 503 »fraude
805 467 846 504 ὃ(
862 462 1180 504 αιηξὶειῑίοηὼιιε
1203 460 1387 503 Valentis
1414 460 1559 517 proelio
1579 460 1842 501 defuiffent».
1861 460 1990 502 Nolle

613 527 791 580 :requiem
803 555 817 577 ,
834 541 915 566 non
943 526 1166 582 exspeckire
1195 525 1339 565 ducem
1351 554 1364 575 ‚
1381 525 1530 565 anteire
1558 524 1665 578 signa
1679 553 1692 574 ,
1717 538 1858 578 urgere
1872 524 1992 578 figni-

613 589 740 631 feros:
756 589 894 646 rapido
914 591 1072 644 agmine
1097 588 1262 628 Caecinae
1288 586 1520 642 junguntur.
1538 586 1790 642 Improspera
1806 585 1990 628 Valentis

612 652 718 693 fama
745 652 850 708 apud
872 653 1094 692 exercitum
1120 651 1286 691 Caecinae
1304 664 1409 691 erat:
1442 667 1464 687 «
1481 650 1678 706 expositos
1702 648 1742 689 se
1769 652 1882 690 tanto
1899 664 1990 705 pau-

612 717 774 756 »ciores
799 716 963 769 integris
981 715 1152 754 hostium
1166 712 1314 754 viribus
1330 731 1352 751 2>
1377 713 1642 767 querebantur
1654 742 1666 763 ,
1687 711 1801 751 simul
1823 714 1864 752 in
1881 712 1989 752 suam

612 778 940 826 excusationem,
968 781 1008 817 ὅ(
1042 777 1346 817 adventantium
1382 775 1502 816 robur
1535 791 1604 832 per
1634 774 1906 816 adulationem
1936 788 1989 816 at-

612 840 825 890 tollentes,
849 854 898 880 ne
917 852 962 879 ut
981 841 1074 880 victi
1100 844 1140 880 ὅ(
1163 841 1298 894 ignavi
1322 839 1652 895 despeciarentur.
1670 837 1721 878 Et
1749 853 1988 892 quamquam

613 902 702 960 plus
726 905 870 944 virium
885 932 898 955 2
925 904 1050 958 prope
1078 901 1303 958 duplicatus
1334 901 1543 957 legionum
1569 900 1889 953 auxiliorumque
1920 915 1988 940 nu-

613 981 743 1007 merus
769 979 850 1006 erat
871 964 1063 1015 Valenti,
1091 966 1212 1006 studia
1237 979 1373 1005 tamen
1398 964 1572 1005 militum
1597 965 1638 1003 in
1655 964 1857 1004 Caecinam
1876 961 1989 1004 incli-

614 1029 762 1070 nabant
779 1043 790 1075 3
817 1027 932 1084 super
948 1026 1238 1082 benignitatem
1253 1029 1374 1068 animi
1386 1057 1399 1077 ‚
1417 1025 1492 1081 qua
1509 1028 1732 1082 promptior
1748 1024 1988 1077 habebatur,

613 1094 734 1132 etiam
753 1093 892 1146 vigore
917 1092 1038 1131 aetatis
1054 1096 1066 1111 ²
1083 1120 1095 1141 ‚
1120 1092 1359 1147 proceritate
1387 1091 1564 1145 corporis
1580 1120 1593 1140 ‚
1614 1093 1655 1130 ὃς
1680 1088 1852 1142 quodam
1878 1090 1988 1129 inani

611 1154 749 1194 favore
769 1159 796 1194 ³.
816 1155 928 1195 Hinc
949 1152 1147 1195 aemulatio
1169 1152 1350 1194 ducibus.
1371 1153 1531 1193 Caecina
1544 1182 1556 1203 ,
1580 1169 1602 1189 «
1618 1165 1663 1193 ut
1682 1152 1835 1192 foedum
1854 1156 1894 1192 &
1910 1167 1988 1193 ma-

611 1216 830 1258 »culosum
850 1222 867 1245 4
895 1233 934 1256 »z
959 1216 1028 1257 ille
1044 1247 1057 1267 ,
1096 1233 1117 1253 (ε
1140 1230 1184 1256 ut
1211 1231 1359 1257 vanum
1387 1231 1433 1257 ac
1462 1215 1660 1255 tumidum
1681 1232 1726 1265 »,
1750 1214 1986 1256 inridebant.

610 1280 691 1321 Sed
712 1280 880 1320 condito
900 1279 1021 1330 odio,
1047 1280 1227 1320 eamdem
1252 1278 1467 1320 utilitatem
1490 1278 1627 1318 fovere
1643 1308 1655 1328 ‚
1675 1277 1822 1319 crebris
1849 1279 1986 1334 episto-

609 1342 686 1393 lis,
711 1343 790 1383 sine
814 1343 991 1398 respe&u
1013 1344 1136 1383 veniae
1151 1372 1163 1393 ,
1188 1342 1331 1398 probra
1355 1342 1515 1383 Othoni
1532 1339 1793 1392 objeCrantes:
1815 1343 1905 1381 cum
1920 1341 1988 1382 du-

611 1421 677 1447 ces
697 1407 867 1462 partium
893 1406 1070 1446 Othonis
1085 1435 1099 1456 ,
1124 1407 1303 1459 quamvis
1323 1402 1521 1446 uberrima
1543 1405 1824 1445 conviciorum
1849 1405 1891 1444 in
1918 1405 1987 1446 Vi-

609 1467 767 1509 tellium
788 1469 951 1510 materia
964 1499 976 1519 ,
1000 1468 1250 1510 abstinerent.

672 1532 853 1573 XXXI.
881 1533 908 1572 S
920 1545 1011 1572 ANE
1040 1545 1130 1572 ante
1146 1532 1349 1587 utriusque
1364 1532 1515 1572 exitum
1529 1560 1541 1582 ,
1556 1545 1636 1585 quo
1650 1530 1851 1584 egregiam
1869 1530 1984 1571 Otho

608 1593 754 1636 famam
772 1625 785 1646 ,
815 1594 1005 1637 Vitellius
1041 1595 1374 1650 flagitiosissimam
1394 1623 1407 1645 ,
1444 1609 1622 1635 meruere
1638 1622 1651 1643 ‚
1672 1594 1802 1633 minus
1828 1592 1987 1633 Vitellii

608 1658 761 1712 ignavae
782 1656 1035 1713 voluptates,
1063 1657 1180 1712 quam
1209 1659 1386 1699 Othonis
1408 1657 1706 1712 flagrantissimae
1728 1654 1914 1696 libidines
1936 1656 1986 1696 ti-

608 1720 830 1762 mebantur.
857 1721 1076 1761 Addiderat
1101 1722 1196 1761 huic
1224 1735 1415 1762 terrorem
1440 1734 1556 1774 atque
1579 1720 1717 1761 odium
1743 1718 1867 1759 caedes
1891 1717 1986 1760 Gal-

608 1782 691 1831 bae3
718 1782 887 1834 contra,
916 1782 977 1823 illi
1001 1785 1161 1825 initium
1185 1783 1282 1825 belli
1312 1798 1431 1825 nemo
1465 1782 1686 1839 imputabat
1712 1785 1740 1822 5.
1766 1779 1985 1833 Vitellius,

608 1927 665 1958 ssus
681 1928 775 1967 legit,
794 1929 912 1966 paucis:
933 1929 1015 1970 quasi
1037 1929 1069 1959 id
1088 1930 1127 1960 ad
1143 1930 1276 1960 brevita-
1315 1932 1329 1960 Ι
1342 1954 1350 1968 ,
1375 1939 1423 1970 53.

608 1975 673 1998 tem
694 1969 848 1999 orationis
864 1969 1013 2000 referatur
1027 1993 1035 2005 ,
1059 1979 1125 1999 non
1146 1970 1184 1999 ad
1199 1979 1253 2000 cos
1269 1993 1277 2006 ‚
1356 1975 1365 1995 ³
1390 1973 1538 2007 QUODAM
1564 1978 1650 1998 mam
1680 1977 1806 1999 ravon:
1833 1966 1848 2003 ]
1883 1966 1985 1997 Etiam

607 2007 663 2043 qui
688 2017 851 2045 peccarant
868 2020 878 2046 ;
899 2009 984 2048 quod
1011 2008 1080 2038 sane
1108 2019 1216 2039 omnes
1246 2008 1278 2038 in
1317 2008 1416 2047 specie
1435 2008 1575 2038 inanium
1594 2007 1713 2037 validus
1726 2030 1735 2042 ‚
1754 2014 1788 2036 ut
1809 2005 1847 2035 de
1864 2006 1985 2035 Corbu-

607 2044 664 2089 hac
683 2047 789 2085 culpa,
811 2058 867 2078 nec
890 2048 1011 2086 excerpi
1029 2047 1117 2086 pauci
1138 2056 1277 2086 potuere.
1317 2049 1392 2079 lone
1422 2048 1537 2078 diCtum
1568 2047 1609 2077 est
1642 2046 1728 2084 supra
1756 2044 1868 2074 Annal.
1889 2046 1984 2078 XIII,

608 2086 664 2128 yir
702 2087 837 2116 eruditus
870 2097 936 2117 non
967 2087 1101 2117 attendit
1125 2087 1162 2116 ad
1194 2087 1278 2117 ducis
1318 2090 1346 2117 8.
1377 2087 1457 2118 Vide
1488 2088 1587 2117 Notas
1616 2085 1650 2116 &
1675 2084 1917 2115 Emendationes
1945 2084 1985 2114 ad

608 2124 786 2154 industriam
802 2149 810 2162 ,
834 2126 894 2162 jam
920 2127 1074 2156 laudatam
1097 2126 1183 2164 supra
1206 2126 1278 2156 Hist.
1317 2126 1390 2156 Hist.
1412 2127 1458 2163 11,
1483 2136 1531 2163 30.

609 2164 641 2206 J,
658 2166 697 2200 84
711 2164 744 2194 ὃς
766 2168 815 2202 85.
838 2166 918 2194 Cum
940 2166 1039 2203 plures
1061 2165 1277 2204 peccaverint,
1356 2170 1370 2188 ⁴
1391 2167 1436 2195 ΕΤ
1457 2165 1682 2201 ΜΑευιοευΜ]
1706 2163 1891 2198 Valentem,
1914 2171 1985 2191 ava-

608 2212 640 2231 m
661 2212 773 2239 paucos
791 2203 1067 2240 animadvertitur,
1086 2205 1208 2243 optimo
1233 2205 1278 2235 se·
1317 2204 1386 2234 titia
1414 2215 1448 2234 ac
1475 2203 1607 2233 libidine
1628 2203 1747 2233 foedum
1775 2203 1809 2232 ὅ(
1840 2201 1982 2231 maculo-

607 2242 747 2272 veritatis
769 2243 879 2272 modo.
1317 2244 1400 2277 sum,
1428 2243 1563 2273 vidimus
1580 2243 1665 2280 supra
1687 2242 1760 2271 Hist.
1778 2242 1809 2275 Ι,
1825 2244 1874 2270 66.

649 2286 655 2324 ξ
684 2282 804 2311 L1ci2n1÷
820 2282 833 2318 ]
862 2281 989 2311 Causam
1021 2281 1109 2319 hujus
1143 2282 1276 2313 licentiae
1357 2289 1365 2310 5
1391 2284 1490 2312 NEMO
1508 2291 1688 2311 ιΜΡυτΑΒΑτ
1703 2282 1718 2318 ]
1735 2281 1818 2322 Cimr
1837 2279 1926 2322 segne
1941 2277 1983 2308 cs-

606 2322 746 2351 animose
764 2321 903 2359 expreffit
922 2322 1085 2355 Lucanus,
1100 2323 1146 2357 V,
1167 2333 1238 2357 290.
1317 2322 1359 2352 set
1392 2321 1522 2352 Vitellio
1553 2320 1712 2359 ingenium
1734 2343 1742 2355 ‚
1773 2318 1821 2348 illi
1857 2318 1983 2346 initium

1315 2360 1390 2390 belli
1402 2371 1495 2391 nemo
1508 2360 1689 2398 imputabat.
1700 2359 1793 2393 Inde,
1809 2356 1881 2386 licet
1899 2356 1983 2394 prior

1316 2400 1349 2429 in
1371 2400 1492 2429 bellum
1520 2398 1723 2439 prorupiffet‚
1745 2407 1761 2428 a
1786 2395 1844 2427 suis
1873 2399 1981 2426 tractus

643 2443 655 2458 ²
677 2441 805 2471 Vicoarz
828 2441 971 2477 imaus]
991 2439 1071 2471 Vide
1084 2439 1177 2478 supra
1195 2439 1270 2470 Hist.
1316 2439 1489 2470 videbatur.

806 2377 905 2402 facinus
919 2395 925 2405 ‚
944 2386 997 2410 quas
1015 2377 1130 2410 inquinat,
1143 2385 1225 2410 σφωε.

2047 535 2068 574 5

2022 853 2072 878 10

2022 1161 2068 1200 15

2016 1477 2074 1506 20
