2209 3047
376 189 457 232 AD
486 190 710 232 LIBRUM
735 189 787 232 V.
810 189 956 232 HIST.
983 189 1031 230 C.
1063 190 1242 233 CORN.
1276 190 1486 234 TACITI.
1548 199 1633 246 563

251 306 391 378 Quis
449 306 758 388 okfefforum
808 325 1048 361 numerus
1079 308 1105 361 Ρ
1167 325 1290 383 quot
1343 325 1452 364 toto
1502 308 1640 365 bello

657 391 884 447 Iudaico
925 387 1177 463 interfeffl
1208 393 1235 445 ἓ

307 515 421 552 APUD
445 515 639 552 Eusebium
662 543 671 559 ,
712 517 749 551 de
783 516 963 560 Praeparat.
999 514 1188 561 Evangelic.
1217 512 1294 555 IX,
1325 525 1374 560 4,
1404 514 1597 552 Hecataeus
1624 542 1637 560 ,

251 564 450 602 Alexandri
487 566 615 616 Magni
651 564 926 614 expeditionum
962 576 1082 600 comes
1099 591 1107 606 ‚
1148 561 1405 611 Hierosolyma
1438 578 1458 600 a
1493 576 1638 602 centum

250 615 383 664 viginti
404 615 563 652 millibus
589 615 778 652 hominum
801 613 961 649 habitata
990 613 1126 662 prodit.
1153 612 1278 649 Crevit
1306 614 1427 661 postea
1457 628 1537 652 cum
1563 628 1640 664 po-

251 665 329 713 puli
349 664 490 702 Judaici
506 666 652 702 fortuna
670 665 708 700 in
728 663 815 701 urbe
840 664 1003 712 principe
1026 662 1229 699 incolarum
1246 674 1436 707 numerus;
1467 678 1508 702 ac
1525 693 1534 709 ‚
1563 666 1639 701 Pli-

250 714 302 749 nii
328 725 431 750 aetate
452 715 610 751 evaserat
636 714 673 749 in
701 716 793 763 longe'
819 713 1039 749 clarissimam
1071 713 1196 748 urbium
1231 715 1395 756 Orientis,
1435 727 1495 749 non
1521 716 1640 751 Judaeae

252 764 353 799 modo.
373 763 465 799 Plin.
493 764 527 800 V
542 792 551 808 ,
578 777 636 812 14.
657 764 808 800 Minime
829 774 949 799 tamen
982 773 1207 811 compertum
1229 762 1307 812 quis
1333 774 1407 799 tum
1431 763 1537 800 fuerit
1567 767 1642 811 ejus

252 812 454 850 incolarum
475 827 653 852 numerus.
677 813 786 850 Forte
808 814 905 850 fuere
932 813 1097 849 sexcenta
1132 812 1275 855 millia3
1309 813 1477 862 huncque
1514 826 1639 850 nume-

252 875 329 899 rum
344 892 353 907 ,
384 864 543 912 proclivi
567 877 709 907 errore,
738 876 804 912 pro
828 862 1046 899 obsessorum
1068 875 1217 899 numero
1247 862 1432 911 usurpavit
1463 862 1641 900 Tacitus:

253 913 331 962 pari
356 923 474 950 errato
499 915 665 951 sexcenta
693 913 754 949 illa
775 912 889 949 millia
912 912 956 948 de
981 911 1171 948 interfeffis
1198 912 1345 948 Orosius
1369 912 1533 961 accepit,
1561 926 1641 962 quac

254 963 298 999 de
321 963 462 1000 obseffis
486 963 627 1000 fuerant
651 963 754 1000 dieta.
780 963 832 999 Ut
856 973 896 998 ut
919 962 968 999 est
985 990 994 1006 ‚
1033 964 1132 998 auda
1159 962 1278 998 adhuc
1311 973 1386 999 erat
1420 963 1502 998 urbs
1524 963 1644 1012 magud

252 1014 390 1049 colluvie
413 1012 619 1050 Judaeorum
637 1041 645 1057 ,
667 1017 701 1050 ὃς
721 1013 959 1050 Idumaeorum
973 1041 981 1056 ,
999 1013 1035 1048 ξφ
1063 1025 1235 1047 ceterarum
1263 1013 1387 1048 urbium
1415 1012 1643 1049 Judaicarum

252 1063 350 1100 clade.
387 1063 506 1099 Tacit.
536 1063 627 1100 Hist.
665 1064 718 1107 V,
749 1077 807 1100 12.
833 1063 1005 1100 Praeterea
1033 1062 1223 1099 obsidione
1254 1062 1360 1098 clausi
1383 1062 1463 1098 sunt
1489 1061 1602 1099 Judaei
1628 1089 1640 1106 ‚

253 1112 359 1156 cum,
388 1113 436 1149 ob
465 1113 645 1150 Paschatis
671 1113 937 1156 celebritatem,
967 1113 1005 1148 in
1041 1112 1166 1149 urbem
1194 1112 1355 1162 undique
1383 1111 1644 1150 convenissent.

254 1163 403 1208 Quanta
423 1164 543 1200 autem
567 1164 798 1200 multitudine
821 1163 1061 1199 convenirent
1090 1162 1225 1199 Cestius
1260 1173 1484 1212 cognoverat
1522 1162 1644 1211 paucis

254 1213 338 1249 ante
364 1213 464 1249 annis
481 1242 490 1257 ‚
519 1214 581 1249 sub
604 1214 712 1251 finem
733 1213 936 1250 Neroniani
957 1212 1200 1261 principatus,
1227 1212 1502 1262 vigentibusque
1524 1212 1644 1250 Judai-

255 1261 306 1298 cis
328 1262 430 1299 rebus
457 1277 465 1299 :
491 1275 716 1312 compertum
751 1264 845 1300 enim
869 1276 912 1300 ex
947 1262 1142 1299 hostiarum
1176 1275 1328 1300 numero
1354 1274 1430 1298 tum
1460 1262 1510 1297 ibi
1542 1262 1643 1300 fuiffe

253 1312 366 1350 vicies
392 1313 521 1361 septies
546 1326 698 1350 centena
718 1313 832 1349 millia
848 1344 855 1355 ,
884 1325 1098 1359 2,700,000
1115 1341 1123 1356 ,
1150 1325 1323 1361 purorum
1346 1314 1618 1362 san&orumque
1633 1340 1645 1356 ‚

253 1373 293 1398 ut
310 1361 527 1411 loquuntur,
546 1363 751 1400 Judaeorum
764 1392 774 1407 ‚
794 1363 855 1412 qui
882 1376 1015 1411 agnum
1032 1362 1239 1398 paschalem
1259 1362 1476 1405 comedere3
1496 1362 1647 1398 minime

254 1413 472 1459 computatis
495 1412 766 1449 menstrualibus
789 1412 998 1448 mulieribus
1013 1440 1022 1455 ,
1050 1411 1151 1459 lepra
1175 1412 1292 1449 aliave
1316 1412 1519 1460 impuritate
1548 1411 1647 1448 labo-

252 1461 413 1497 rantibus
428 1493 436 1504 ,
462 1466 495 1498 &
524 1462 760 1512 alienigenis,
788 1461 850 1511 qui
872 1462 945 1498 huc
969 1474 1115 1511 quoque
1140 1461 1327 1511 religionis
1351 1463 1456 1498 causa
1480 1462 1658 1498 conflue--

255 1510 354 1548 bant.
384 1514 510 1557 I'a'vovnq
546 1516 575 1547 δ’
604 1515 785 1561 οἰνὸρῶν...
802 1538 810 1547 .
837 1511 983 1560 μυριάδες
1017 1515 1220 1555 ἑὲὃομῆκοντα
1244 1512 1270 1550 (ὲ
1310 1516 1483 1557 bornhem,
1510 1515 1645 1561 καθαρῖιῖν

254 1560 401 1597 ivadv-rm
420 1561 446 1598 ὢ
471 1564 566 1605 α”γίων
579 1575 588 1584 ·
608 1566 654 1597 ἰίτε
675 1562 735 1610 ’γοῖρ
757 1567 877 1611 λεπροῖς
891 1589 901 1603 ,
927 1562 980 1597 ἔτε
1001 1564 1170 1611 ’γονορῥοιόις
1186 1590 1195 1603 ,
1217 1562 1270 1598 ἔτε
1290 1564 1422 1607 ’γυναχξὶν
1445 1567 1646 1607 ἐπεμμήνοις,

254 1611 307 1647 εἴτε
329 1617 392 1650 τοῖὲ
416 1611 518 1650 ἄλλως
542 1618 760 1656 μεμιασμέιιόις
783 1613 848 1656 ἐξῆν
868 1617 955 1649 π’ἤσὸε
980 1617 1032 1651 τ’ἤς
1058 1614 1171 1650 θυσίας
1193 1612 1472 1657 μεταλαμζοίνειν·
1495 1616 1569 1647 σίλλ’
1593 1616 1645 1648 ἐδὲ

254 1667 317 1701 τοῖς
340 1665 524 1706 α’λλοφύλοις
541 1689 549 1702 ,
578 1662 636 1697 ἶσοι
660 1662 745 1697 κατ-οὶ
767 1661 928 1710 θρησκείαν
951 1668 1101 1709 »maffia-av.
1127 1660 1274 1710 JOseph.
1299 1663 1379 1698 Bell.
1408 1662 1481 1698 Jud.
1508 1662 1556 1698 VI
1573 1692 1581 1704 ‚
1605 1673 1644 1708 9.

255 1724 343 1747 num
371 1724 400 1759 3.
424 1711 468 1746 In
491 1711 594 1758 hujus
619 1724 706 1761 ergo
742 1711 923 1748 Paschatis
948 1710 1157 1747 celebritate
1183 1724 1389 1749 convenere
1422 1710 1563 1748 circiter
1583 1711 1646 1747 tri-

256 1761 329 1798 cies
352 1771 505 1798 centena
527 1761 662 1805 millia,
699 1773 908 1810 3,000‚000
924 1789 933 1805 ‚
966 1761 1169 1797 hominum.

310 1810 354 1847 In
376 1811 542 1860 supremo
566 1822 684 1848 autem
713 1811 907 1855 Paschate‚
941 1811 1042 1860 quod
1065 1811 1179 1848 Judaei
1203 1823 1300 1847 anno
1322 1810 1401 1848 Jesu
1422 1810 1555 1848 Christi
1576 1821 1649 1857 70,

257 1860 368 1898 stante
389 1861 527 1910 templo
541 1890 549 1905 ‚
579 1861 806 1899 celebravere
820 1890 831 1906 ‚
863 1862 978 1898 multo
997 1861 1118 1897 minor
1136 1860 1332 1897 multitudo
1353 1861 1506 1897 maxime
1526 1874 1545 1898 e
1565 1860 1647 1897 lon-

256 1911 400 1961 ginquis
424 1911 632 1961 regionibus
665 1912 863 1956 convenit,
899 1911 1021 1949 attrita
1051 1913 1121 1958 jam
1152 1911 1255 1947 bellis
1285 1910 1434 1954 Judaea,
1463 1914 1496 1948 ὃς
1523 1911 1646 1947 immi-

254 1972 364 1998 nente
384 1961 721 2011 Hierosolymitana
739 1962 941 1999 obfidione.
960 1962 1215 1999 Verumtamen
1234 1961 1315 1998 cum
1336 1961 1373 1997 in
1396 1962 1439 1998 ea
1457 1960 1647 1999 obsidione

255 2011 427 2060 perierint
448 2012 617 2049 undecies
644 2024 796 2050 centena
818 2012 933 2048 millia
959 2040 969 2055 ‚
1002 2023 1208 2056 1‚1oo‚000
1231 2039 1241 2055 ,
1264 2011 1455 2048 hominum
1470 2040 1479 2055 ,
1505 2011 1644 2048 certissi-

257 2074 355 2097 mum
379 2061 427 2099 est
451 2075 529 2098 non
552 2063 649 2100 fuiffe
674 2063 839 2100 sexcenta
860 2062 974 2099 millia
999 2062 1217 2099 obsessorum
1232 2089 1242 2105 ‚
1270 2061 1331 2098 sed
1360 2061 1480 2110 potius
1503 2061 1645 2097 duode-

258 2110 330 2148 cies
356 2123 507 2149 centena
530 2113 643 2149 millia
658 2141 668 2157 ‚
702 2125 912 2157 1‚2oo‚ooo
928 2141 938 2157 ‚
967 2123 1028 2149 aut
1048 2113 1155 2149 etiam
1172 2111 1336 2160 amplius.
1353 2112 1508 2148 Tantam
1525 2122 1643 2146 autem

258 2170 334 2198 tum
354 2161 579 2206 incolarum,
604 2174 681 2199 tum
707 2163 926 2200 advenarum
949 2163 1217 2199 multitudinem
1248 2162 1284 2197 in
1309 2161 1396 2199 urbe
1424 2159 1644 2208 Hierosoly-

259 2211 347 2254 mis,
366 2225 521 2261 quorum
544 2213 695 2250 ambitus
710 2213 776 2250 fuit
789 2214 928 2250 tantum
953 2212 1111 2248 XXXIII
1135 2212 1350 2255 stadiorum,
1373 2224 1480 2248 nemo
1506 2209 1646 2246 mirabi-

258 2270 316 2297 tur
330 2289 339 2305 ‚
369 2262 452 2298 cum
475 2263 666 2299 attenderit
688 2264 773 2300 huic
791 2263 871 2300 urbi
890 2263 987 2299 fuisse
1013 2262 1251 2311 pulcherrima
1274 2261 1473 2298 suburbana
1488 2288 1498 2303 ‚
1524 2260 1566 2296 τοὶ
1589 2278 1645 2296 we-

260 2319 388 2349 οικοιλλῖτ
411 2313 563 2362 ωροαίςεια
589 2320 641 2352 τ’ἤε
664 2318 803 2355 ιπτόλεως,
856 2326 911 2350 11ae
932 2323 1107 2349 memorat
1131 2312 1330 2361 JOsephuS‚
1360 2313 1443 2347 Bell.
1471 2311 1544 2346 Jud.
1568 2309 1617 2345 Vl
1633 2334 1647 2353 ,

265 2371 297 2395 ι.
321 2374 418 2398 num.
451 2375 481 2400 1.
508 2363 657 2411 Insuper
680 2327 916 2413 cogitandum
949 2363 987 2399 in
1011 2362 1164 2400 Oriente
1193 2375 1303 2399 unum
1334 2360 1538 2398 cubiculum
1568 2371 1647 2395 non

263 2409 327 2446 uni
351 2414 492 2450 tantiam
515 2413 657 2450 homini
670 2441 682 2460 ‚
709 2413 771 2451 sed
793 2413 865 2451 toti
887 2412 1032 2451 familia:
1053 2412 1234 2452 suffeciffe.
1261 2411 1369 2447 Unde
1389 2421 1462 2446 tam
1483 2409 1646 2460 frequens

1243 2480 1393 2522 Bbbb
1428 2479 1455 2534 ij
