2230 3047
457 280 572 295 Ξ

457 316 487 340 A.
499 317 528 339 U.
540 317 572 341 C·

475 364 547 392 822.

482 416 504 437 J.
519 415 550 439 C-

485 462 537 495 69.

602 200 662 236 94
853 183 901 224 C.
967 183 1371 225 CORNELII
1434 184 1742 227 TACITI

596 266 746 307 Padum
756 264 1009 319 transgressus
1022 295 1035 316 ‚
1051 263 1202 306 tentata
1212 266 1539 307 Othonianorum
1555 265 1633 306 fide
1642 281 1711 322 per
1726 265 1980 322 colloquium

596 334 637 370 ὅς
656 328 841 384 promissa
853 357 867 378 ,
891 328 1030 370 iisdem
1055 330 1229 385 petitus,
1256 329 1460 384 postquam
1483 343 1561 384 pax
1579 332 1620 370 ὃ(
1644 330 1865 371 concordia
1891 331 1978 387 spe-

594 392 706 433 ciofis
724 396 762 432 ὃ(
778 392 906 433 inritis
923 391 1150 433 nominibus
1165 390 1305 444 jactata
1322 391 1411 432 sunt
1424 421 1438 441 ,
1457 390 1622 433 confilia
1639 393 1828 447 curasque
1844 395 1885 433 in
1902 409 1977 449 op-

594 456 881 511 pugnationem
900 446 1111 497 Placentiae
1134 470 1282 509 magno
1304 467 1455 495 terrore
1474 457 1614 496 vertit:
1638 471 1808 512 gnarus,
1835 470 1879 496 ut
1898 458 1975 497 ini-

594 520 649 560 tia
667 517 763 559 belli
784 519 1079 574 provenissent,
1104 518 1250 559 famam
1273 519 1313 557 in
1334 531 1466 559 cetera
1487 519 1586 560 fore.

657 582 788 622 XXI.
809 583 901 622 SED
918 583 1066 638 primus
1081 581 1184 632 dies,
1201 583 1355 637 impetu
1370 583 1515 637 magis,
1532 581 1650 637 quam
1665 583 1845 623 veterani
1861 597 1977 624 exer-

594 646 695 687 citus
710 644 856 686 artibus
869 676 881 696 ,
897 645 1126 686 transa&us:
1147 645 1272 700 aperti
1286 645 1515 699 incautique
1530 660 1663 686 muros
1681 644 1834 687 subiere
1848 675 1860 696 ,
1882 645 1977 687 cibo

594 711 769 763 vinoque
785 723 1013 765 praegraves.
1026 708 1073 747 In
1088 722 1136 747 eo
1152 709 1389 758 certamine,
1403 708 1717 764 pulcherrimum
1732 710 1977 765 amphithea-

592 773 642 812 tri
671 787 795 828 opus,
820 772 933 811 situm
954 785 1064 812 extra
1092 786 1250 821 muros,
1280 772 1566 826 conflagravit:
1592 773 1669 812 five
1692 771 1739 813 ab
1767 787 1976 828 oppugna-

591 834 744 876 toribus
766 835 973 876 incensum
990 864 1002 884 ‚
1028 833 1122 874 dum
1139 833 1245 874 faces
1262 863 1275 884 ,
1301 838 1340 874 ὃς
1360 834 1525 890 glandes
1541 865 1553 886 ,
1579 851 1624 877 ac
1642 834 1822 876 missilem
1837 837 1974 889 ignem

591 899 634 938 in
655 897 826 938 obsessos
848 896 1098 948 jaculantur3
1124 896 1201 937 five
1224 895 1270 937 ab
1292 896 1448 938 obsessis
1463 927 1476 949 ,
1501 899 1597 939 dum
1616 911 1816 953 regerunt.
1835 899 1976 938 Muni-

556 956 557 959 ¹
593 960 723 1017 cipale
744 959 888 1014 vulgus
902 991 914 1010 ,
940 975 1111 1016 pronum
1133 960 1180 1000 ad
1201 960 1472 1015 suspiciones,
1498 961 1635 1002 fraude
1654 960 1765 1002 illata
1782 962 1884 1016 ignis
1904 959 1975 1001 ali-

592 1037 727 1064 menta
741 1023 929 1073 credidit,
946 1038 967 1063 a
981 1022 1213 1077 quibusdam
1231 1037 1251 1062 e
1269 1024 1412 1065 vicinis
1430 1023 1623 1074 coloniis,
1638 1021 1788 1065 invidia
1805 1028 1845 1064 &
1862 1038 1977 1063 azmu-

591 1085 744 1127 latione
758 1116 770 1136 ,
792 1086 902 1140 quod
920 1084 1030 1126 nulla
1049 1087 1090 1125 in
1106 1084 1221 1126 Italia
1242 1084 1368 1127 moles
1388 1100 1469 1128 tam
1492 1102 1619 1143 capax
1634 1087 1759 1127 foret:
1780 1101 1975 1141 quocum-

591 1164 667 1204 que
684 1150 775 1190 casu
792 1149 960 1199 accidit,
975 1149 1070 1190 dum
1087 1150 1284 1190 atrociora
1300 1149 1598 1201 metuebantur,
1615 1151 1656 1190 in
1672 1148 1752 1190 levi
1771 1149 1951 1190 habitum
1966 1166 1973 1189 :

591 1210 745 1252 reddita
764 1213 974 1253 securitate
987 1242 1000 1263 ,
1020 1225 1220 1266 tamquam
1242 1211 1343 1251 nihil
1358 1214 1515 1267 gravius
1539 1214 1619 1269 pati
1636 1213 1876 1269 potuissent,
1891 1228 1976 1253 mae-

589 1274 742 1316 rebant.
758 1275 969 1326 Ceterum,
984 1274 1113 1315 multo
1128 1275 1289 1316 suorum
1304 1290 1444 1317 cruore
1452 1307 1465 1327 ,
1480 1276 1614 1332 pulsus
1631 1276 1816 1323 Caecina;
1837 1280 1976 1317 &nox

592 1338 776 1394 parandis
803 1337 988 1394 operibus
1006 1337 1223 1394 absumpta.
1247 1337 1458 1380 Vitelliani
1478 1338 1637 1395 pluteos
1650 1370 1663 1390 ,
1678 1340 1882 1394 cratesque
1896 1369 1909 1389 ,
1934 1343 1976 1380 ὅ(

591 1403 727 1442 vineas
753 1406 762 1423 ¹
787 1401 1046 1442 suffodiendis
1068 1403 1187 1442 muris
1203 1431 1216 1452 ,
1244 1403 1579 1457 protegendisque
1602 1402 1975 1459 oppugnatoribu83

592 1465 821 1505 Othoniani
835 1464 948 1505 sudes
966 1469 980 1485 ²
1000 1469 1040 1505 ὃ(
1055 1465 1265 1505 immensas
1281 1463 1459 1520 lapidum
1477 1481 1522 1506 ac
1538 1465 1694 1522 plumbi
1709 1466 1867 1520 aerisque
1885 1481 1974 1506 mo-

590 1527 674 1578 les,
703 1527 992 1583 perfringendis
1019 1527 1311 1582 obruendisque
1332 1527 1506 1570 hostibus
1522 1559 1534 1579 ,
1567 1529 1797 1585 expediunt.
1822 1529 1976 1568 Utrim-

592 1605 669 1645 que
692 1591 821 1646 pudor
836 1620 850 1640 ,
873 1592 1073 1645 utrimque
1098 1589 1225 1645 gloria
1242 1620 1255 1641 ,
1282 1595 1321 1632 &
1342 1591 1502 1632 diversae
1522 1593 1848 1642 exhortationes,
1877 1592 1976 1632 hinc

598 1671 620 1690 «
650 1652 859 1708 legionum
882 1658 922 1694 ὃ(
945 1655 1179 1695 Germanici
1201 1655 1399 1695 exercitus
1423 1653 1545 1695 robur
1574 1672 1619 1705 »,
1644 1655 1737 1696 inde
1761 1671 1782 1692 t<
1808 1653 1975 1696 Urbanae

592 1733 614 1753 2>
625 1716 773 1757 militiae
785 1747 797 1768 ,
819 1721 858 1757 &
872 1719 1140 1773 praetoriarum
1155 1718 1385 1758 cohortium
1399 1718 1521 1759 decus
1538 1717 1811 1759 attollentium
1824 1735 1846 1756 »
1857 1750 1867 1759 .
1880 1717 1947 1757 Illi
1960 1750 1974 1768 ,

600 1796 622 1816 (ε
640 1793 684 1820 ut
704 1780 867 1835 segnem
883 1796 930 1822 ac
950 1781 1146 1831 desidem,
1174 1784 1214 1821 ὅ(
1234 1782 1345 1821 circo
1367 1797 1413 1822 ac
1433 1783 1597 1823 theatris
1615 1795 1848 1838 corruptum
1869 1779 1973 1820 mili-

591 1856 705 1883 »tem
727 1858 770 1890 »3
797 1845 864 1894 hi,
892 1860 913 1880 «
937 1845 1190 1899 peregrinum
1215 1847 1254 1884 &
1274 1857 1483 1884 externum
1504 1863 1525 1882 »
1550 1844 1832 1901 increpabant:
1860 1843 1974 1883 simul

593 1907 802 1946 Othonem
817 1936 828 1956 ,
849 1922 895 1947 ac
916 1906 1129 1948 Vitellium
1142 1936 1155 1957 ,
1179 1905 1426 1948 celebrantes
1448 1906 1733 1964 culpantesque
1748 1938 1760 1958 ,
1780 1907 1974 1948 uberiori-

591 1967 663 2009 bus
685 1970 786 2010 inter
806 1969 845 2010 se
866 1968 1018 2025 probris
1032 1999 1045 2020 ,
1070 1969 1187 2024 quam
1207 1968 1388 2011 laudibus
1409 1970 1719 2012 stimulabantur.

654 2032 811 2073 XXII.
845 2034 903 2075 Vr
915 2047 939 2074 x
959 2033 1053 2074 dum
1071 2047 1160 2074 orto
1174 2034 1237 2074 die
1251 2062 1262 2083 ,
1284 2032 1402 2089 plena
1418 2034 1779 2090 propugnatoribus
1796 2035 1972 2085 moenia,

590 2093 791 2150 fulgentes
824 2097 940 2137 armis
973 2097 1143 2151 virisque
1174 2097 1332 2151 campi,
1367 2096 1532 2138 densum
1561 2096 1770 2152 legionum
1794 2113 1939 2153 agmen
1958 2127 1971 2148 ,

590 2158 719 2214 sparsa
741 2158 982 2200 auxiliorum
1016 2175 1180 2210 manus,
1205 2158 1344 2201 altiora
1374 2175 1579 2202 murorum
1602 2161 1754 2215 sagittis
1782 2175 1848 2202 aur
1871 2161 1972 2202 saxis

589 2221 799 2270 incessere3
815 2221 994 2277 neglech
1007 2237 1075 2264 aut
1087 2239 1170 2264 aevo
1187 2224 1292 2263 fluxa
1311 2224 1495 2265 cominus
1509 2223 1686 2279 adgredi:
1703 2225 1891 2280 ingerunt
1909 2223 1972 2264 de-

631 2324 639 2338 ¹
665 2320 827 2355 Pina-nos,
850 2331 1029 2356 cRATEsQun
1054 2331 1092 2351 m·
1111 2322 1254 2358 vmms]
1300 2320 1374 2351 dum
1397 2332 1501 2353 muros
1516 2321 1734 2353 suffodiebant.
1756 2322 1803 2352 De
1819 2321 1857 2352 iis
1881 2320 1969 2360 plura

590 2359 667 2389 Tres
698 2359 766 2389 sunt
800 2358 925 2390 diversae
957 2359 1124 2397 machinae,
1146 2359 1257 2399 lignis,
1299 2361 1372 2392 vide
1393 2362 1474 2400 apud
1497 2362 1666 2401 Vegetium
1687 2363 1747 2399 lV,
1775 2371 1820 2400 ¹5·

589 2398 746 2441 trabibus,
760 2397 949 2436 viminibus,
966 2399 1058 2430 coriis
1080 2407 1234 2430 contextae
1248 2422 1255 2435 ‚
1338 2406 1349 2419 ²
1370 2403 1468 2431 Sumzs
1488 2402 1502 2438 ]
1525 2402 1625 2442 Ligna
1643 2408 1729 2432 erant
1751 2407 1899 2439 praeacuta
1911 2422 1920 2438 ‚
1934 2398 1968 2431 δε

591 2438 703 2475 quibus
731 2440 973 2479 protegebantur
1007 2448 1257 2479 oppugnatores,
1300 2439 1372 2480 igne
1389 2441 1505 2472 durata.

2009 846 2060 873 10

2001 1481 2058 1507 20

1999 2109 2055 2146 30
