2209 3047
298 183 381 225 AD
412 184 638 225 LIBRUM
670 183 703 223 1.
730 180 875 224 HIST.
911 181 959 221 C.
987 182 1167 224 CORN.
1201 182 1410 224 TACITI.
1468 189 1553 235 367

226 260 333 297 CAP.
363 260 499 297 XVIII.
527 260 792 297 VITARENTUR
819 263 835 305 ]
860 258 915 294 Ita
937 257 1015 293 Mss.
1046 259 1147 294 Harl.
1167 260 1286 296 Guelf.
1315 264 1348 298 &
1370 259 1557 297 Ernestus:

169 310 332 359 apposite
353 310 499 360 quidem
520 310 564 346 ad
587 321 789 359 temporum
813 308 1000 344 rationem.
1021 306 1063 341 In
1095 309 1158 344 ΜΓ.
1187 310 1254 346 Jes.
1274 314 1462 347 meremur.
1489 311 1556 347 Ms.

168 360 278 396 Bodl.
305 364 338 396 <Sc
362 361 579 397 Puteolanus
605 364 759 395 vitemur.
788 359 830 394 In
846 358 912 394 Ms.
937 356 1044 393 Bodl.
1071 359 1298 395 emendatum
1325 361 1471 410 postea,
1499 365 1556 395 vi-

169 422 305 453 tantur,
330 410 430 459 quod
454 410 589 446 habent
614 410 829 446 recentiores
850 408 1028 444 editiones
1048 406 1223 455 plurimae.
1245 411 1556 462 ?.11⁴1'.C01b.l<eg.

169 462 205 496 ἃ
227 459 341 496 editio
368 459 559 509 princeps,
584 471 764 494 *zer-tantur.

223 510 344 545 Moru:
374 522 456 546 DIVI
483 512 682 552 AUGUSTl,
712 519 761 544 ET
791 519 971 544 EXEMPLO
1001 518 1181 544 MILITARI
1208 510 1225 552 ]
1257 507 1312 543 Ita
1338 511 1484 559 quidem
1509 514 1557 550 fi-

167 558 224 595 bri
246 572 383 597 omnes.
417 559 674 596 Invertendum
699 568 818 593 tamen
834 558 954 593 multis
971 557 1134 600 videtur,
1155 560 1297 603 exemplo
1314 560 1554 611 diriAugrusti,

166 608 204 644 ξφ
236 623 320 645 more
349 611 498 645 militari.
538 609 598 645 Sic
622 608 730 645 vertit
763 606 820 642 Cl.
848 607 1077 651 Davanzati,
1103 620 1208 657 quem
1226 608 1385 655 optimus
1403 607 1553 663 quisque

165 658 339 707 interpres
366 658 506 696 secutus
532 659 580 695 est
605 685 614 701 ‚
640 660 692 693 che
715 658 872 693 adonai-a
891 659 1002 704 Pisbne
1022 658 1064 693 ad
1088 660 1216 704 esempio
1239 659 1436 706 d'August0‚
1463 678 1477 697 e
1501 667 1553 711 “f0

163 709 198 744 di
219 711 354 756 Miliqia
375 712 426 745 che
444 722 504 744 uno
525 711 634 756 elegga
655 721 697 742 un
717 709 828 749 altro;
855 711 888 743 ὃς
907 708 961 744 Cl.
981 707 1136 744 Gordon
1152 736 1162 751 ,
1190 708 1271 743 leat
1292 710 1327 744 he
1349 711 1483 757 adopted
1498 718 1554 749 Pl-

153 758 194 805 fh
210 786 218 801 ,
243 759 329 806 after
349 762 400 794 tlze
416 759 583 805 precedent
606 758 645 805 of
659 759 708 793 tlte
731 757 845 805 dcifieci
865 758 1048 805 Augustus,
1080 759 1144 793 and
1167 759 1335 807 according
1362 772 1393 795 to
1414 763 1466 796 the
1487 767 1553 810 cus-

161 820 228 842 tom
254 809 296 856 of
310 822 352 844 aiz
377 821 490 856 army,
516 809 617 844 where
637 821 730 856 every
749 821 822 842 man
844 809 946 855 cliuses
972 810 1019 843 his
1049 821 1135 844 man.
1167 808 1255 844 Sunt
1284 819 1403 846 tamen
1428 811 1490 861 qui
1519 817 1553 850 <Sc

160 857 221 894 vul
252 868 345 894 atam
364 857 574 907 scripturam
598 857 803 894 defendant.
828 857 907 893 Nec
931 869 1130 907 repugnat,
1158 858 1244 894 licet
1271 858 1357 895 dura
1378 860 1428 897 fit.

214 871 572 945 lgoomvicnsxmm
601 912 617 954 ]
648 907 745 944 Bene
769 907 927 944 Pichena
960 921 980 944 e
1011 908 1078 944 ΜΓ.
1107 908 1204 944 Flor.
1229 908 1330 945 Idem
1355 910 1438 948 vide
1460 912 1551 950 infra

160 970 240 1006 cap.
267 970 331 1008 55.
357 959 543 1007 Perperam
570 957 673 994 multi
700 957 777 992 Mis.
801 961 834 993 ὃς
855 968 992 994 veteres
1024 970 1065 994 ac
1088 959 1305 995 recentiores
1338 960 1516 999 editiones
1537 992 1549 1008 ,

159 1008 452 1055 duodevicefimam.
476 1009 518 1043 In
541 1008 606 1043 Ms.
632 1007 744 1044 Corb.
769 1010 890 1043 1111er
912 1010 948 1044 &²
969 1009 1084 1043 XXam.
1105 1008 1162 1044 De
1184 1009 1391 1059 legionibus
1410 1011 1549 1050 dicetur

156 1056 240 1093 satis
262 1059 300 1094 in
323 1057 432 1095 Notis
455 1062 488 1094 &
512 1057 837 1094 Emendationibus
861 1058 905 1093 ad
928 1057 1009 1094 Hist
1028 1058 1064 1093 II
1080 1086 1090 1102 ‚
1125 1059 1159 1094 6.

209 1108 348 1144 ADD1T
365 1136 374 1151 ‚
402 1121 482 1145 Aur
512 1120 687 1145 PRETIUM
715 1113 731 1155 ]
748 1108 807 1144 Sic
821 1108 979 1145 Pichena
996 1111 1029 1144 δε
1044 1106 1278 1145 Recentiores
1291 1138 1299 1153 ‚
1318 1123 1337 1147 e
1357 1112 1422 1148 Ms.
1447 1112 1544 1153 Flor.

153 1156 194 1193 in
219 1171 294 1208 quo
316 1160 428 1194 addita
453 1171 487 1194 ut
506 1162 655 1206 pretium.
681 1158 756 1194 Mss'.
785 1157 873 1207 Reg.
900 1160 991 1208 Agr.
1016 1157 1130 1195 editio
1155 1159 1322 1208 princeps
1339 1164 1373 1197 &
1394 1162 1544 1200 Beroal-

156 1207 245 1251 dus,
269 1209 438 1252 additum,
464 1221 521 1244 aut
541 1213 692 1256 pretium.
718 1208 796 1245 ΜΠ.
821 1208 924 1245 Harl.
950 1208 1144 1246 ssod1.Jes.
1168 1211 1201 1244 &
1225 1210 1462 1258 Puteolanus,
1486 1216 1544 1250 ad-

153 1257 261 1302 didit,
284 1271 341 1294 aut
359 1263 510 1307 pretium.

195 1310 336 1345 GRATA
366 1322 520 1346 Aumru
551 1321 810 1346 RESPONDENT
836 1312 853 1355 ]
880 1309 978 1345 Bene
998 1308 1076 1344 Mss.
1103 1308 1205 1346 Harl.
1226 1308 1292 1345 Jes.
1315 1313 1349 1346 ὃς
1372 1311 1543 1349 Puteola-

151 1370 218 1394 nus
245 1372 287 1395 ac
316 1359 558 1396 Recentiores.
589 1361 648 1395 Sic
676 1371 824 1408 quoque
853 1359 890 1394 in
920 1358 988 1394 ΜΓ.
1018 1358 1138 1394 Guelf.
1166 1359 1395 1396 emendatum
1431 1361 1543 1400 altera.

151 1420 273 1444 manu.
298 1409 341 1445 In
367 1409 443 1445 Mff.
474 1409 571 1445 Flor.
599 1410 652 1445 Re
682 1437 689 1444 .
719 1408 832 1445 Corb.
855 1411 889 1444 &
910 1407 1074 1444 editione
1095 1408 1281 1457 principe,
1307 1423 1404 1458 grata
1430 1413 1541 1448 audito

148 1458 346 1504 respondent.
368 1458 436 1494 Ms.
462 1458 570 1495 Bodl.
587 1461 621 1495 ὃς
680 1458 862 1501 bemanus,
888 1458 1087 1506 gratabundi
1111 1459 1318 1506 respondent,
1343 1464 1377 1497 δε
1401 1461 1451 1497 ita
1474 1475 1539 1500 no-

147 1516 262 1544 tatum
287 1508 324 1544 in
346 1508 506 1559 margine
531 1509 607 1544 Mff.
630 1508 733 1546 Harl.
756 1511 790 1544 &
810 1508 877 1545 Jes.

202 1559 598 1604 QUANTULACUMQUE
626 1562 644 1604 ]
666 1558 723 1594 Ita
740 1556 817 1593 Mff.
841 1561 875 1594 ὃς
897 1557 981 1592 libri
999 1557 1099 1594 editi.
1121 1558 1314 1595 Rhenanus
1331 1573 1350 1596 e
1368 1561 1448 1597 solo
1467 1563 1534 1600 Ms.

145 1607 240 1644 Bud.
266 1607 304 1643 in
327 1620 402 1658 quo
428 1621 457 1657 q.
477 1622 584 1656 parva
605 1608 661 1644 lib.
681 1619 870 1658 perperam
892 1607 1045 1657 conjicit
1068 1620 1351 1659 quantumcumque
1365 1624 1474 1658 parva
1497 1614 1539 1649 li-

145 1658 220 1703 bet,
242 1668 304 1695 aut
327 1670 590 1708 quantacumque.

199 1757 307 1794 CAP.
336 1757 432 1796 XIX.
458 1758 573 1794 APUD
603 1768 774 1794 MILITEM
800 1761 819 1804 ]
849 1758 948 1796 Bene
968 1758 1046 1795 ΜΠ.
1075 1758 1191 1795 editio
1218 1759 1388 1810 princeps
1416 1765 1451 1799 &
1477 1775 1536 1800 re-

144 1808 336 1845 centiores.
360 1807 599 1851 Puteolanus,
625 1810 754 1844 milites.

203 1857 337 1895 MEDuz
352 1885 363 1902 ,
394 1870 446 1895 AT
473 1870 635 1895 PLURIMI
662 1862 679 1904 ]
704 1858 763 1894 Sic
785 1858 935 1895 volebat
956 1858 1120 1909 Ryckius
1139 1871 1158 1896 e
1180 1859 1245 1895 suo
1269 1860 1335 1896 Ms.
1356 1860 1441 1910 Agr.
1464 1860 1538 1898 Ve-

144 1907 225 1944 rum
243 1907 328 1945 cum
349 1907 561 1946 adverbium
579 1908 678 1944 medie
700 1921 778 1945 non
801 1919 969 1945 occurrat
982 1937 992 1953 ‚
1018 1908 1081 1945 nisi
1102 1909 1198 1958 apud
1217 1909 1410 1946 Firmicum
1434 1910 1539 1948 alios-

144 1970 215 2007 que
238 1958 450 1996 recentioris
469 1957 656 1995 latinitatis
676 1958 889 2008 scriptores,
920 1959 1135 1996 emendabat
1155 1959 1437 2005 Freinshemius,
1469 1975 1537 1998 me-

75 2027 81 2031 ·
142 2009 211 2050 dii,
238 2022 276 2044 ac
293 2011 440 2056 plurimi.
466 2008 525 2045 Sic
550 2009 657 2046 vertit
682 2009 740 2045 Cl.
770 2009 951 2053 Gordon,
976 2010 1082 2045 While
1102 2012 1152 2045 the
1173 2010 1370 2057 indifferent,
1395 2012 1459 2047 and
1484 2013 1536 2048 the

143 2065 245 2105 major
258 2071 346 2104 part.
368 2060 476 2095 Medi&
497 2069 617 2095 tamen
639 2058 775 2095 habent
795 2072 920 2096 omnes
940 2059 1018 2097 Mss.
1039 2063 1073 2096 δε
1092 2058 1202 2097 ferme
1225 2073 1350 2097 omnes
1370 2075 1430 2106 ac,
1455 2073 1534 2098 non

142 2119 190 2142 at.
209 2106 321 2144 Tueri
341 2108 448 2145 etiam
472 2110 570 2146 medi&
589 2118 785 2158 utcumque
804 2109 1010 2153 videbitur,
1034 2109 1136 2160 quod
1158 2122 1245 2147 mox
1264 2109 1443 2161 sequitur,
1466 2116 1535 2158 agi-

143 2168 272 2192 tames:
297 2170 379 2194 nam
408 2158 488 2207 post
517 2160 635 2204 medii,
658 2159 786 2197 reffiirs
810 2159 1045 2202 scriberetur,
1069 2161 1261 2209 agitabant3
1285 2172 1325 2197 ut
1346 2161 1439 2198 reete
1465 2161 1533 2198 ob-

139 2205 257 2243 servat
280 2208 336 2244 Cl.
361 2207 534 2256 Rmestus.

191 2255 238 2292 IN
269 2270 433 2295 PUBLico
463 2262 479 2304 ]
506 2258 604 2296 Bene
624 2259 701 2296 Mss.
725 2259 823 2296 Flor.
849 2260 952 2297 Harl.
975 2260 1084 2296 Bodl.
1100 2260 1167 2297 Jes.
1192 2261 1304 2297 Corb.
1327 2261 1449 2298 Guelf.
1473 2260 1530 2296 Pi-

133 2305 257 2391 ·lelhena
278 2311 312 2344 ὃς
335 2308 581 2346 Recentiores.
602 2308 646 2345 In
672 2309 739 2346 Ms.
762 2309 850 2360 Reg.
873 2313 905 2346 ὃς
930 2310 1111 2348 veteribus
1139 2308 1385 2355 editionibus,
1414 2315 1447 2347 in
1468 2324 1529 2358 pu-

176 2369 269 2392 lcum·

194 2405 358 2445 Minoae
388 2421 605 2446 PRAETEXTU
631 2414 650 2458 ]
676 2411 806 2459 Majore
827 2410 1006 2449 immerito
1028 2410 1226 2462 suspeffitum
1250 2411 1358 2449 habet
1379 2409 1528 2460 Lipsius.
