<?xml version="1.0" encoding="UTF-8"?>
<!DOCTYPE html PUBLIC "-//W3C//DTD XHTML 1.0 Transitional//EN"
    "http://www.w3.org/TR/xhtml1/DTD/xhtml1-transitional.dtd">
<html xmlns="http://www.w3.org/1999/xhtml" xml:lang="en" lang="en">
 <head>
  <title>
</title>
<meta http-equiv="Content-Type" content="text/html;charset=utf-8" />
  <meta name='ocr-system' content='tesseract 3.04.00' />
  <meta name='ocr-capabilities' content='ocr_page ocr_carea ocr_par ocr_line ocrx_word'/>
</head>
<body>
  <div class='ocr_page' id='page_1' title='image "./operabro03taciuoft_0120.png"; bbox 0 0 2230 3047; ppageno 0'>
   <div class='ocr_carea' id='block_1_1' title="bbox 486 275 601 335">
    <p class='ocr_par' dir='ltr' id='par_1_1' title="bbox 486 275 601 335">
     <span class='ocr_line' id='line_1_1' title="bbox 486 275 600 296; baseline 0 0"><span class='ocrx_word' id='word_1_1' title='bbox 486 275 600 296; x_wconf 73' lang='grc' dir='ltr'>Ξ</span> 
     </span>
     <span class='ocr_line' id='line_1_2' title="bbox 486 310 601 335; baseline 0.017 -2"><span class='ocrx_word' id='word_1_2' title='bbox 486 310 517 333; x_wconf 79' lang='grc' dir='ltr'>Λ.</span> <span class='ocrx_word' id='word_1_3' title='bbox 530 312 559 334; x_wconf 91' lang='lat' dir='ltr'>U.</span> <span class='ocrx_word' id='word_1_4' title='bbox 570 311 601 335; x_wconf 90' lang='lat' dir='ltr'>C.</span> 
     </span>
    </p>
   </div>
   <div class='ocr_carea' id='block_1_2' title="bbox 507 359 577 432">
    <p class='ocr_par' dir='ltr' id='par_1_2' title="bbox 507 359 577 432">
     <span class='ocr_line' id='line_1_3' title="bbox 507 359 577 386; baseline -0.029 0"><span class='ocrx_word' id='word_1_5' title='bbox 507 359 577 386; x_wconf 83' lang='lat'>822.</span> 
     </span>
     <span class='ocr_line' id='line_1_4' title="bbox 509 409 573 432; baseline -0.016 0"><span class='ocrx_word' id='word_1_6' title='bbox 509 409 532 432; x_wconf 85' lang='lat' dir='ltr'>J.</span> <span class='ocrx_word' id='word_1_7' title='bbox 544 409 573 431; x_wconf 85' lang='lat' dir='ltr'>C.</span> 
     </span>
    </p>
   </div>
   <div class='ocr_carea' id='block_1_3' title="bbox 516 456 567 489">
    <p class='ocr_par' dir='ltr' id='par_1_3' title="bbox 516 456 567 489">
     <span class='ocr_line' id='line_1_5' title="bbox 516 456 567 489; baseline 0 -6"><span class='ocrx_word' id='word_1_8' title='bbox 516 456 567 489; x_wconf 83' lang='lat'>69.</span> 
     </span>
    </p>
   </div>
   <div class='ocr_carea' id='block_1_4' title="bbox 628 177 1754 221">
    <p class='ocr_par' dir='ltr' id='par_1_4' title="bbox 628 177 1754 221">
     <span class='ocr_line' id='line_1_6' title="bbox 628 177 1754 221; baseline -0.004 0"><span class='ocrx_word' id='word_1_9' title='bbox 628 186 712 221; x_wconf 84' lang='lat'>106</span> <span class='ocrx_word' id='word_1_10' title='bbox 878 179 926 219; x_wconf 89' lang='lat' dir='ltr'>C.</span> <span class='ocrx_word' id='word_1_11' title='bbox 992 178 1406 221; x_wconf 91' lang='lat' dir='ltr'>CORNELII</span> <span class='ocrx_word' id='word_1_12' title='bbox 1460 177 1754 218; x_wconf 91' lang='lat' dir='ltr'><strong>TACITI</strong></span> 
     </span>
    </p>
   </div>
   <div class='ocr_carea' id='block_1_5' title="bbox 611 254 2000 2073">
    <p class='ocr_par' dir='ltr' id='par_1_5' title="bbox 617 254 1999 630">
     <span class='ocr_line' id='line_1_7' title="bbox 619 254 1998 316; baseline 0.001 -18"><span class='ocrx_word' id='word_1_13' title='bbox 619 258 871 316; x_wconf 81' lang='lat' dir='ltr'>»progressus</span> <span class='ocrx_word' id='word_1_14' title='bbox 887 288 901 310; x_wconf 87' lang='lat'><strong><em>,</em></strong></span> <span class='ocrx_word' id='word_1_15' title='bbox 927 272 993 300; x_wconf 91' lang='lat' dir='ltr'>aut</span> <span class='ocrx_word' id='word_1_16' title='bbox 1020 260 1304 316; x_wconf 80' lang='lat' dir='ltr'>incompositos</span> <span class='ocrx_word' id='word_1_17' title='bbox 1328 260 1368 298; x_wconf 90' lang='lat' dir='ltr'>in</span> <span class='ocrx_word' id='word_1_18' title='bbox 1391 258 1550 311; x_wconf 79' lang='lat' dir='ltr'>agmine</span> <span class='ocrx_word' id='word_1_19' title='bbox 1566 286 1578 307; x_wconf 82' lang='lat'><em>,</em></span> <span class='ocrx_word' id='word_1_20' title='bbox 1610 270 1677 297; x_wconf 88' lang='lat' dir='ltr'>aut</span> <span class='ocrx_word' id='word_1_21' title='bbox 1705 257 1896 312; x_wconf 87' lang='lat' dir='ltr'>dispersos</span> <span class='ocrx_word' id='word_1_22' title='bbox 1913 286 1926 308; x_wconf 86' lang='grc'>,</span> <span class='ocrx_word' id='word_1_23' title='bbox 1957 254 1998 299; x_wconf 63' lang='grc' dir='ltr'>δὲ</span> 
     </span>
     <span class='ocr_line' id='line_1_8' title="bbox 619 318 1999 377; baseline -0.002 -14"><span class='ocrx_word' id='word_1_24' title='bbox 619 321 803 363; x_wconf 89' lang='lat' dir='ltr'>»vallum</span> <span class='ocrx_word' id='word_1_25' title='bbox 823 321 1036 363; x_wconf 86' lang='lat' dir='ltr'>molientes</span> <span class='ocrx_word' id='word_1_26' title='bbox 1061 323 1340 377; x_wconf 79' lang='lat' dir='ltr'>adgrederetur</span> <span class='ocrx_word' id='word_1_27' title='bbox 1363 339 1404 360; x_wconf 87' lang='lat'>».</span> <span class='ocrx_word' id='word_1_28' title='bbox 1425 321 1608 360; x_wconf 82' lang='lat' dir='ltr'>Titianus</span> <span class='ocrx_word' id='word_1_29' title='bbox 1630 323 1669 360; x_wconf 73' lang='grc' dir='ltr'>ὅ(</span> <span class='ocrx_word' id='word_1_30' title='bbox 1691 318 1884 359; x_wconf 89' lang='lat' dir='ltr'>Proculus</span> <span class='ocrx_word' id='word_1_31' title='bbox 1900 349 1911 368; x_wconf 90' lang='lat'>,</span> <span class='ocrx_word' id='word_1_32' title='bbox 1930 319 1999 360; x_wconf 87' lang='lat' dir='ltr'>ubi</span> 
     </span>
     <span class='ocr_line' id='line_1_9' title="bbox 620 382 1999 439; baseline -0.004 -12"><span class='ocrx_word' id='word_1_33' title='bbox 620 384 792 427; x_wconf 83' lang='lat' dir='ltr'>confiliis</span> <span class='ocrx_word' id='word_1_34' title='bbox 812 386 1066 426; x_wconf 85' lang='lat' dir='ltr'>vincerentur</span> <span class='ocrx_word' id='word_1_35' title='bbox 1078 416 1091 436; x_wconf 86' lang='lat'><strong><em>,</em></strong></span> <span class='ocrx_word' id='word_1_36' title='bbox 1111 386 1158 426; x_wconf 88' lang='lat' dir='ltr'>ad</span> <span class='ocrx_word' id='word_1_37' title='bbox 1174 384 1234 436; x_wconf 82' lang='lat' dir='ltr'>jus</span> <span class='ocrx_word' id='word_1_38' title='bbox 1250 384 1406 439; x_wconf 88' lang='lat' dir='ltr'>imperii</span> <span class='ocrx_word' id='word_1_39' title='bbox 1422 382 1647 422; x_wconf 79' lang='lat' dir='ltr'>transibant.</span> <span class='ocrx_word' id='word_1_40' title='bbox 1665 382 1815 422; x_wconf 84' lang='lat' dir='ltr'>Aderat</span> <span class='ocrx_word' id='word_1_41' title='bbox 1832 382 1923 422; x_wconf 72' lang='lat' dir='ltr'>sane</span> <span class='ocrx_word' id='word_1_42' title='bbox 1940 383 1999 422; x_wconf 90' lang='lat' dir='ltr'>ci-</span> 
     </span>
     <span class='ocr_line' id='line_1_10' title="bbox 619 444 1998 502; baseline -0.004 -13"><span class='ocrx_word' id='word_1_43' title='bbox 619 463 681 490; x_wconf 86' lang='lat' dir='ltr'>tus</span> <span class='ocrx_word' id='word_1_44' title='bbox 704 463 808 502; x_wconf 89' lang='lat' dir='ltr'>equo</span> <span class='ocrx_word' id='word_1_45' title='bbox 830 449 1009 489; x_wconf 90' lang='lat' dir='ltr'>Numida</span> <span class='ocrx_word' id='word_1_46' title='bbox 1034 454 1043 470; x_wconf 95' lang='lat'>¹</span> <span class='ocrx_word' id='word_1_47' title='bbox 1061 478 1073 499; x_wconf 86' lang='lat'><strong><em>,</em></strong></span> <span class='ocrx_word' id='word_1_48' title='bbox 1101 462 1192 489; x_wconf 92' lang='lat' dir='ltr'>cum</span> <span class='ocrx_word' id='word_1_49' title='bbox 1219 446 1418 487; x_wconf 87' lang='lat' dir='ltr'>atrocibus</span> <span class='ocrx_word' id='word_1_50' title='bbox 1438 446 1631 486; x_wconf 86' lang='lat' dir='ltr'>mandatis</span> <span class='ocrx_word' id='word_1_51' title='bbox 1646 474 1658 495; x_wconf 86' lang='lat'><strong><em>,</em></strong></span> <span class='ocrx_word' id='word_1_52' title='bbox 1686 444 1826 498; x_wconf 89' lang='lat' dir='ltr'>quibus</span> <span class='ocrx_word' id='word_1_53' title='bbox 1850 445 1965 485; x_wconf 88' lang='lat' dir='ltr'>Otho</span> <span class='ocrx_word' id='word_1_54' title='bbox 1984 473 1998 494; x_wconf 87' lang='lat'><em>‚</em></span> 
     </span>
     <span class='ocr_line' id='line_1_11' title="bbox 617 505 1996 567; baseline -0.001 -16"><span class='ocrx_word' id='word_1_55' title='bbox 617 510 815 567; x_wconf 64' lang='lat' dir='ltr'>increpita</span> <span class='ocrx_word' id='word_1_56' title='bbox 838 529 859 549; x_wconf 90' lang='lat'>«</span> <span class='ocrx_word' id='word_1_57' title='bbox 881 511 1028 552; x_wconf 85' lang='lat' dir='ltr'>ducum</span> <span class='ocrx_word' id='word_1_58' title='bbox 1050 509 1240 565; x_wconf 68' lang='lat' dir='ltr'>segnitia,</span> <span class='ocrx_word' id='word_1_59' title='bbox 1263 524 1346 549; x_wconf 90' lang='lat' dir='ltr'>rem</span> <span class='ocrx_word' id='word_1_60' title='bbox 1362 510 1403 549; x_wconf 88' lang='lat' dir='ltr'>in</span> <span class='ocrx_word' id='word_1_61' title='bbox 1419 508 1630 549; x_wconf 83' lang='lat' dir='ltr'>discrimen</span> <span class='ocrx_word' id='word_1_62' title='bbox 1647 509 1789 548; x_wconf 84' lang='lat' dir='ltr'>mitti»</span> <span class='ocrx_word' id='word_1_63' title='bbox 1809 505 1996 559; x_wconf 85' lang='lat' dir='ltr'>jubebat3</span> 
     </span>
     <span class='ocr_line' id='line_1_12' title="bbox 619 572 1287 630; baseline -0.003 -17"><span class='ocrx_word' id='word_1_64' title='bbox 619 589 721 630; x_wconf 67' lang='lat' dir='ltr'>rcger</span> <span class='ocrx_word' id='word_1_65' title='bbox 742 572 878 625; x_wconf 65' lang='lat' dir='ltr'>mora,</span> <span class='ocrx_word' id='word_1_66' title='bbox 904 578 943 614; x_wconf 76' lang='grc' dir='ltr'>ὃ(</span> <span class='ocrx_word' id='word_1_67' title='bbox 963 574 1044 629; x_wconf 87' lang='lat' dir='ltr'>spei</span> <span class='ocrx_word' id='word_1_68' title='bbox 1064 574 1287 628; x_wconf 83' lang='lat' dir='ltr'>impatiens.</span> 
     </span>
    </p>

    <p class='ocr_par' dir='ltr' id='par_1_6' title="bbox 611 634 2000 1885">
     <span class='ocr_line' id='line_1_13' title="bbox 681 634 2000 690; baseline -0.004 -13"><span class='ocrx_word' id='word_1_69' title='bbox 681 637 805 677; x_wconf 90' lang='lat' dir='ltr'><strong>XLI.</strong></span> <span class='ocrx_word' id='word_1_70' title='bbox 839 637 1014 676; x_wconf 77' lang='lat' dir='ltr'>EADEM</span> <span class='ocrx_word' id='word_1_71' title='bbox 1036 635 1099 676; x_wconf 88' lang='lat' dir='ltr'>die</span> <span class='ocrx_word' id='word_1_72' title='bbox 1115 664 1128 685; x_wconf 87' lang='lat'><strong><em>,</em></strong></span> <span class='ocrx_word' id='word_1_73' title='bbox 1156 635 1203 675; x_wconf 89' lang='lat' dir='ltr'>ad</span> <span class='ocrx_word' id='word_1_74' title='bbox 1227 634 1453 684; x_wconf 83' lang='lat' dir='ltr'>Caecinam,</span> <span class='ocrx_word' id='word_1_75' title='bbox 1480 635 1591 690; x_wconf 89' lang='lat' dir='ltr'>operi</span> <span class='ocrx_word' id='word_1_76' title='bbox 1615 634 1747 689; x_wconf 88' lang='lat' dir='ltr'>pontis</span> <span class='ocrx_word' id='word_1_77' title='bbox 1769 634 1968 674; x_wconf 88' lang='lat' dir='ltr'>intentum</span> <span class='ocrx_word' id='word_1_78' title='bbox 1985 660 2000 683; x_wconf 91' lang='lat'><strong><em>,</em></strong></span> 
     </span>
     <span class='ocr_line' id='line_1_14' title="bbox 617 695 1997 755; baseline -0.005 -14"><span class='ocrx_word' id='word_1_79' title='bbox 617 700 698 741; x_wconf 86' lang='lat' dir='ltr'>duo</span> <span class='ocrx_word' id='word_1_80' title='bbox 715 701 981 755; x_wconf 77' lang='lat' dir='ltr'>praetoriarum</span> <span class='ocrx_word' id='word_1_81' title='bbox 999 699 1226 739; x_wconf 87' lang='lat' dir='ltr'>cohortium</span> <span class='ocrx_word' id='word_1_82' title='bbox 1243 696 1413 747; x_wconf 85' lang='lat' dir='ltr'>tribuni,</span> <span class='ocrx_word' id='word_1_83' title='bbox 1433 697 1683 751; x_wconf 88' lang='lat' dir='ltr'>colloquium</span> <span class='ocrx_word' id='word_1_84' title='bbox 1700 695 1783 748; x_wconf 86' lang='lat' dir='ltr'>ejus</span> <span class='ocrx_word' id='word_1_85' title='bbox 1799 695 1997 751; x_wconf 85' lang='lat' dir='ltr'>postulan-</span> 
     </span>
     <span class='ocr_line' id='line_1_15' title="bbox 616 758 1996 815; baseline -0.004 -12"><span class='ocrx_word' id='word_1_86' title='bbox 616 775 675 803; x_wconf 87' lang='lat' dir='ltr'>tes</span> <span class='ocrx_word' id='word_1_87' title='bbox 693 793 705 812; x_wconf 87' lang='lat'><em>‚</em></span> <span class='ocrx_word' id='word_1_88' title='bbox 730 775 937 802; x_wconf 87' lang='lat' dir='ltr'>venerunt.</span> <span class='ocrx_word' id='word_1_89' title='bbox 961 761 1111 800; x_wconf 90' lang='lat' dir='ltr'>Audire</span> <span class='ocrx_word' id='word_1_90' title='bbox 1133 760 1414 809; x_wconf 84' lang='lat' dir='ltr'>conditiones,</span> <span class='ocrx_word' id='word_1_91' title='bbox 1439 775 1484 800; x_wconf 93' lang='lat' dir='ltr'>ac</span> <span class='ocrx_word' id='word_1_92' title='bbox 1506 760 1668 800; x_wconf 83' lang='lat' dir='ltr'>reddere</span> <span class='ocrx_word' id='word_1_93' title='bbox 1691 758 1850 815; x_wconf 84' lang='lat' dir='ltr'>parabat</span> <span class='ocrx_word' id='word_1_94' title='bbox 1865 788 1878 809; x_wconf 89' lang='lat'><em>,</em></span> <span class='ocrx_word' id='word_1_95' title='bbox 1904 761 1996 799; x_wconf 75' lang='lat' dir='ltr'>cum</span> 
     </span>
     <span class='ocr_line' id='line_1_16' title="bbox 619 822 1996 881; baseline -0.002 -18"><span class='ocrx_word' id='word_1_96' title='bbox 619 826 839 881; x_wconf 79' lang='lat' dir='ltr'>praecipites</span> <span class='ocrx_word' id='word_1_97' title='bbox 862 822 1133 879; x_wconf 83' lang='lat' dir='ltr'>exploratores</span> <span class='ocrx_word' id='word_1_98' title='bbox 1158 823 1283 864; x_wconf 79' lang='lat' dir='ltr'>adesse</span> <span class='ocrx_word' id='word_1_99' title='bbox 1306 823 1459 863; x_wconf 86' lang='lat' dir='ltr'>hostem</span> <span class='ocrx_word' id='word_1_100' title='bbox 1480 824 1726 863; x_wconf 82' lang='lat' dir='ltr'>nuntiavere.</span> <span class='ocrx_word' id='word_1_101' title='bbox 1748 822 1996 876; x_wconf 87' lang='lat' dir='ltr'>Interruptus</span> 
     </span>
     <span class='ocr_line' id='line_1_17' title="bbox 617 883 1997 939; baseline -0.004 -11"><span class='ocrx_word' id='word_1_102' title='bbox 617 888 868 928; x_wconf 89' lang='lat' dir='ltr'>tribunorum</span> <span class='ocrx_word' id='word_1_103' title='bbox 890 887 1040 927; x_wconf 91' lang='lat' dir='ltr'>sermo:</span> <span class='ocrx_word' id='word_1_104' title='bbox 1067 886 1195 939; x_wconf 81' lang='lat' dir='ltr'>eoque</span> <span class='ocrx_word' id='word_1_105' title='bbox 1218 887 1414 927; x_wconf 90' lang='lat' dir='ltr'>incertum</span> <span class='ocrx_word' id='word_1_106' title='bbox 1450 885 1527 925; x_wconf 89' lang='lat' dir='ltr'>fuit</span> <span class='ocrx_word' id='word_1_107' title='bbox 1542 915 1554 935; x_wconf 84' lang='lat'><em>,</em></span> <span class='ocrx_word' id='word_1_108' title='bbox 1584 885 1738 926; x_wconf 80' lang='lat' dir='ltr'>insidias</span> <span class='ocrx_word' id='word_1_109' title='bbox 1754 915 1766 934; x_wconf 84' lang='lat'>‚</span> <span class='ocrx_word' id='word_1_110' title='bbox 1792 899 1840 924; x_wconf 91' lang='lat' dir='ltr'>an</span> <span class='ocrx_word' id='word_1_111' title='bbox 1864 883 1997 938; x_wconf 84' lang='lat' dir='ltr'>prodi-</span> 
     </span>
     <span class='ocr_line' id='line_1_18' title="bbox 617 946 1998 1004; baseline -0.004 -13"><span class='ocrx_word' id='word_1_112' title='bbox 617 952 796 999; x_wconf 83' lang='lat' dir='ltr'>tionem,</span> <span class='ocrx_word' id='word_1_113' title='bbox 823 948 889 989; x_wconf 90' lang='lat' dir='ltr'>vel</span> <span class='ocrx_word' id='word_1_114' title='bbox 913 948 1075 1002; x_wconf 85' lang='lat' dir='ltr'>aliquod</span> <span class='ocrx_word' id='word_1_115' title='bbox 1100 950 1307 989; x_wconf 89' lang='lat' dir='ltr'>honestum</span> <span class='ocrx_word' id='word_1_116' title='bbox 1334 947 1543 989; x_wconf 82' lang='lat' dir='ltr'>confilium</span> <span class='ocrx_word' id='word_1_117' title='bbox 1565 948 1845 1004; x_wconf 82' lang='lat' dir='ltr'>coeptaverint.</span> <span class='ocrx_word' id='word_1_118' title='bbox 1869 946 1998 986; x_wconf 83' lang='lat' dir='ltr'>Caeci-</span> 
     </span>
     <span class='ocr_line' id='line_1_19' title="bbox 617 1008 1999 1063; baseline -0.003 -10"><span class='ocrx_word' id='word_1_119' title='bbox 617 1028 688 1063; x_wconf 87' lang='lat' dir='ltr'>na,</span> <span class='ocrx_word' id='word_1_120' title='bbox 709 1012 865 1053; x_wconf 83' lang='lat' dir='ltr'>dimiffis</span> <span class='ocrx_word' id='word_1_121' title='bbox 879 1011 1256 1062; x_wconf 66' lang='lat' dir='ltr'>tribunis,reve&amp;us</span> <span class='ocrx_word' id='word_1_122' title='bbox 1274 1013 1315 1050; x_wconf 89' lang='lat' dir='ltr'>in</span> <span class='ocrx_word' id='word_1_123' title='bbox 1332 1012 1451 1051; x_wconf 85' lang='lat' dir='ltr'>castra</span> <span class='ocrx_word' id='word_1_124' title='bbox 1465 1041 1477 1061; x_wconf 83' lang='lat'><strong><em>,</em></strong></span> <span class='ocrx_word' id='word_1_125' title='bbox 1498 1011 1655 1061; x_wconf 86' lang='lat' dir='ltr'>datum,</span> <span class='ocrx_word' id='word_1_126' title='bbox 1675 1009 1775 1062; x_wconf 80' lang='lat' dir='ltr'>jussu</span> <span class='ocrx_word' id='word_1_127' title='bbox 1792 1008 1905 1051; x_wconf 88' lang='lat' dir='ltr'>Fabii</span> <span class='ocrx_word' id='word_1_128' title='bbox 1919 1010 1999 1050; x_wconf 91' lang='lat' dir='ltr'>Va-</span> 
     </span>
     <span class='ocr_line' id='line_1_20' title="bbox 616 1070 1998 1130; baseline -0.004 -15"><span class='ocrx_word' id='word_1_129' title='bbox 616 1075 762 1125; x_wconf 68' lang='lat' dir='ltr'>lends,</span> <span class='ocrx_word' id='word_1_130' title='bbox 787 1089 926 1130; x_wconf 82' lang='lat' dir='ltr'>pugnae</span> <span class='ocrx_word' id='word_1_131' title='bbox 952 1075 1102 1129; x_wconf 75' lang='lat' dir='ltr'>lignum</span> <span class='ocrx_word' id='word_1_132' title='bbox 1119 1105 1131 1124; x_wconf 85' lang='lat'><em>,</em></span> <span class='ocrx_word' id='word_1_133' title='bbox 1159 1078 1198 1115; x_wconf 72' lang='grc' dir='ltr'>ὃ(</span> <span class='ocrx_word' id='word_1_134' title='bbox 1221 1073 1391 1114; x_wconf 88' lang='lat' dir='ltr'>militem</span> <span class='ocrx_word' id='word_1_135' title='bbox 1413 1075 1453 1113; x_wconf 87' lang='lat' dir='ltr'>in</span> <span class='ocrx_word' id='word_1_136' title='bbox 1479 1075 1595 1114; x_wconf 87' lang='lat' dir='ltr'>armis</span> <span class='ocrx_word' id='word_1_137' title='bbox 1619 1074 1785 1113; x_wconf 90' lang='lat' dir='ltr'>invenit.</span> <span class='ocrx_word' id='word_1_138' title='bbox 1809 1072 1920 1112; x_wconf 90' lang='lat' dir='ltr'>Dum</span> <span class='ocrx_word' id='word_1_139' title='bbox 1943 1070 1998 1111; x_wconf 91' lang='lat' dir='ltr'>le-</span> 
     </span>
     <span class='ocr_line' id='line_1_21' title="bbox 615 1137 1996 1193; baseline -0.002 -16"><span class='ocrx_word' id='word_1_140' title='bbox 615 1140 757 1193; x_wconf 82' lang='lat' dir='ltr'>giones</span> <span class='ocrx_word' id='word_1_141' title='bbox 778 1139 827 1178; x_wconf 92' lang='lat' dir='ltr'>de</span> <span class='ocrx_word' id='word_1_142' title='bbox 852 1137 991 1178; x_wconf 86' lang='lat' dir='ltr'>ordine</span> <span class='ocrx_word' id='word_1_143' title='bbox 1016 1139 1184 1192; x_wconf 85' lang='lat' dir='ltr'>agminis</span> <span class='ocrx_word' id='word_1_144' title='bbox 1212 1138 1455 1186; x_wconf 81' lang='lat' dir='ltr'>sortiuntur,</span> <span class='ocrx_word' id='word_1_145' title='bbox 1482 1137 1634 1191; x_wconf 89' lang='lat' dir='ltr'>equites</span> <span class='ocrx_word' id='word_1_146' title='bbox 1659 1150 1899 1191; x_wconf 85' lang='lat' dir='ltr'>prorupere:</span> <span class='ocrx_word' id='word_1_147' title='bbox 1927 1138 1967 1175; x_wconf 77' lang='grc' dir='ltr'>ὅ(</span> <span class='ocrx_word' id='word_1_148' title='bbox 1983 1163 1996 1184; x_wconf 89' lang='grc'>,</span> 
     </span>
     <span class='ocr_line' id='line_1_22' title="bbox 614 1196 1996 1256; baseline -0.003 -15"><span class='ocrx_word' id='word_1_149' title='bbox 614 1202 761 1241; x_wconf 89' lang='lat' dir='ltr'>mirum</span> <span class='ocrx_word' id='word_1_150' title='bbox 784 1201 889 1241; x_wconf 63' lang='lat' dir='ltr'>dictu</span> <span class='ocrx_word' id='word_1_151' title='bbox 902 1230 915 1250; x_wconf 84' lang='lat'><em>‚</em></span> <span class='ocrx_word' id='word_1_152' title='bbox 939 1216 960 1240; x_wconf 92' lang='lat' dir='ltr'>a</span> <span class='ocrx_word' id='word_1_153' title='bbox 981 1200 1235 1256; x_wconf 87' lang='lat' dir='ltr'>paucioribus</span> <span class='ocrx_word' id='word_1_154' title='bbox 1259 1201 1504 1241; x_wconf 87' lang='lat' dir='ltr'>Othonianis</span> <span class='ocrx_word' id='word_1_155' title='bbox 1518 1230 1531 1250; x_wconf 85' lang='grc'>,</span> <span class='ocrx_word' id='word_1_156' title='bbox 1551 1200 1764 1254; x_wconf 90' lang='lat' dir='ltr'>quominus</span> <span class='ocrx_word' id='word_1_157' title='bbox 1786 1199 1827 1238; x_wconf 91' lang='lat' dir='ltr'>in</span> <span class='ocrx_word' id='word_1_158' title='bbox 1845 1196 1996 1238; x_wconf 90' lang='lat' dir='ltr'>vallum</span> 
     </span>
     <span class='ocr_line' id='line_1_23' title="bbox 614 1261 1997 1320; baseline -0.001 -17"><span class='ocrx_word' id='word_1_159' title='bbox 614 1265 932 1320; x_wconf 83' lang='lat' dir='ltr'>impingerentur</span> <span class='ocrx_word' id='word_1_160' title='bbox 945 1293 957 1314; x_wconf 84' lang='lat'>‚</span> <span class='ocrx_word' id='word_1_161' title='bbox 978 1263 1124 1304; x_wconf 79' lang='lat' dir='ltr'>Italicae</span> <span class='ocrx_word' id='word_1_162' title='bbox 1144 1262 1315 1318; x_wconf 85' lang='lat' dir='ltr'>legionis</span> <span class='ocrx_word' id='word_1_163' title='bbox 1331 1264 1478 1304; x_wconf 90' lang='lat' dir='ltr'>virtute</span> <span class='ocrx_word' id='word_1_164' title='bbox 1496 1262 1673 1303; x_wconf 87' lang='lat' dir='ltr'>deterriti</span> <span class='ocrx_word' id='word_1_165' title='bbox 1694 1262 1804 1302; x_wconf 89' lang='lat' dir='ltr'>sunt:</span> <span class='ocrx_word' id='word_1_166' title='bbox 1826 1276 1872 1302; x_wconf 90' lang='lat' dir='ltr'>ea</span> <span class='ocrx_word' id='word_1_167' title='bbox 1892 1261 1997 1301; x_wconf 55' lang='lat' dir='ltr'>siric*</span> 
     </span>
     <span class='ocr_line' id='line_1_24' title="bbox 613 1324 1997 1382; baseline -0.003 -16"><span class='ocrx_word' id='word_1_168' title='bbox 613 1328 664 1367; x_wconf 89' lang='lat' dir='ltr'>tis</span> <span class='ocrx_word' id='word_1_169' title='bbox 687 1325 970 1376; x_wconf 87' lang='lat' dir='ltr'>mucronibus,</span> <span class='ocrx_word' id='word_1_170' title='bbox 995 1326 1122 1367; x_wconf 89' lang='lat' dir='ltr'>redire</span> <span class='ocrx_word' id='word_1_171' title='bbox 1151 1326 1313 1382; x_wconf 87' lang='lat' dir='ltr'>pulsos,</span> <span class='ocrx_word' id='word_1_172' title='bbox 1343 1330 1384 1366; x_wconf 72' lang='grc' dir='ltr'>ὃ(</span> <span class='ocrx_word' id='word_1_173' title='bbox 1415 1341 1589 1381; x_wconf 82' lang='lat' dir='ltr'>pugnam</span> <span class='ocrx_word' id='word_1_174' title='bbox 1622 1325 1820 1365; x_wconf 86' lang='lat' dir='ltr'>resumere</span> <span class='ocrx_word' id='word_1_175' title='bbox 1849 1324 1997 1377; x_wconf 85' lang='lat' dir='ltr'>coegit.</span> 
     </span>
     <span class='ocr_line' id='line_1_25' title="bbox 613 1387 1995 1445; baseline -0.004 -14"><span class='ocrx_word' id='word_1_176' title='bbox 613 1389 814 1445; x_wconf 85' lang='lat' dir='ltr'>Dispofita</span> <span class='ocrx_word' id='word_1_177' title='bbox 845 1388 1153 1430; x_wconf 88' lang='lat' dir='ltr'>Vitellianarum</span> <span class='ocrx_word' id='word_1_178' title='bbox 1184 1389 1393 1444; x_wconf 85' lang='lat' dir='ltr'>legionum</span> <span class='ocrx_word' id='word_1_179' title='bbox 1427 1390 1560 1439; x_wconf 85' lang='lat' dir='ltr'>acies,</span> <span class='ocrx_word' id='word_1_180' title='bbox 1587 1388 1665 1428; x_wconf 88' lang='lat' dir='ltr'>fine</span> <span class='ocrx_word' id='word_1_181' title='bbox 1695 1387 1961 1442; x_wconf 85' lang='lat' dir='ltr'>trepidatione</span> <span class='ocrx_word' id='word_1_182' title='bbox 1987 1403 1995 1426; x_wconf 91' lang='lat'>:</span> 
     </span>
     <span class='ocr_line' id='line_1_26' title="bbox 613 1449 1996 1507; baseline -0.002 -16"><span class='ocrx_word' id='word_1_183' title='bbox 613 1454 764 1492; x_wconf 90' lang='lat' dir='ltr'>etenim</span> <span class='ocrx_word' id='word_1_184' title='bbox 778 1482 792 1503; x_wconf 85' lang='lat'><strong><em>,</em></strong></span> <span class='ocrx_word' id='word_1_185' title='bbox 817 1467 1054 1505; x_wconf 86' lang='lat' dir='ltr'>quamquam</span> <span class='ocrx_word' id='word_1_186' title='bbox 1070 1453 1207 1492; x_wconf 90' lang='lat' dir='ltr'>vicino</span> <span class='ocrx_word' id='word_1_187' title='bbox 1230 1453 1340 1492; x_wconf 88' lang='lat' dir='ltr'>hoste</span> <span class='ocrx_word' id='word_1_188' title='bbox 1353 1481 1366 1503; x_wconf 85' lang='lat'><strong><em>,</em></strong></span> <span class='ocrx_word' id='word_1_189' title='bbox 1387 1452 1563 1507; x_wconf 69' lang='lat' dir='ltr'>aspe&amp;us</span> <span class='ocrx_word' id='word_1_190' title='bbox 1583 1465 1783 1491; x_wconf 89' lang='lat' dir='ltr'>armorum</span> <span class='ocrx_word' id='word_1_191' title='bbox 1801 1449 1925 1490; x_wconf 80' lang='lat' dir='ltr'>densls</span> <span class='ocrx_word' id='word_1_192' title='bbox 1941 1464 1996 1489; x_wconf 87' lang='lat' dir='ltr'>ar-</span> 
     </span>
     <span class='ocr_line' id='line_1_27' title="bbox 612 1510 1994 1570; baseline -0.002 -15"><span class='ocrx_word' id='word_1_193' title='bbox 612 1513 733 1555; x_wconf 89' lang='lat' dir='ltr'>bustis</span> <span class='ocrx_word' id='word_1_194' title='bbox 765 1514 1070 1570; x_wconf 86' lang='lat' dir='ltr'>prohibebatur:</span> <span class='ocrx_word' id='word_1_195' title='bbox 1097 1515 1201 1570; x_wconf 85' lang='lat' dir='ltr'>apud</span> <span class='ocrx_word' id='word_1_196' title='bbox 1224 1515 1481 1555; x_wconf 90' lang='lat' dir='ltr'>Othonianos</span> <span class='ocrx_word' id='word_1_197' title='bbox 1497 1544 1510 1565; x_wconf 84' lang='lat'><strong><em>,</em></strong></span> <span class='ocrx_word' id='word_1_198' title='bbox 1536 1514 1668 1570; x_wconf 83' lang='lat' dir='ltr'>pavidi</span> <span class='ocrx_word' id='word_1_199' title='bbox 1701 1513 1822 1554; x_wconf 89' lang='lat' dir='ltr'>duces</span> <span class='ocrx_word' id='word_1_200' title='bbox 1838 1541 1850 1563; x_wconf 87' lang='lat'><strong><em>,</em></strong></span> <span class='ocrx_word' id='word_1_201' title='bbox 1880 1510 1994 1552; x_wconf 88' lang='lat' dir='ltr'>miles</span> 
     </span>
     <span class='ocr_line' id='line_1_28' title="bbox 614 1575 1996 1632; baseline -0.002 -15"><span class='ocrx_word' id='word_1_202' title='bbox 614 1576 784 1618; x_wconf 90' lang='lat' dir='ltr'>ducibus</span> <span class='ocrx_word' id='word_1_203' title='bbox 806 1578 1005 1628; x_wconf 77' lang='lat' dir='ltr'>infensus,</span> <span class='ocrx_word' id='word_1_204' title='bbox 1028 1579 1152 1618; x_wconf 85' lang='lat' dir='ltr'>mixta</span> <span class='ocrx_word' id='word_1_205' title='bbox 1167 1576 1354 1618; x_wconf 86' lang='lat' dir='ltr'>vehicula</span> <span class='ocrx_word' id='word_1_206' title='bbox 1371 1582 1411 1618; x_wconf 76' lang='grc' dir='ltr'>ὅ(</span> <span class='ocrx_word' id='word_1_207' title='bbox 1432 1576 1520 1617; x_wconf 81' lang='lat' dir='ltr'>lixae</span> <span class='ocrx_word' id='word_1_208' title='bbox 1534 1607 1547 1628; x_wconf 84' lang='grc'>,</span> <span class='ocrx_word' id='word_1_209' title='bbox 1573 1581 1611 1618; x_wconf 84' lang='lat'>&amp;</span> <span class='ocrx_word' id='word_1_210' title='bbox 1635 1576 1838 1632; x_wconf 74' lang='lat' dir='ltr'>praeruptis</span> <span class='ocrx_word' id='word_1_211' title='bbox 1860 1575 1996 1615; x_wconf 86' lang='lat' dir='ltr'>utrim-</span> 
     </span>
     <span class='ocr_line' id='line_1_29' title="bbox 613 1636 1995 1695; baseline -0.002 -15"><span class='ocrx_word' id='word_1_212' title='bbox 613 1655 690 1694; x_wconf 89' lang='lat' dir='ltr'>que</span> <span class='ocrx_word' id='word_1_213' title='bbox 705 1640 808 1681; x_wconf 81' lang='lat' dir='ltr'>fosfis</span> <span class='ocrx_word' id='word_1_214' title='bbox 821 1670 834 1691; x_wconf 87' lang='lat'><strong><em>,</em></strong></span> <span class='ocrx_word' id='word_1_215' title='bbox 854 1641 919 1680; x_wconf 89' lang='lat' dir='ltr'>via</span> <span class='ocrx_word' id='word_1_216' title='bbox 933 1643 1069 1694; x_wconf 87' lang='lat' dir='ltr'>quieto</span> <span class='ocrx_word' id='word_1_217' title='bbox 1085 1655 1242 1694; x_wconf 86' lang='lat' dir='ltr'>quoque</span> <span class='ocrx_word' id='word_1_218' title='bbox 1257 1641 1405 1695; x_wconf 84' lang='lat' dir='ltr'>agmini</span> <span class='ocrx_word' id='word_1_219' title='bbox 1422 1641 1594 1695; x_wconf 84' lang='lat' dir='ltr'>angusta.</span> <span class='ocrx_word' id='word_1_220' title='bbox 1615 1638 1906 1680; x_wconf 87' lang='lat' dir='ltr'>Circumfistere</span> <span class='ocrx_word' id='word_1_221' title='bbox 1927 1636 1995 1678; x_wconf 86' lang='lat' dir='ltr'>alii</span> 
     </span>
     <span class='ocr_line' id='line_1_30' title="bbox 612 1701 1995 1758; baseline -0.001 -16"><span class='ocrx_word' id='word_1_222' title='bbox 612 1703 721 1758; x_wconf 78' lang='lat' dir='ltr'>signa</span> <span class='ocrx_word' id='word_1_223' title='bbox 743 1703 834 1753; x_wconf 84' lang='lat' dir='ltr'>sua,</span> <span class='ocrx_word' id='word_1_224' title='bbox 863 1718 1032 1757; x_wconf 81' lang='lat' dir='ltr'>quaerere</span> <span class='ocrx_word' id='word_1_225' title='bbox 1054 1702 1141 1744; x_wconf 87' lang='lat' dir='ltr'>alii:</span> <span class='ocrx_word' id='word_1_226' title='bbox 1170 1705 1346 1744; x_wconf 88' lang='lat' dir='ltr'>incertus</span> <span class='ocrx_word' id='word_1_227' title='bbox 1373 1703 1549 1756; x_wconf 91' lang='lat' dir='ltr'>undique</span> <span class='ocrx_word' id='word_1_228' title='bbox 1575 1701 1754 1752; x_wconf 80' lang='lat' dir='ltr'>clamor,</span> <span class='ocrx_word' id='word_1_229' title='bbox 1778 1701 1995 1742; x_wconf 88' lang='lat' dir='ltr'>adcurren-</span> 
     </span>
     <span class='ocr_line' id='line_1_31' title="bbox 611 1764 1993 1820; baseline -0.003 -14"><span class='ocrx_word' id='word_1_230' title='bbox 611 1767 740 1816; x_wconf 86' lang='lat' dir='ltr'>tium‚</span> <span class='ocrx_word' id='word_1_231' title='bbox 767 1767 1055 1807; x_wconf 88' lang='lat' dir='ltr'>vocitantium:</span> <span class='ocrx_word' id='word_1_232' title='bbox 1082 1770 1148 1816; x_wconf 83' lang='lat'>&amp;,</span> <span class='ocrx_word' id='word_1_233' title='bbox 1174 1780 1219 1806; x_wconf 92' lang='lat' dir='ltr'>ut</span> <span class='ocrx_word' id='word_1_234' title='bbox 1251 1768 1395 1820; x_wconf 88' lang='lat' dir='ltr'>cuique</span> <span class='ocrx_word' id='word_1_235' title='bbox 1418 1765 1609 1816; x_wconf 89' lang='lat' dir='ltr'>audacia,</span> <span class='ocrx_word' id='word_1_236' title='bbox 1639 1764 1705 1806; x_wconf 88' lang='lat' dir='ltr'>vel</span> <span class='ocrx_word' id='word_1_237' title='bbox 1730 1764 1928 1814; x_wconf 86' lang='lat' dir='ltr'>formido,</span> <span class='ocrx_word' id='word_1_238' title='bbox 1952 1764 1993 1803; x_wconf 89' lang='lat' dir='ltr'>in</span> 
     </span>
     <span class='ocr_line' id='line_1_32' title="bbox 611 1825 1993 1885; baseline -0.001 -17"><span class='ocrx_word' id='word_1_239' title='bbox 611 1831 779 1885; x_wconf 88' lang='lat' dir='ltr'>primam</span> <span class='ocrx_word' id='word_1_240' title='bbox 797 1830 1083 1885; x_wconf 85' lang='lat' dir='ltr'>postremamve</span> <span class='ocrx_word' id='word_1_241' title='bbox 1101 1829 1227 1869; x_wconf 84' lang='lat' dir='ltr'>aciem</span> <span class='ocrx_word' id='word_1_242' title='bbox 1245 1828 1556 1884; x_wconf 89' lang='lat' dir='ltr'>prorumpebant</span> <span class='ocrx_word' id='word_1_243' title='bbox 1568 1859 1582 1879; x_wconf 84' lang='lat'><em>‚</em></span> <span class='ocrx_word' id='word_1_244' title='bbox 1607 1827 1673 1868; x_wconf 89' lang='lat' dir='ltr'>vel</span> <span class='ocrx_word' id='word_1_245' title='bbox 1688 1825 1993 1868; x_wconf 87' lang='lat' dir='ltr'>revehebantur.</span> 
     </span>
    </p>

    <p class='ocr_par' dir='ltr' id='par_1_7' title="bbox 612 1890 1993 2073">
     <span class='ocr_line' id='line_1_33' title="bbox 676 1890 1993 1944; baseline -0.002 -12"><span class='ocrx_word' id='word_1_246' title='bbox 676 1892 827 1933; x_wconf 88' lang='lat' dir='ltr'><strong>XLII.</strong></span> <span class='ocrx_word' id='word_1_247' title='bbox 861 1893 1161 1934; x_wconf 80' lang='lat' dir='ltr'>ATToNiTAs</span> <span class='ocrx_word' id='word_1_248' title='bbox 1188 1891 1317 1933; x_wconf 91' lang='lat' dir='ltr'>subito</span> <span class='ocrx_word' id='word_1_249' title='bbox 1346 1905 1495 1932; x_wconf 88' lang='lat' dir='ltr'>terrore</span> <span class='ocrx_word' id='word_1_250' title='bbox 1517 1903 1699 1940; x_wconf 84' lang='lat' dir='ltr'>mentes,</span> <span class='ocrx_word' id='word_1_251' title='bbox 1728 1890 1871 1932; x_wconf 86' lang='lat' dir='ltr'>falsum</span> <span class='ocrx_word' id='word_1_252' title='bbox 1894 1904 1993 1944; x_wconf 85' lang='lat' dir='ltr'>gau-</span> 
     </span>
     <span class='ocr_line' id='line_1_34' title="bbox 613 1951 1992 2011; baseline -0.001 -18"><span class='ocrx_word' id='word_1_253' title='bbox 613 1954 723 1994; x_wconf 88' lang='lat' dir='ltr'>dium</span> <span class='ocrx_word' id='word_1_254' title='bbox 746 1956 785 1994; x_wconf 89' lang='lat' dir='ltr'>in</span> <span class='ocrx_word' id='word_1_255' title='bbox 808 1954 1044 2010; x_wconf 84' lang='lat' dir='ltr'>languorem</span> <span class='ocrx_word' id='word_1_256' title='bbox 1067 1956 1212 2005; x_wconf 88' lang='lat' dir='ltr'>vertit,</span> <span class='ocrx_word' id='word_1_257' title='bbox 1237 1956 1428 2011; x_wconf 84' lang='lat' dir='ltr'>repertis,</span> <span class='ocrx_word' id='word_1_258' title='bbox 1454 1957 1521 2009; x_wconf 91' lang='lat' dir='ltr'>qui</span> <span class='ocrx_word' id='word_1_259' title='bbox 1548 1972 1568 1991; x_wconf 90' lang='lat'>«</span> <span class='ocrx_word' id='word_1_260' title='bbox 1587 1953 1791 1994; x_wconf 80' lang='lat' dir='ltr'>descivisse</span> <span class='ocrx_word' id='word_1_261' title='bbox 1818 1968 1840 1993; x_wconf 87' lang='lat' dir='ltr'>a</span> <span class='ocrx_word' id='word_1_262' title='bbox 1860 1951 1992 1994; x_wconf 91' lang='lat' dir='ltr'>Vitel-</span> 
     </span>
     <span class='ocr_line' id='line_1_35' title="bbox 612 2014 1990 2073; baseline 0.002 -21"><span class='ocrx_word' id='word_1_263' title='bbox 612 2015 702 2057; x_wconf 79' lang='lat' dir='ltr'>»lio</span> <span class='ocrx_word' id='word_1_264' title='bbox 732 2020 953 2058; x_wconf 84' lang='lat' dir='ltr'>exercitum</span> <span class='ocrx_word' id='word_1_265' title='bbox 975 2036 996 2055; x_wconf 74' lang='lat'>³&gt;</span> <span class='ocrx_word' id='word_1_266' title='bbox 1020 2019 1316 2059; x_wconf 88' lang='lat' dir='ltr'>ementirentur.</span> <span class='ocrx_word' id='word_1_267' title='bbox 1338 2018 1376 2059; x_wconf 86' lang='lat' dir='ltr'>Is</span> <span class='ocrx_word' id='word_1_268' title='bbox 1399 2032 1562 2068; x_wconf 80' lang='lat' dir='ltr'>rumor,</span> <span class='ocrx_word' id='word_1_269' title='bbox 1591 2016 1638 2058; x_wconf 89' lang='lat' dir='ltr'>ab</span> <span class='ocrx_word' id='word_1_270' title='bbox 1671 2014 1990 2073; x_wconf 89' lang='lat' dir='ltr'>exploratoribus</span> 
     </span>
    </p>
   </div>
   <div class='ocr_carea' id='block_1_6' title="bbox 2031 831 2079 857">
    <p class='ocr_par' dir='ltr' id='par_1_8' title="bbox 2031 831 2079 857">
     <span class='ocr_line' id='line_1_36' title="bbox 2031 831 2079 857; baseline 0.021 -1"><span class='ocrx_word' id='word_1_271' title='bbox 2031 831 2079 857; x_wconf 86' lang='lat'>10</span> 
     </span>
    </p>
   </div>
   <div class='ocr_carea' id='block_1_7' title="bbox 2031 1141 2076 1180">
    <p class='ocr_par' dir='ltr' id='par_1_9' title="bbox 2031 1141 2076 1180">
     <span class='ocr_line' id='line_1_37' title="bbox 2031 1141 2076 1180; baseline 0 0"><span class='ocrx_word' id='word_1_272' title='bbox 2031 1141 2076 1180; x_wconf 84' lang='lat'>15</span> 
     </span>
    </p>
   </div>
   <div class='ocr_carea' id='block_1_8' title="bbox 2024 1461 2079 1487">
    <p class='ocr_par' dir='ltr' id='par_1_10' title="bbox 2024 1461 2079 1487">
     <span class='ocr_line' id='line_1_38' title="bbox 2024 1461 2079 1487; baseline 0.018 -1"><span class='ocrx_word' id='word_1_273' title='bbox 2024 1461 2079 1487; x_wconf 89' lang='lat'>20</span> 
     </span>
    </p>
   </div>
   <div class='ocr_carea' id='block_1_9' title="bbox 609 2078 2073 2138">
    <p class='ocr_par' dir='ltr' id='par_1_11' title="bbox 609 2078 2073 2138">
     <span class='ocr_line' id='line_1_39' title="bbox 609 2078 2073 2138; baseline -0.001 -20"><span class='ocrx_word' id='word_1_274' title='bbox 609 2078 770 2124; x_wconf 62' lang='lat' dir='ltr'>vitellii</span> <span class='ocrx_word' id='word_1_275' title='bbox 793 2080 1011 2136; x_wconf 80' lang='lat' dir='ltr'>dispersus,</span> <span class='ocrx_word' id='word_1_276' title='bbox 1039 2098 1087 2122; x_wconf 87' lang='lat' dir='ltr'>an</span> <span class='ocrx_word' id='word_1_277' title='bbox 1114 2082 1157 2121; x_wconf 92' lang='lat' dir='ltr'>in</span> <span class='ocrx_word' id='word_1_278' title='bbox 1179 2080 1261 2137; x_wconf 62' lang='lat' dir='ltr'>ipsa</span> <span class='ocrx_word' id='word_1_279' title='bbox 1281 2082 1458 2123; x_wconf 90' lang='lat' dir='ltr'>Othonis</span> <span class='ocrx_word' id='word_1_280' title='bbox 1496 2094 1635 2138; x_wconf 81' lang='lat' dir='ltr'>parte,</span> <span class='ocrx_word' id='word_1_281' title='bbox 1663 2080 1730 2120; x_wconf 90' lang='lat' dir='ltr'>seu</span> <span class='ocrx_word' id='word_1_282' title='bbox 1763 2078 1886 2130; x_wconf 87' lang='lat' dir='ltr'>dolo,</span> <span class='ocrx_word' id='word_1_283' title='bbox 1921 2078 1990 2119; x_wconf 90' lang='lat' dir='ltr'>seu</span> <span class='ocrx_word' id='word_1_284' title='bbox 2017 2091 2073 2127; x_wconf 82' lang='lat'>30</span> 
     </span>
    </p>
   </div>
   <div class='ocr_carea' id='block_1_10' title="bbox 609 2185 1988 2385">
    <p class='ocr_par' dir='ltr' id='par_1_12' title="bbox 609 2185 1988 2385">
     <span class='ocr_line' id='line_1_40' title="bbox 611 2185 1988 2227; baseline 0.001 -12"><span class='ocrx_word' id='word_1_285' title='bbox 611 2195 679 2225; x_wconf 82' lang='lat' dir='ltr'>quae</span> <span class='ocrx_word' id='word_1_286' title='bbox 696 2185 777 2216; x_wconf 82' lang='lat' dir='ltr'>haud</span> <span class='ocrx_word' id='word_1_287' title='bbox 794 2188 899 2224; x_wconf 83' lang='lat' dir='ltr'>procul</span> <span class='ocrx_word' id='word_1_288' title='bbox 915 2188 1073 2219; x_wconf 68' lang='lat' dir='ltr'>Cremona</span> <span class='ocrx_word' id='word_1_289' title='bbox 1093 2188 1177 2219; x_wconf 89' lang='lat' dir='ltr'>fuere</span> <span class='ocrx_word' id='word_1_290' title='bbox 1190 2212 1198 2226; x_wconf 85' lang='lat'><em>‚</em></span> <span class='ocrx_word' id='word_1_291' title='bbox 1211 2199 1281 2227; x_wconf 86' lang='lat' dir='ltr'>pro·</span> <span class='ocrx_word' id='word_1_292' title='bbox 1321 2198 1381 2227; x_wconf 92' lang='lat' dir='ltr'>que</span> <span class='ocrx_word' id='word_1_293' title='bbox 1394 2189 1534 2227; x_wconf 87' lang='lat' dir='ltr'>equitum</span> <span class='ocrx_word' id='word_1_294' title='bbox 1553 2187 1631 2218; x_wconf 84' lang='lat' dir='ltr'>usus.</span> <span class='ocrx_word' id='word_1_295' title='bbox 1649 2187 1738 2218; x_wconf 89' lang='lat' dir='ltr'>Unde</span> <span class='ocrx_word' id='word_1_296' title='bbox 1761 2188 1876 2218; x_wconf 84' lang='lat' dir='ltr'>Seneca</span> <span class='ocrx_word' id='word_1_297' title='bbox 1897 2185 1988 2225; x_wconf 85' lang='lat' dir='ltr'>Epist.</span> 
     </span>
     <span class='ocr_line' id='line_1_41' title="bbox 610 2225 1987 2269; baseline 0 -15"><span class='ocrx_word' id='word_1_298' title='bbox 610 2225 721 2269; x_wconf 69' lang='lat' dir='ltr'>greffus</span> <span class='ocrx_word' id='word_1_299' title='bbox 739 2248 747 2261; x_wconf 89' lang='lat'>,</span> <span class='ocrx_word' id='word_1_300' title='bbox 781 2226 979 2257; x_wconf 78' lang='lat' dir='ltr'>Othonianos</span> <span class='ocrx_word' id='word_1_301' title='bbox 999 2251 1008 2263; x_wconf 83' lang='lat'>‚</span> <span class='ocrx_word' id='word_1_302' title='bbox 1039 2236 1092 2257; x_wconf 82' lang='lat' dir='ltr'>aut</span> <span class='ocrx_word' id='word_1_303' title='bbox 1119 2228 1282 2267; x_wconf 88' lang='lat' dir='ltr'>incompo-</span> <span class='ocrx_word' id='word_1_304' title='bbox 1320 2229 1462 2258; x_wconf 88' lang='lat' dir='ltr'><strong>CXXIII.</strong></span> <span class='ocrx_word' id='word_1_305' title='bbox 1495 2227 1597 2256; x_wconf 73' lang='lat' dir='ltr'>Omnes</span> <span class='ocrx_word' id='word_1_306' title='bbox 1614 2228 1670 2265; x_wconf 80' lang='lat' dir='ltr'>jam</span> <span class='ocrx_word' id='word_1_307' title='bbox 1686 2226 1731 2266; x_wconf 80' lang='lat' dir='ltr'>fic</span> <span class='ocrx_word' id='word_1_308' title='bbox 1753 2226 1987 2266; x_wconf 82' lang='lat' dir='ltr'>peregrinantur,</span> 
     </span>
     <span class='ocr_line' id='line_1_42' title="bbox 610 2264 1987 2304; baseline -0.001 -10"><span class='ocrx_word' id='word_1_309' title='bbox 610 2264 684 2295; x_wconf 77' lang='lat' dir='ltr'>fitos</span> <span class='ocrx_word' id='word_1_310' title='bbox 711 2275 742 2294; x_wconf 87' lang='lat' dir='ltr'>m</span> <span class='ocrx_word' id='word_1_311' title='bbox 763 2265 885 2304; x_wconf 79' lang='lat' dir='ltr'>agmine</span> <span class='ocrx_word' id='word_1_312' title='bbox 899 2290 906 2302; x_wconf 91' lang='lat'>,</span> <span class='ocrx_word' id='word_1_313' title='bbox 927 2275 979 2296; x_wconf 84' lang='lat' dir='ltr'>aut</span> <span class='ocrx_word' id='word_1_314' title='bbox 1000 2266 1144 2304; x_wconf 75' lang='lat' dir='ltr'>dispersos</span> <span class='ocrx_word' id='word_1_315' title='bbox 1168 2269 1201 2298; x_wconf 71' lang='grc' dir='ltr'>ὃ(</span> <span class='ocrx_word' id='word_1_316' title='bbox 1217 2268 1281 2297; x_wconf 85' lang='lat' dir='ltr'>val-</span> <span class='ocrx_word' id='word_1_317' title='bbox 1319 2276 1349 2296; x_wconf 79' lang='lat' dir='ltr'>ut</span> <span class='ocrx_word' id='word_1_318' title='bbox 1369 2267 1429 2296; x_wconf 83' lang='lat' dir='ltr'>illos</span> <span class='ocrx_word' id='word_1_319' title='bbox 1456 2266 1642 2296; x_wconf 77' lang='lat' dir='ltr'>Numidarum</span> <span class='ocrx_word' id='word_1_320' title='bbox 1657 2275 1810 2302; x_wconf 67' lang='lat' dir='ltr'>praecurrat</span> <span class='ocrx_word' id='word_1_321' title='bbox 1830 2266 1987 2304; x_wconf 75' lang='lat' dir='ltr'>equitatus,</span> 
     </span>
     <span class='ocr_line' id='line_1_43' title="bbox 609 2303 1987 2346; baseline 0 -13"><span class='ocrx_word' id='word_1_322' title='bbox 609 2304 675 2333; x_wconf 86' lang='lat' dir='ltr'>lum</span> <span class='ocrx_word' id='word_1_323' title='bbox 694 2304 875 2341; x_wconf 79' lang='lat' dir='ltr'>molientes,</span> <span class='ocrx_word' id='word_1_324' title='bbox 897 2305 1056 2336; x_wconf 75' lang='lat' dir='ltr'>certiffime</span> <span class='ocrx_word' id='word_1_325' title='bbox 1074 2314 1137 2336; x_wconf 79' lang='lat' dir='ltr'>erat</span> <span class='ocrx_word' id='word_1_326' title='bbox 1156 2307 1279 2346; x_wconf 81' lang='lat' dir='ltr'>aggres-</span> <span class='ocrx_word' id='word_1_327' title='bbox 1319 2316 1347 2335; x_wconf 77' lang='lat' dir='ltr'>ut</span> <span class='ocrx_word' id='word_1_328' title='bbox 1370 2317 1467 2346; x_wconf 82' lang='lat' dir='ltr'>agmen</span> <span class='ocrx_word' id='word_1_329' title='bbox 1493 2306 1626 2344; x_wconf 69' lang='lat' dir='ltr'>cui-starum</span> <span class='ocrx_word' id='word_1_330' title='bbox 1650 2305 1795 2334; x_wconf 77' lang='lat' dir='ltr'>antecedat</span> <span class='ocrx_word' id='word_1_331' title='bbox 1808 2317 1816 2333; x_wconf 78' lang='grc'>.-</span> <span class='ocrx_word' id='word_1_332' title='bbox 1837 2314 1913 2340; x_wconf 80' lang='lat' dir='ltr'>turpe</span> <span class='ocrx_word' id='word_1_333' title='bbox 1931 2303 1987 2342; x_wconf 76' lang='lat' dir='ltr'>est,</span> 
     </span>
     <span class='ocr_line' id='line_1_44' title="bbox 609 2342 1987 2385; baseline -0.001 -13"><span class='ocrx_word' id='word_1_334' title='bbox 609 2343 703 2373; x_wconf 82' lang='lat' dir='ltr'>surus.</span> <span class='ocrx_word' id='word_1_335' title='bbox 1318 2345 1405 2374; x_wconf 79' lang='lat' dir='ltr'>nullos</span> <span class='ocrx_word' id='word_1_336' title='bbox 1428 2346 1476 2385; x_wconf 83' lang='lat' dir='ltr'>effe</span> <span class='ocrx_word' id='word_1_337' title='bbox 1488 2369 1496 2382; x_wconf 86' lang='lat'><strong>,</strong></span> <span class='ocrx_word' id='word_1_338' title='bbox 1517 2346 1560 2384; x_wconf 82' lang='lat' dir='ltr'>qui</span> <span class='ocrx_word' id='word_1_339' title='bbox 1578 2354 1749 2374; x_wconf 78' lang='lat' dir='ltr'>occurrentes</span> <span class='ocrx_word' id='word_1_340' title='bbox 1769 2344 1815 2373; x_wconf 77' lang='grc' dir='ltr'>νίά</span> <span class='ocrx_word' id='word_1_341' title='bbox 1833 2342 1987 2381; x_wconf 77' lang='lat' dir='ltr'>dejiciant,</span> 
     </span>
    </p>
   </div>
   <div class='ocr_carea' id='block_1_11' title="bbox 606 2380 1986 2463">
    <p class='ocr_par' dir='ltr' id='par_1_13' title="bbox 606 2380 1986 2463">
     <span class='ocr_line' id='line_1_45' title="bbox 648 2380 1986 2425; baseline -0.001 -14"><span class='ocrx_word' id='word_1_342' title='bbox 648 2387 656 2400; x_wconf 88' lang='lat'><em>¹</em></span> <span class='ocrx_word' id='word_1_343' title='bbox 679 2383 821 2425; x_wconf 24' lang='grc' dir='ltr'>,ΝυΜῐυΑ</span> <span class='ocrx_word' id='word_1_344' title='bbox 840 2384 854 2420; x_wconf 96' lang='grc'>]</span> <span class='ocrx_word' id='word_1_345' title='bbox 874 2384 964 2414; x_wconf 87' lang='lat' dir='ltr'>Tunc</span> <span class='ocrx_word' id='word_1_346' title='bbox 985 2382 1018 2412; x_wconf 89' lang='lat' dir='ltr'>in</span> <span class='ocrx_word' id='word_1_347' title='bbox 1036 2384 1111 2415; x_wconf 80' lang='lat' dir='ltr'>luxu</span> <span class='ocrx_word' id='word_1_348' title='bbox 1133 2385 1277 2415; x_wconf 82' lang='lat' dir='ltr'>Romano</span> <span class='ocrx_word' id='word_1_349' title='bbox 1317 2387 1360 2423; x_wconf 77' lang='lat' dir='ltr'>qui</span> <span class='ocrx_word' id='word_1_350' title='bbox 1378 2384 1510 2422; x_wconf 72' lang='lat' dir='ltr'>honestum</span> <span class='ocrx_word' id='word_1_351' title='bbox 1529 2384 1660 2414; x_wconf 83' lang='lat' dir='ltr'>hominem</span> <span class='ocrx_word' id='word_1_352' title='bbox 1685 2383 1778 2414; x_wconf 70' lang='lat' dir='ltr'>venire</span> <span class='ocrx_word' id='word_1_353' title='bbox 1801 2392 1901 2423; x_wconf 80' lang='lat' dir='ltr'>magno</span> <span class='ocrx_word' id='word_1_354' title='bbox 1920 2380 1986 2419; x_wconf 70' lang='lat' dir='ltr'>pul-</span> 
     </span>
     <span class='ocr_line' id='line_1_46' title="bbox 606 2419 1549 2463; baseline 0.003 -10"><span class='ocrx_word' id='word_1_355' title='bbox 606 2419 754 2460; x_wconf 72' lang='lat' dir='ltr'>plunmus</span> <span class='ocrx_word' id='word_1_356' title='bbox 770 2421 831 2454; x_wconf 84' lang='lat' dir='ltr'>fuit</span> <span class='ocrx_word' id='word_1_357' title='bbox 853 2423 1009 2455; x_wconf 82' lang='lat' dir='ltr'>cursorum</span> <span class='ocrx_word' id='word_1_358' title='bbox 1022 2444 1031 2460; x_wconf 89' lang='lat'>,</span> <span class='ocrx_word' id='word_1_359' title='bbox 1055 2423 1278 2456; x_wconf 80' lang='lat' dir='ltr'>Numidarum·</span> <span class='ocrx_word' id='word_1_360' title='bbox 1317 2434 1378 2454; x_wconf 74' lang='lat' dir='ltr'>vere</span> <span class='ocrx_word' id='word_1_361' title='bbox 1399 2423 1549 2463; x_wconf 76' lang='lat' dir='ltr'>qslendanc.</span> 
     </span>
    </p>
   </div>
  </div>
 </body>
</html>
