2230 3047
159 812 209 839 10

157 1124 205 1164 15

149 1449 205 1476 20

373 148 899 194 HISTORIARUM
936 148 1153 190 LIBER
1191 150 1471 191 PRIMUS.
1576 165 1633 201 39

247 247 320 273 nus
345 233 506 287 quaestus
530 232 636 289 pensi
651 231 846 272 habebat:
873 244 942 286 per
957 227 1170 270 latrocinia
1192 233 1231 269 ὅ(
1250 244 1382 286 raptus
1396 260 1408 281 ,
1426 244 1493 271 aut
1514 230 1635 271 servi—

242 294 346 336 libus
367 297 590 337 ministeriis
604 326 617 346 ,
643 294 816 335 militare
841 294 969 334 otium
992 290 1254 332 redimebant.
1274 294 1380 333 Turn
1402 292 1632 350 locupletis—

240 359 356 399 simus
381 359 544 412 quisque
567 358 706 408 miles,
735 357 869 398 labore
894 372 940 398 ac
967 353 1112 395 saevitia
1134 354 1319 408 fatigari,
1351 357 1482 397 donec
1508 373 1627 398 vaca-

242 422 398 461 tionem
430 435 602 462 emeret:
634 420 702 461 ubi
730 420 951 475 sumptibus
982 418 1220 468 exhaustus,
1252 418 1435 458 socordia
1472 421 1630 476 insuper

243 482 499 539 elanguerat,
524 485 640 539 inops
663 499 734 539 pro
753 482 985 538 locuplete,
1011 486 1051 522 ἄ
1069 482 1173 521 iners
1195 496 1266 536 pro
1283 481 1440 521 strenuo
1455 512 1467 532 ,
1489 484 1529 523 in
1547 499 1629 525 ma-

242 546 425 603 nipulum
444 546 619 587 redibat:
646 561 693 587 ac
723 546 852 586 rursus
877 544 976 586 alius
1002 558 1119 598 atque
1138 543 1264 594 alius,
1291 543 1429 583 eadem
1458 547 1628 599 egestate

241 625 289 650 ac
313 608 475 651 licentia
498 611 702 665 corrupti,
730 609 780 649 ad
805 609 1020 649 seditiones
1040 612 1080 648 ἃ
1101 607 1317 648 discordias
1332 637 1344 657 ,
1371 611 1411 647 &
1431 607 1480 647 ad
1500 622 1629 650 extre—

240 687 376 723 mum,
402 671 507 713 bella
525 672 661 714 civilia
684 671 863 712 ruebant.
883 671 962 712 Sed
988 671 1103 711 Otho
1117 699 1130 720 ,
1157 686 1206 710 ne
1223 669 1336 724 vulgi
1354 668 1565 723 largitione
1586 678 1593 694 ¹
1615 703 1628 723 ,

241 737 524 776 centurionum
545 737 699 776 animos
723 748 944 785 averteret,
974 751 995 770 «
1019 734 1159 774 fiscum
1177 734 1289 773 suum
1312 734 1543 774 vacationes
1562 750 1629 774 an-

240 813 369 839 »nuas
391 798 667 839 exsoluturum
690 816 711 835 »
741 798 938 854 promisit:
966 812 1052 837 rem
1072 797 1179 837 haud
1199 795 1320 836 dubie
1343 795 1484 836 utilem
1500 825 1513 847 ,
1545 801 1584 837 ὃ(
1608 813 1629 838 a

240 860 356 902 bonis
388 862 521 917 postea
546 861 827 917 Principibus,
858 861 1123 917 perpetuitate
1148 858 1394 915 disciplinae,
1418 859 1628 902 firmatam.

239 924 354 965 Laco
376 924 576 980 proefe&us
590 955 603 975 ,
624 938 826 979 tamquam
848 925 890 963 in
912 921 1082 963 insulam
1103 922 1360 978 seponeretur
1374 952 1387 972 ,
1414 922 1461 963 ab
1482 938 1628 965 evoca-

238 999 284 1028 to
317 991 358 1037 ²,
384 1003 501 1041 quem
537 988 586 1029 ad
619 988 765 1030 caedem
786 986 870 1040 ejus
899 987 1014 1028 Otho
1039 986 1302 1042 praemiserat,
1335 986 1549 1027 confossus.
1579 988 1628 1029 In

239 1049 489 1091 Mattianum
510 1050 692 1102 Icelum,
713 1064 757 1091 ut
779 1052 820 1091 in
842 1050 1030 1091 libertum
1044 1080 1056 1100 ,
1078 1047 1209 1105 palam
1232 1049 1563 1089 animadversum.

303 1112 502 1155 XLVII.
536 1114 746 1156 EXACTo
772 1129 841 1170 per
866 1112 1015 1154 scelera
1040 1112 1103 1153 die
1119 1141 1132 1162 ,
1159 1112 1410 1152 noviffimum
1426 1111 1626 1153 malorum

237 1174 315 1217 fuit
333 1175 481 1218 laetitia.
504 1179 639 1219 Vocat
665 1178 844 1218 senatum
868 1190 1011 1233 praetor
1036 1174 1216 1216 Urbanus
1242 1181 1251 1203 ³
1273 1193 1280 1215 ε
1310 1189 1464 1218 certant
1489 1175 1625 1217 adula-

236 1238 414 1281 tionibus
429 1241 552 1281 ceteri
566 1242 824 1296 magistratus.
839 1241 1070 1281 Accurrunt
1084 1252 1228 1294 patres:
1247 1239 1475 1280 decernitur
1490 1240 1626 1280 Otho-

237 1303 281 1342 ni
307 1319 329 1339 «
347 1302 563 1345 tribunicia
584 1305 753 1360 potestas
775 1308 818 1354 4,
841 1307 882 1344 &
904 1317 1053 1344 nomen
1072 1303 1245 1356 Augusti
1260 1332 1273 1352 ,
1300 1306 1341 1343 &
1357 1317 1495 1343 omnes
1519 1303 1627 1343 Prin-

236 1366 406 1421 »cipum
430 1369 605 1408 honores
631 1385 674 1418 n,
705 1365 974 1408 adnitentibus
1002 1366 1153 1406 cunetis
1176 1364 1335 1406 abolere
1367 1366 1554 1406 convicia
1576 1380 1624 1405 ac

237 1428 409 1484 probra,
436 1445 519 1483 quae
540 1431 766 1487 promiscue
789 1428 888 1483 ja&
904 1460 918 1480 ,
952 1428 1093 1469 haesiffe
1119 1430 1253 1469 animo
1276 1426 1360 1480 ejus
1385 1443 1505 1468 nemo
1532 1428 1623 1469 sen-

236 1491 305 1532 fit:
335 1493 520 1534 omisisset
544 1494 714 1534 offensas
729 1523 742 1544 ,
771 1509 819 1534 an
846 1491 1075 1542 distulisset,
1102 1491 1296 1532 brevitate
1320 1492 1477 1547 imperii
1501 1492 1543 1530 in
1566 1492 1624 1531 in-

235 1567 348 1596 certo
363 1555 452 1597 fuit.
470 1557 586 1598 Otho
599 1587 612 1608 ,
635 1570 803 1598 cruento
820 1557 950 1597 adhuc
964 1556 1054 1596 foro
1069 1585 1081 1605 ,
1104 1569 1174 1610 per
1191 1556 1353 1609 stragem
1374 1553 1594 1606 jacentium
1610 1583 1624 1603 ‚

236 1618 278 1657 in
298 1617 547 1675 Capitolium
571 1625 611 1671 5,
639 1634 756 1674 atque
779 1620 871 1660 inde
894 1621 936 1659 in
959 1617 1152 1675 palatium
1172 1616 1189 1639 ⁶
1214 1619 1348 1659 veiius
1362 1648 1375 1668 ,
1403 1634 1424 1654 «
1448 1617 1622 1658 concedi

235 1696 257 1718 »
269 1696 438 1738 corpora
454 1682 663 1739 sepulturae
676 1713 689 1734 ,
706 1684 951 1736 cremarique
969 1700 990 1719 >›
1007 1680 1193 1738 permisit.
1211 1681 1398 1722 Pisonem
1412 1681 1586 1721 Verania
1603 1684 1618 1706 ⁷

274 1784 283 1799 ¹
307 1782 412 1811 Vutcr
435 1791 629 1811 LARGITIONE
645 1780 776 1820 ]Vulgo
792 1804 801 1816 ‚
817 1780 849 1810 id
867 1779 907 1810 est
938 1777 1089 1817 sustinebar
1106 1788 1178 1807 more
1190 1778 1332 1816 majorum.
1472 1815 1477 1820 .

232 1819 479 1858 manipularibus
506 1819 660 1850 militibus
677 1843 686 1856 ‚
720 1819 844 1859 largitus
867 1820 907 1850 est
983 1822 998 1841 ⁴
1018 1818 1211 1847 Tamumffl
1234 1817 1407 1853 rossrsms]
1422 1816 1537 1846 Fmtin
1551 1825 1618 1846 mu-

232 1858 320 1889 Otho
336 1859 539 1889 vacationum
553 1883 561 1895 ,
574 1859 812 1889 centurionibus
823 1859 906 1898 praes—
946 1857 997 1887 seo
1017 1856 1155 1896 Collegii
1173 1856 1331 1886 Ludovici
1350 1855 1454 1892 Magni
1476 1865 1620 1885 nummus

232 1897 291 1928 tari
323 1897 504 1936 solitarum,
531 1898 760 1936 remiffionern3
786 1907 841 1935 at,
866 1908 905 1928 ne
945 1905 1106 1935 argenteus
1128 1907 1135 1925 :
1179 1896 1259 1925 IMP.
1302 1895 1422 1925 OTHO
1460 1895 1619 1925 CAESAR

231 1935 289 1967 hac
310 1937 478 1977 largitione
493 1961 501 1974 ‚
527 1938 749 1968 centurionum
780 1937 903 1968 animos
945 1931 1041 1966 AVG.
1063 1936 1129 1965 TR.
1155 1936 1185 1965 Ρ.
1205 1935 1306 1972 capite
1331 1934 1429 1963 nudo.
1450 1936 1484 1961 ln
1503 1933 1618 1970 postica

205 2004 212 2011 ,
231 1984 389 2007 averteret
401 2001 410 2015 ,
457 1975 517 2007 uafi
535 1977 593 2007 suis
621 1977 798 2008 commodis
821 1977 904 2008 frau-
944 1985 1028 2014 parte
1040 1997 1048 2010 ‚
1066 1976 1144 2005 PAX
1166 1975 1282 2004 ORBIS
1298 1973 1536 2003 TERRARUM.
1556 1974 1618 2002 Pax

231 2015 395 2052 darentur,
414 2015 433 2046 fi
450 2026 520 2047 cum
542 2016 628 2047 suum
652 2017 833 2047 vacationes
852 2027 905 2047 an-
944 2015 1019 2045 stans
1034 2024 1106 2045 cum
1123 2014 1260 2044 caduceo
1281 2014 1314 2044 ὃ(
1331 2022 1417 2042 ramo
1433 2012 1522 2042 olcae.

231 2064 306 2085 nuas
326 2055 363 2085 iis
381 2055 593 2086 exsoluturum
613 2055 762 2094 promifit.
987 2059 994 2080 5
1020 2056 1053 2084 ΙΝ
1080 2054 1285 2084 (ῘΑΡιτοιιυΜ
1309 2053 1324 2089 ]
1350 2053 1390 2082 Ut
1417 2059 1515 2090 grates
1543 2050 1617 2081 Jovi

273 2097 284 2110 ²
307 2095 352 2124 AB
383 2096 566 2132 evocare]
592 2095 639 2125 De
678 2095 817 2126 evocatis
842 2095 904 2134 jam
944 2092 1128 2131 Capitolino
1149 2100 1262 2131 ageret.

232 2132 348 2163 dictum
371 2134 411 2164 est
425 2133 512 2173 supra
535 2145 601 2173 cap.
617 2145 666 2172 41.
983 2134 996 2152 ⁶
1020 2134 1051 2162 lu
1074 2132 1266 2168 ΡΑιΛτιυΜ]
1285 2130 1425 2173 Domum
1438 2128 1614 2173 Augustam.

275 2175 413 2203 ³Vocxr
437 2184 580 2204 §tuarum
601 2173 903 2209 pnfflssonuamws]
944 2172 1042 2201 Prima
1066 2170 1128 2201 haec
1150 2170 1286 2201 Othonis
1311 2169 1459 2199 Princins
1489 2176 1615 2236 tcmlpo—

231 2211 404 2242 Interfeffis
418 2212 539 2243 duobus
561 2212 738 2243 consulibus
758 2212 857 2243 Galbzi
871 2214 904 2242 ὃς
944 2221 974 2240 ra
994 2210 1118 2240 illustrat
1133 2210 1299 2241 Suetonius
1323 2208 1354 2237 in
1371 2210 1413 2237 Ot
1440 2228 1448 2236 .
1463 2208 1531 2237 Vll.
1558 2207 1616 2234 seru

230 2250 328 2282 Vinio
345 2275 354 2288 ,
384 2251 494 2282 eorum
519 2252 627 2282 munia
655 2252 766 2283 obibat
793 2260 904 2290 praetor
923 2230 1023 2289 igente
1039 2250 1098 2288 jam
1113 2249 1155 2278 die
1179 2248 1442 2288 ingreffizssemrmn
1459 2270 1466 2282 ‚
1481 2245 1617 2289 pfftdque

230 2291 382 2321 Urbanus.
397 2292 444 2321 Ita
458 2290 572 2322 Cicero
595 2291 685 2329 Epist.
705 2293 751 2327 X,
772 2302 818 2321 ¹2.
837 2290 905 2318 Pla-
943 2288 1017 2318 brem·
1037 2289 1143 2318 rarione
1156 2312 1165 2325 ‚
1179 2287 1252 2328 quast
1273 2297 1369 2324 raptus
1391 2286 1423 2314 de
1436 2285 1560 2322 pulvim—0,
1582 2284 1614 2313 ἲν

230 2329 288 2358 cuir
307 2329 385 2359 nobis
402 2354 411 2367 ,
431 2330 560 2370 utstatim
575 2330 610 2358 ad
625 2330 774 2359 Cornutum
785 2354 793 2367 ‚
807 2339 905 2367 proeto-
936 2329 1069 2368 suscipere
1089 2328 1227 2365 imperium
1243 2327 1271 2357 vi
1287 2326 1393 2355 conflas
1413 2348 1421 2360 ‚
1444 2324 1614 2367 gesturusque

230 2378 285 2397 rem
307 2368 447 2399 Urbanum
465 2393 474 2407 ,
506 2369 602 2399 literas
624 2369 806 2406 deferremus.-
836 2369 902 2408 qui,
943 2368 1075 2398 communi
1089 2368 1205 2397 omnium
1227 2366 1360 2400 arbitria,
1382 2364 1514 2402 palatium
1531 2372 1614 2400 perit,

229 2407 297 2447 qUOd
323 2408 441 2450 confides
470 2408 607 2450 aberant,
632 2408 770 2450 conficlal’e
806 2418 905 2440 munus·
982 2414 994 2434 7
1016 2410 1194 2446 VERANJA]
1217 2405 1383 2440 Veraniam
1400 2403 1540 2444 precibus
1563 2412 1612 2432 §.1-

1658 245 1773 259 =

1659 284 1690 308 A.
1702 285 1731 307 U.
1743 285 1776 310 C.

1680 329 1752 357 822.

1683 381 1706 402 J.
1721 380 1753 403 c.

1687 425 1740 458 69.
