2209 3047
608 210 691 248 522
789 192 1012 232 NOTAE
1060 188 1148 229 ET
1191 188 1789 234 EMENDATIONES

652 269 788 303 Lucem
819 279 993 308 DIEMQUE
1023 270 1040 312 ]
1066 266 1125 302 Sic
1152 266 1226 303 Mff.
1252 266 1350 302 Flor.
1376 267 1479 303 Harl.
1509 267 1615 305 Bodl.
1642 267 1707 305 Jes.
1740 267 1826 318 Agr.
1854 269 1988 308 Puteo-

604 318 702 353 lanus
717 345 725 360 ,
756 316 913 352 Pichena
935 319 969 351 ὃς
998 315 1240 353 Recentiores.
1263 316 1398 354 Pariter
1425 317 1559 353 Plinius
1575 346 1584 361 ‚
1616 317 1654 354 in
1676 317 1885 367 Panegyric.
1909 333 1989 369 cap.

604 379 667 416 45.
691 369 793 402 Bonos
817 378 922 401 autem
947 369 1031 409 otio,
1055 379 1112 402 aut
1127 367 1196 415 fitu
1221 366 1397 414 abstrusos,
1427 369 1462 403 &-
1487 369 1577 417 quafi
1589 369 1730 416 sepultos
1746 399 1753 410 ‚
1779 381 1839 403 non
1859 369 1917 415 nifi
1939 372 1994 406 de-

606 418 777 452 latronibus
801 416 838 451 &¹
863 419 1015 462 periculis
1033 420 1065 452 in
1084 419 1182 452 lucem
1206 430 1242 451 ac
1264 417 1344 453 diem
1369 418 1583 466 proferebant.
1619 418 1695 455 Mff.
1725 417 1843 455 Vatic.
1879 419 1991 468 1863.

604 466 691 516 Reg.
725 466 839 502 editio
864 466 1030 516 princeps
1046 495 1054 510 ‚
1080 470 1112 502 ὃς
1129 465 1264 514 Lipsius
1281 494 1290 511 ,
1320 469 1418 504 lucem
1442 471 1631 517 noblemque.

652 518 849 552 ABRUPTIS
879 528 1172 554 VOLUPTATIBUS
1199 520 1216 562 ]
1248 518 1345 555 Bene
1384 519 1460 555 ΜΠ.
1499 519 1601 555 Harl.
1634 517 1742 554 Bodl.
1777 517 1842 554 Jes.
1869 517 1992 554 Guelf.

604 565 693 615 Agr.
721 565 834 602 Corb.
862 565 996 615 Lipsius
1021 570 1053 602 &
1079 565 1322 604 Recentiores.
1345 569 1442 605 Male
1469 570 1534 606 Ms.
1559 568 1648 619 Reg.
1683 570 1717 604 δε
1743 567 1858 605 editio
1890 568 1991 618 prin-

605 628 712 664 ceps,
741 618 971 653 voluntatibus.
994 616 1233 661 Puteolanus,
1257 620 1478 668 vestigalibus.

654 666 941 703 IMPERITABITIS
967 670 984 712 ]
1010 665 1078 702 Ms.
1109 665 1223 703 Corb.
1251 670 1458 716 imperabitis.

656 766 766 803 CAP.
796 766 905 803 LXV.
935 766 1073 803 Mmus
1102 779 1250 804 FUTURI
1277 769 1289 815 ]
1311 768 1409 804 Bene
1428 767 1505 804 Mff.
1524 767 1612 818 Reg.
1631 768 1744 805 Corb.
1766 767 1880 805 editio
1899 768 1995 817 prin-

606 829 688 865 ceps
707 820 739 853 δε
759 816 985 854 recentiores.
1003 817 1079 853 ΜΠ.
1105 816 1207 853 Harl.
1228 817 1337 854 Bodl.
1359 817 1428 856 Jes.
1449 818 1567 855 Guelf.
1590 821 1623 854 δε
1640 818 1878 862 Puteolanus,
1899 831 1993 854 metu,

652 867 749 902 CUM
776 877 927 902 MAXIME
956 870 973 912 ]
1002 866 1098 903 Bene
1136 867 1203 904 Ms.
1233 866 1321 918 Reg.
1359 868 1473 904 editio
1511 868 1677 917 princeps
1705 871 1739 904 ὃς
1766 867 1993 904 recentiores-

605 916 682 953 Mff.
709 915 814 951 Bodl.
837 915 904 952 Jes.
928 919 962 952 ὃς
987 917 1226 960 Puteolanus,
1250 929 1316 953 tum
1342 920 1494 955 maxime‘.
1517 918 1585 955 Ms.
1607 918 1719 954 Corb.
1741 932 1809 953 cum
1832 920 1995 952 maximis.

660 966 864 1001 DEnucris
895 977 990 1001 OLIM
1019 970 1036 1012 ]
1066 967 1120 1003 Ita
1149 967 1225 1004 Mff.
1253 970 1287 1004 &
1316 978 1451 1005 veteres
1478 968 1766 1018 recentioresque
1805 967 1993 1004 editiones.

605 1014 648 1051 In
672 1015 889 1052 intermediis
912 1015 1122 1065 quibusdam
1139 1045 1147 1059 ‚
1177 1018 1306 1053 eduffis.

660 1066 754 1102 SinT
786 1077 998 1102 TRANSITUS
1027 1070 1044 1112 ]
1076 1067 1152 1103 Mss.
1178 1066 1282 1104 Harl.
1307 1066 1414 1105 Bodl.
1437 1067 1504 1105 Jes.
1526 1069 1616 1115 fimt.

656 1116 701 1151 IN
730 1127 989 1151 VETUSTATEM
1018 1128 1322 1154 consUE’rUDmE
1351 1122 1368 1164 ]
1407 1118 1504 1154 Bene
1539 1116 1617 1155 ΜΠ.
1643 1117 1742 1153 Flor.
1782 1116 1869 1166 Agr.
1904 1117 1995 1166 Reg.

604 1164 742 1202 Farnes.
767 1165 906 1213 Lipsius
936 1169 969 1202 &
992 1165 1237 1204 Recentiores.
1264 1168 1361 1203 Male
1383 1167 1451 1203 Ms.
1475 1168 1589 1204 Corb.
1617 1171 1651 1205 &
1673 1167 1788 1204 editio
1809 1167 1976 1215 princeps
1991 1192 2004 1209 ,

605 1219 637 1250 in
661 1214 850 1262 vetustatem
877 1217 1140 1264 consuetudinem.
1172 1218 1215 1254 In
1240 1217 1319 1253 Mff.
1346 1217 1450 1254 Harl.
1482 1218 1589 1255 Bodl.
1614 1217 1681 1256 Jes.
1714 1221 1747 1253 in
1778 1216 1933 1264 vetustate
1962 1217 2000 1251 ἓν

605 1266 832 1312 conficetudine.
847 1266 1065 1303 Puteolanus
1078 1295 1088 1311 ‚
1102 1270 1135 1303 in
1148 1268 1336 1316 vetustatem
1353 1269 1390 1304 &
1408 1268 1670 1314 consuetudinem.
1703 1268 1762 1304 Sic
1777 1279 1924 1316 quoque
1933 1265 2001 1302 Ms.

605 1314 708 1351 Harl.
723 1315 839 1364 prima
853 1328 971 1352 manu.
986 1317 1078 1353 Mox
1089 1331 1260 1353 verruntur
1274 1318 1407 1355 habent
1419 1318 1488 1355 Ms.
1502 1318 1589 1369 Reg.
1604 1322 1638 1355 &
1653 1318 1767 1356 editio
1782 1317 1961 1366 princeps.

656 1366 928 1408 ADLonQUE
954 1370 970 1412 ]
999 1367 1067 1402 Ms.
1098 1367 1211 1403 Corb.
1237 1371 1453 1417 Colloquique.

651 1414 782 1451 EDITA
811 1427 852 1451 IN
882 1428 1017 1452 TURRE
1044 1420 1061 1462 ]
1088 1416 1132 1452 In
1157 1417 1234 1453 Mis.
1257 1419 1347 1467 Reg.
1373 1421 1407 1453 ὃς
1432 1417 1595 1454 editione
1621 1418 1808 1465 principe,
1833 1416 1917 1451 edita
1947 1416 2001 1449 in-v

604 1477 702 1500 trare.
727 1465 818 1501 Inde
841 1465 924 1502 sane
949 1466 1178 1502 emendatum
1201 1467 1239 1502 in
1267 1467 1334 1504 Ms.
1361 1469 1452 1517 Agr.
1484 1468 1584 1516 adyta
1619 1471 1752 1503 intrare.
1788 1466 1838 1502 At
1873 1463 2002 1501 melius

605 1515 714 1552 ceteri
736 1514 844 1557 libri,
874 1516 961 1551 editd
987 1519 1021 1551 in
1048 1528 1146 1553 turre.

661 1616 767 1653 CAP.
798 1616 928 1654 LXVI.
956 1617 1109 1655 SUNICIS
1138 1622 1155 1665 ]
1182 1617 1239 1654 Ita
1263 1617 1341 1654 Mff.
1367 1616 1471 1654 Harl.
1498 1616 1608 1653 Bodl.
1630 1616 1697 1654 Jes.
1721 1615 1939 1652 Puteolanus
1965 1617 2002 1652 &

606 1665 851 1704 Recentiores.
877 1667 932 1703 Ita
958 1681 1105 1719 quoque
1134 1668 1200 1704 Ms.
1229 1668 1327 1704 Flor.
1363 1667 1423 1704 sed
1455 1666 1606 1703 alterurn
1635 1680 1655 1700 η
1686 1665 1961 1715 superscriptum
1993 1696 2003 1707 ,

608 1717 699 1765 qnasi
722 1716 916 1767 legendum
937 1719 1094 1755 Sunnicis.
1119 1717 1241 1754 Plinio
1264 1719 1341 1762 IV,
1373 1729 1419 1765 ¹7
1437 1746 1445 1760 ‚
1475 1716 1644 1753 dicuntur
1662 1718 1792 1752 Sunuci.
1816 1714 2002 1764 Corrupte

608 1766 677 1802 Ms.
702 1766 790 1816 Reg.
807 1768 953 1814 summis.
981 1767 1107 1805 Editio
1131 1769 1323 1817 princeps,
1342 1769 1466 1815 sumas.

661 1817 1009 1854 TRANSNATANTEs
1037 1823 1054 1865 ]
1079 1819 1139 1855 Sic
1162 1818 1231 1855 Ms.
1253 1818 1365 1855 Corb.
1388 1817 1503 1855 editio
1528 1817 1696 1866 princeps
1718 1818 1752 1852 δε
1775 1814 2004 1853 recentiores.

610 1866 686 1902 ΜΠ.
707 1867 811 1902 Harl.
834 1867 943 1905 Bodl.
969 1867 1034 1905 Jes.
1059 1871 1093 1906 δε
1114 1868 1355 1915 Puteolanus,
1379 1879 1554 1906 tranantes.
1577 1867 1758 1904 Additum
1777 1867 1817 1903 in
1840 1864 2001 1915 margine

609 1915 678 1952 Ms.
703 1916 808 1953 Bodl.
832 1930 1044 1955 tranatantes.

658 1965 750 2003 NON
782 1979 875 2005 IDEo
892 1996 902 2012 ‚
932 1980 1070 2010 1NQU1T
1100 1973 1118 2016 ]
1146 1968 1222 2007 Mff.
1247 1969 1354 2006 Bodl.
1382 1969 1448 2007 Jes.
1475 1969 1637 2011 nondum,
1665 1966 1782 2015 inquit.

657 2016 717 2052 Ac
747 2016 957 2055 JUVENALIS
983 2023 1000 2066 ]
1026 2019 1094 2055 Ms.
1122 2019 1235 2056 Corb.
1261 2032 1366 2068 atque.
1895 2062 1904 2069 ,

657 2064 802 2102 INGENS
833 2081 969 2105 RERUM
998 2073 1014 2115 ]
1041 2069 1138 2107 Bene
1161 2069 1238 2106 Mss.
1267 2070 1336 2106 Jes.
1362 2069 1484 2106 Guelf.
1511 2072 1545 2105 &
1566 2067 1747 2105 editiones
1771 2073 2002 2100 recentiores·

610 2115 676 2151 Ms.
696 2116 804 2152 Bodl.
825 2121 858 2154 ὃς
879 2118 1120 2164 Puteolanus,
1146 2123 1258 2169 vigens
1283 2133 1398 2157 rerum.
1423 2120 1467 2155 In
1489 2119 1566 2155 ΜΠ.
1595 2118 1682 2167 Reg.
1707 2116 1793 2165 Agr.
1815 2117 1848 2149 ὃς
1865 2112 2001 2149 editio-

610 2177 655 2201 ne
682 2165 867 2215 principe,
894 2172 1001 2218 ingens
1026 2183 1130 2205 rerum
1157 2172 1325 2207 tumultus.
1352 2171 1521 2205 Tumultus
1543 2180 1690 2217 quoque
1714 2163 1871 2202 secunda
1892 2174 2001 2198 manu

609 2215 771 2251 additum
796 2216 832 2251 in
860 2218 926 2254 Ms.
948 2219 1068 2258 Guelf.
1091 2219 1181 2257 Inde
1208 2220 1376 2257 Heinfius
1406 2218 1651 2267 conjiciebat,
1680 2219 1789 2264 ingens
1815 2226 1919 2249 rerum
1944 2225 2001 2246 cu-

608 2268 741 2308 mulum
768 2276 807 2302 ut
832 2267 962 2304 dietum
995 2269 1043 2306 est
1073 2270 1175 2318 snpra
1203 2270 1294 2307 Hist.
1320 2270 1379 2313 II,
1409 2283 1471 2317 24.
1495 2270 1638 2305 cumulus
1656 2267 1824 2314 prosperis.
1845 2263 1895 2299 At
1920 2261 1998 2310 plus

609 2316 745 2366 vigoris
773 2328 814 2353 ac
841 2318 982 2363 sensus,
1008 2319 1033 2355 fi
1056 2323 1165 2369 ingens
1187 2334 1290 2356 rerum
1316 2321 1522 2358 retineatur.

661 2414 767 2453 CAP.
796 2416 944 2458 LXVII.
972 2418 1175 2456 Paeanem
1204 2431 1365 2457 monus
1394 2429 1549 2458 ROMANI
1578 2415 1869 2459 MONUMENTIS]
1901 2409 2000 2448 Male
