2209 3047
564 246 650 285 592
969 222 1524 276 ANECDOTA.

566 305 722 343 civitatis
746 303 973 340 Morinorum
996 303 1140 350 politus.
1161 301 1219 338 De
1244 301 1422 349 Menapiis
1446 304 1478 337 ὃς
1504 300 1657 337 Morinis
1686 300 1817 337 dietum
1840 302 1943 350 supra

563 356 654 392 Ilist.
682 355 732 390 IV
749 382 758 397 ,
788 356 849 389 28.
875 353 945 389 Pro
976 365 1076 389 PsslM.
1097 364 1181 388 LEG.
1209 362 1274 386 ΧΠ.
1293 362 1426 386 (ΞΕΜΙΝ.
1449 351 1601 387 omnino
1626 351 1815 400 legendum
1834 363 1938 387 PRIM.

562 418 648 442 LEG.
672 416 747 440 xm.
771 415 906 439 GEMIN.
928 413 967 438 ut
987 403 1095 439 habet
1116 400 1272 448 Scaliger
1293 400 1329 435 in
1359 400 1510 443 Indice3
1537 400 1572 435 id
1601 401 1648 437 est
1670 403 1867 447 primipilari
1890 402 1940 435 le-

560 458 663 503 gionis
684 454 910 488 tertiaedecimae
931 457 1072 500 geminae.
1094 449 1360 486 Tertiadecima
1384 450 1478 486 enim
1497 450 1594 499 legio
1609 479 1617 494 ‚
1641 464 1717 487 non
1738 451 1823 486 vero
1848 450 1939 485 duo-

562 504 700 539 decima
725 502 791 538 fuit
817 502 968 551 gemina.
997 501 1090 536 Vide
1138 511 1193 534 uae
1218 498 1261 534 de
1285 512 1434 535 numero
1460 503 1492 535 &
1517 501 1723 536 nominibus
1752 500 1940 549 legionum

560 553 713 590 diximus
738 552 842 602 supra
863 553 902 588 in
925 550 1031 587 Notis
1057 553 1090 586 ὃς
1146 548 1437 585 mendationibus
1462 549 1507 585 ad
1531 549 1621 586 Hist.
1649 550 1708 594 ll,
1740 550 1774 585 6.

905 763 1588 829 ANECDOTA

598 906 682 941 DE
731 883 1221 937 PRINCIPJBUS
1273 879 1555 948 GALBA,
1609 880 1902 936 ΟΤΗΟΝΕ

1003 986 1082 1019 ET
1134 963 1490 1020 VITELLJO.

559 1131 609 1193 B
624 1167 744 1190 REVE
773 1165 813 1189 ac
837 1152 942 1189 ferale
965 1151 1032 1186 fuit
1050 1150 1180 1186 horum
1205 1151 1413 1200 Principum
1436 1150 1646 1198 imperium,
1675 1151 1809 1188 civium
1831 1151 1940 1188 caedi-

559 1206 624 1241 bus
649 1214 881 1239 cruentatum.
907 1201 996 1237 Inde
1019 1200 1200 1243 Julianus,
1230 1201 1431 1250 Imperator
1447 1228 1455 1243 ‚
1487 1204 1519 1234 in
1545 1203 1715 1248 (aesaribus
1732 1231 1741 1245 ‚
1766 1214 1827 1238 eos
1852 1201 1942 1237 dixit

558 1255 645 1291 feras
671 1253 794 1297 fuisse,
823 1266 901 1302 quae
926 1264 971 1287 ne
994 1250 1058 1286 suo
1088 1250 1234 1299 quidem
1259 1251 1381 1301 generi
1409 1262 1607 1299 parcerent.
1639 1252 1772 1297 Φεὶδεταᾳ
1801 1251 1861 1300 ’γάρ
1889 1255 1941 1287 xis}

557 1308 614 1340 τῶν
640 1308 880 1352 α’ναιγκαιοτέρων
905 1304 997 1338 ταυτὶ
1025 1300 1067 1335 wl
1092 1304 1198 1349 θηρία.

606 1353 667 1389 Ob
703 1352 907 1388 subitariam
935 1351 1138 1400 fluxamque
1169 1364 1294 1387 eorum
1329 1352 1598 1393 anaoritatem,
1633 1361 1943 1400 monogrammata

555 1413 631 1440 tum
657 1402 786 1438 Galbae
811 1430 820 1445 ,
855 1413 930 1438 tum
968 1401 1129 1436 Othonis
1159 1401 1346 1437 nonnullis
1370 1400 1508 1437 Tiberii
1536 1399 1761 1449 Neronisque
1790 1401 1941 1435 nummis

556 1452 718 1501 impressa
738 1452 972 1501 reperiuntur.
990 1450 1105 1495 Quod
1127 1449 1208 1485 sane
1231 1450 1358 1485 facturn
1373 1477 1382 1493 ,
1407 1462 1447 1486 ut
1470 1448 1574 1486 citius
1595 1462 1637 1485 ac
1660 1449 1728 1485 fine
1749 1450 1941 1497 dispendio

556 1513 738 1552 pararetur
760 1514 885 1538 eorum
909 1510 1067 1535 moneta.
1102 1499 1211 1535 Tales
1239 1512 1404 1534 nummos
1433 1500 1517 1535 vide
1542 1498 1639 1546 apud
1665 1498 1723 1534 Cl.
1749 1499 1902 1536 Pellerin
1928 1525 1941 1544 ‚

557 1554 708 1599 Me‘lange
735 1552 771 1587 de
794 1551 986 1591 Me‘dailles,
1013 1549 1121 1584 Tom.
1150 1548 1198 1583 II.
1222 1561 1305 1597 pag.
1338 1560 1398 1595 37.

611 1603 720 1638 Haud
756 1601 932 1651 inglorius
965 1610 1084 1634 tamen
1121 1597 1261 1640 fuisset,
1295 1597 1318 1633 fi
1346 1597 1518 1646 longior,
1547 1598 1674 1634 Galbae
1706 1597 1939 1646 principatus.

557 1652 672 1689 Multa
698 1651 873 1699 sapienter
897 1649 1108 1698 fortiterque
1132 1649 1202 1694 jam
1232 1647 1452 1696 providerat.
1477 1648 1675 1697 Vecligalia
1701 1661 1846 1697 quoque
1874 1649 1942 1684 irn-

558 1702 696 1738 minuit.
713 1700 899 1739 Remiffam
917 1697 1217 1749 quadragesimam
1232 1696 1401 1733 testantur
1419 1699 1491 1745 ejus
1510 1699 1644 1733 nummi
1663 1711 1705 1734 ex
1723 1711 1790 1734 aere
1807 1711 1940 1749 magno

557 1755 591 1788 ὅ(
615 1751 802 1787 mediocri.
830 1763 908 1788 SER.
942 1760 1067 1785 GALBA
1096 1759 1174 1784 IMP.
1211 1759 1300 1783 AVG.
1333 1748 1547 1784 Laureatum
1583 1747 1711 1784 Galbae
1744 1760 1862 1796 caput.
1897 1749 1941 1784 In

561 1802 682 1837 aversa
709 1812 832 1849 parte:
858 1810 1129 1843 QVADRAGENS.
1161 1809 1352 1833 REMISSAE.
1381 1810 1431 1833 sc.
1461 1798 1574 1833 Arcus
1606 1798 1854 1846 triumphalis,
1882 1799 1942 1834 cui

556 1851 690 1899 equites
721 1850 888 1899 impositi.
922 1847 1070 1884 Nummi
1097 1846 1158 1882 alii
1183 1847 1338 1883 habent:
1370 1861 1464 1883 xxxx
1496 1860 1687 1884 REMISSAE.
1718 1861 1768 1884 sc.
1801 1848 1942 1885 Eodem

557 1900 664 1948 plane
689 1901 800 1937 sensu.
829 1900 887 1937 De
915 1897 1187 1949 quadragesima:
1215 1896 1418 1934 abolitione
1446 1896 1531 1934 vide
1560 1897 1651 1934 dicta
1681 1898 1784 1947 supra
1808 1899 1940 1937 Annal.

558 1950 672 1992 XIII,
735 1963 765 1987 1.

611 1999 671 2035 Ob
694 1962 750 2036 ἑᾶς
773 1999 907 2050 egregii
929 1999 1150 2048 principatus
1173 1997 1249 2046 spes
1265 2026 1273 2040 ,
1299 2001 1331 2034 ὅς
1352 1997 1503 2046 positum
1527 2010 1547 2032 a
1576 1997 1695 2033 Galba
1718 2009 1863 2034 svaM
1886 2010 1940 2033 Lr-

556 2061 741 2086 BERTATIS
762 2061 1029 2093 REsTirv‘rAE,
1058 2060 1224 2084 nummos
1251 2048 1379 2084 Galbae
1402 2047 1579 2083 restituere
1605 2047 1736 2095 optimi
1757 2047 1939 2096 Principes

556 2098 808 2147 Vespafianus‚
838 2099 984 2142 Nerva,
1016 2102 1048 2134 &
1081 2098 1266 2145 Trajanus.
1294 2097 1386 2132 Vide
1412 2096 1469 2133 (ρΙ.
1500 2096 1534 2132 le
1569 2097 1685 2138 Beau,
1714 2099 1883 2133 Me'moircs
1903 2098 1941 2134 cle

556 2150 748 2183 l’Acade'mie
778 2151 896 2197 Rnyale
918 2150 968 2184 cles
991 2150 1206 2194 Inscriptions.
1231 2147 1341 2183 Tom.
1372 2145 1501 2183 XXIV.
1525 2158 1606 2195 pag.
1638 2149 1706 2182 181
1736 2150 1769 2182 &
1794 2147 1889 2196 seqq.

608 2197 823 2234 Percelebris
847 2198 914 2234 fuit
941 2201 974 2233 &
1002 2197 1196 2233 multorum
1224 2196 1447 2232 eruditorum
1477 2195 1636 2231 virorum
1663 2196 1941 2242 conjectationi-

554 2249 619 2284 bus
640 2250 782 2295 jactatus
803 2248 928 2284 Galbae
950 2259 1135 2294 argenteus
1156 2259 1318 2281 nummus
1336 2274 1345 2289 ,
1375 2258 1480 2294 quem
1503 2245 1552 2281 ita
1577 2245 1818 2282 exhibebant:
1849 2259 1941 2283 GAL-

554 2310 602 2334 BA
628 2310 865 2334 IMPERATOR.
893 2298 1013 2345 Caput
1037 2297 1162 2332 Galbae
1204 2296 1411 2331 laureatum.
1451 2295 1492 2330 In
1527 2295 1663 2343 postica
1699 2307 1798 2344 parte
1832 2308 1940 2332 REsT.

555 2360 653 2384 NVM.
682 2349 801 2395 Caput
822 2346 993 2382 muliebre
1018 2346 1147 2382 monili
1171 2357 1349 2381 ornatum.
1374 2344 1451 2380 Alii
1476 2345 1824 2394 interpretabantur,
1854 2358 1941 2381 RES-

557 2409 707 2432 TiTv‘ro
736 2409 905 2433 Nvmivio:
936 2396 1020 2438 alii,
1054 2407 1269 2433 REsrrTvTo
1296 2408 1472 2431 NVMINE:
1504 2394 1592 2438 alii,
1624 2407 1839 2431 RsssrrrvTA
1868 2407 1941 2430 Nv-

554 2457 693 2487 mmm:
721 2447 808 2493 alii,
836 2457 1302 2487 RESTlTVTANVMANTiA.
1335 2445 1429 2481 Haee
1455 2445 1579 2481 omnia
1604 2457 1696 2482 vana
1722 2445 1788 2482 effe
1817 2444 1944 2481 docuit

1879 2497 1945 2539 Cl.
