2230 3047
459 313 490 337 A.
502 314 531 336 U.
541 314 571 337 C.

481 359 552 387 822.

475 412 498 436 J.
517 414 546 437 C.

490 457 543 490 69.

598 188 654 225 34
845 172 893 212 C.
961 171 1368 216 CORNELII
1431 174 1719 216 TACITI

596 267 827 305 »tamquam
846 254 957 293 suos:
984 257 1024 294 &
1043 253 1166 306 viles,
1189 268 1233 295 ut
1251 255 1414 296 alienos.
1438 255 1526 294 Una
1545 253 1615 294 illa
1634 255 1775 295 domus
1794 260 1805 277 ¹
1825 254 1973 296 sufficit

595 316 820 356 »donativo
834 345 848 367 ,
877 316 984 370 quod
1005 317 1118 359 vobis
1145 333 1361 372 numquam
1391 318 1528 367 datur,
1567 321 1607 357 &
1623 317 1802 370 quotidie
1825 332 1972 373 expro-

594 379 759 419 »bratus
783 383 811 419 ².

658 441 937 484 XXXVIII.
970 461 992 480 »
1025 444 1095 484 Ac
1116 459 1166 484 ne
1184 459 1258 498 qua
1274 442 1411 484 saltem
1430 444 1471 482 in
1490 441 1710 483 successore
1727 441 1865 482 Galbae
1882 443 1968 498 spes

595 504 723 545 »esset
736 534 749 555 ,
773 507 922 547 arceffit
945 506 991 547 ab
1009 506 1145 547 exfilio
1157 536 1168 557 ,
1190 521 1307 560 quem
1331 505 1482 546 tristitia
1503 509 1541 545 ὃ(
1565 502 1727 546 avaritia
1747 505 1805 544 sui
1824 504 1969 544 fimilli-

595 583 736 607 »mum
757 572 767 597 ³
791 567 1005 620 judicabat.
1036 570 1221 619 Vidistis,
1253 568 1549 609 commilitones
1566 597 1578 618 ‚
1605 567 1772 608 notabili
1797 568 1970 623 tempes-

596 643 708 672 »tate
729 635 772 681 4,
796 633 915 672 etiam
942 632 1037 673 deos
1070 633 1274 672 infaustam
1307 631 1567 686 adoptionem
1596 631 1830 671 aversantes.
1856 630 1969 670 Idem

594 710 617 732 >2
628 694 805 744 senatus,
829 695 934 735 idem
959 693 1098 751 populi
1123 695 1300 735 Romani
1318 695 1472 734 animus
1497 694 1562 733 est.
1590 694 1728 734 Vestra
1754 695 1876 734 virtus
1905 707 1971 732 ex-

594 757 819 812 »speStatur
836 787 847 807 ,
875 757 977 813 apud
998 773 1095 811 quos
1117 772 1236 797 omne
1253 757 1424 797 honestis
1453 755 1624 796 confiliis
1651 755 1796 806 robur,
1826 760 1865 796 &
1889 755 1969 795 fine

592 819 765 873 »quibus
781 850 791 869 ,
813 821 992 874 quamvis
1008 821 1193 874 egregia,
1212 818 1385 859 invalida
1406 819 1507 859 sunt.
1525 821 1623 859 Non
1637 819 1685 858 ad
1704 817 1854 859 bellum
1874 833 1967 868 vos,

593 897 700 923 »nec
728 883 775 922 ad
804 882 1026 938 periculum
1053 898 1188 924 voco:
1221 883 1400 923 omnium
1429 881 1600 921 militum
1628 896 1733 921 arma
1758 881 1968 921 nobiscum

592 945 727 985 »sunu
751 947 843 985 Nec
867 961 945 985 una
976 947 1120 986 cohors
1145 959 1282 1000 togata
1303 950 1315 976 5
1341 944 1518 985 defendit
1543 959 1650 986 nunc
1675 943 1874 993 Galbam,
1901 943 1969 984 sed

592 1024 614 1044 >2
625 1008 789 1048 detinet.
821 1008 924 1047 Cum
944 1023 1015 1049 vos
1036 1009 1229 1064 aspexerit
1242 1039 1254 1058 ‚
1278 1010 1368 1049 cum
1388 1007 1539 1062 signum
1556 1022 1689 1047 meum
1711 1005 1727 1027 ⁶
1746 1008 1968 1062 acceperit,

592 1071 705 1110 »hoc
723 1069 850 1110 solum
867 1072 941 1111 erit
961 1084 1161 1111 certamen
1175 1101 1188 1121 ,
1211 1072 1296 1125 quis
1316 1072 1415 1110 mihi
1434 1068 1649 1126 plurimum
1670 1071 1850 1125 imputet.
1866 1068 1968 1110 Nul-

592 1131 685 1173 »lus
709 1135 953 1174 cunetationi
975 1133 1088 1175 locus
1112 1135 1164 1175 est
1179 1136 1220 1174 in
1240 1149 1289 1175 eo
1305 1132 1472 1174 consilio
1485 1163 1497 1183 ,
1521 1133 1629 1186 quod
1646 1148 1727 1173 non
1745 1133 1873 1188 potest
1888 1131 1967 1172 lau-

590 1211 612 1232 2>
624 1195 730 1246 dari,
757 1196 826 1235 nisi
848 1198 1046 1252 pera&um
1071 1215 1113 1238 ».
1137 1198 1304 1252 Aperire
1321 1196 1465 1237 deinde
1485 1196 1829 1237 armamentarium
1844 1193 1966 1247 jussit:

591 1272 702 1314 rapta
723 1259 849 1299 statim
870 1275 976 1300 arma
990 1290 1003 1310 ‚
1031 1260 1109 1300 fine
1132 1274 1244 1300 more
1268 1264 1307 1300 ὃς
1331 1259 1470 1300 ordine
1492 1257 1642 1298 militia:
1658 1288 1672 1309 ,
1699 1272 1743 1299 ut
1766 1259 1968 1314 praetoria-

593 1336 666 1362 nus
682 1350 694 1371 ,
720 1335 786 1362 aut
806 1320 1048 1376 legionarius
1073 1322 1287 1377 infignibus
1315 1327 1329 1349 ⁷
1351 1323 1427 1362 suis
1450 1321 1764 1376 distingueretur.
1790 1321 1968 1362 Miscen*

590 1397 654 1424 tur
670 1384 950 1434 auxiliaribus,
973 1384 1096 1440 galeis
1113 1386 1322 1439 scutisque.
1343 1383 1474 1426 Nullo
1494 1384 1744 1425 tribunorum
1766 1386 1968 1424 centurio-

592 1462 740 1488 numve
766 1448 1028 1498 adhortante,
1057 1447 1124 1487 fibi
1149 1448 1312 1502 quisque
1336 1448 1442 1497 dux,
1459 1452 1499 1488 ὃς
1524 1449 1748 1502 instigator:
1771 1451 1811 1487 ὃ(
1832 1448 1966 1503 praeci-

591 1524 715 1565 puum
740 1510 990 1565 pessimorum
1010 1512 1340 1561 incitamentum,
1365 1510 1472 1564 quod
1494 1510 1591 1550 boni
1618 1510 1841 1550 maerebant.

654 1572 881 1613 XXXIX.
915 1574 1011 1617 JAM
1041 1575 1248 1615 exterritus
1270 1574 1359 1614 Piso
1385 1574 1546 1613 fremitu
1568 1573 1851 1614 crebrescentis
1871 1573 1967 1613 sedi-

589 1634 712 1675 tionis
727 1665 740 1685 ,
773 1640 812 1676 ὅ(
837 1636 1005 1678 vocibus
1030 1638 1072 1676 in
1093 1636 1241 1677 Urbem
1262 1636 1385 1690 usque
1408 1635 1681 1677 resonantibus
1707 1633 1721 1656 8
1737 1665 1750 1686 ,
1773 1636 1966 1689 egressum
1986 1642 1992 1648 ⁸

633 1754 641 1768 ¹
666 1751 731 1779 UNA
754 1760 826 1779 ιιιΑ
852 1759 957 1780 Domus
973 1750 987 1786 ]
1005 1749 1072 1780 Titi
1098 1749 1183 1781 Vinii
1199 1752 1257 1782 do-

590 1797 666 1818 mus.
701 1789 746 1818 Ex
777 1789 990 1828 magnitudine
1024 1789 1196 1827 donativi,
1221 1791 1258 1821 de

591 1827 652 1866 quzi
675 1827 789 1857 dictum
803 1828 888 1867 supra
907 1828 940 1857 in
959 1829 1181 1867 Supplemento
1196 1831 1259 1860 An-

590 1866 653 1896 nal.
676 1868 768 1903 XVI,
794 1869 851 1907 85,
877 1868 970 1911 quam
994 1867 1142 1906 opulenta
1167 1868 1260 1900 fuerit

590 1905 676 1936 Vinii
700 1906 811 1936 domus
832 1906 969 1937 aestimari
989 1907 1096 1945 potest.

631 1948 642 1988 ²·
664 1946 903 1976 Expnonmwn
920 1948 934 1983 ]
951 1947 1126 1985 Exprobrat
1150 1946 1234 1977 enim
1248 1971 1258 1985 ‚

591 1993 645 2020 qui
663 1983 780 2023 semper
807 1984 974 2023 promittit.

629 2028 639 2048 ³
662 2024 862 2054 διΜιιιιΜυΜ
879 2027 893 2062 ]
912 2024 1066 2055 Pisonem.

628 2066 644 2085 4
664 2063 903 2100 ΤεΜΡεετΑι-ε]
930 2064 976 2094 De
1003 2064 1062 2103 qua
1093 2066 1192 2095 atrum
1218 2064 1258 2095 est

592 2099 679 2140 supra
692 2112 757 2140 cap.
778 2105 822 2131 18.

627 2145 637 2167 5
663 2141 793 2171 Couons
807 2143 961 2179 τοςΑτΑ]

589 2179 726 2215 urbana,
746 2190 838 2217 quam
862 2181 961 2219 posito
990 2181 1078 2220 sago,
1100 2181 1150 2211 seu
1169 2181 1258 2211 vesti-

589 2226 698 2249 mento
715 2219 840 2249 militari
854 2243 863 2256 ,
883 2220 1054 2251 induebant
1069 2220 1183 2250 milites
1196 2243 1205 2255 ,
1218 2230 1257 2251 ne

589 2258 666 2288 Urbs
687 2258 878 2293 efferaretur,
896 2260 927 2290 ὅ(
943 2260 1107 2290 castrorum
1126 2259 1256 2298 speciem

589 2295 726 2327 haberet.
754 2299 875 2337 Togata
898 2307 960 2328 erat
984 2299 1116 2331 cohors,
1141 2309 1206 2336 quae
1224 2299 1255 2328 in

588 2336 705 2372 palatio
739 2337 899 2367 stationem
924 2339 1050 2377 agebat,
1073 2346 1107 2368 ut
1143 2338 1254 2368 dietum

588 2374 628 2416 est
647 2375 732 2413 supra
749 2386 814 2414 cap.
841 2387 888 2412 29.
912 2377 1149 2413 Domitianum,
1171 2378 1255 2416 quod

587 2423 621 2443 m
642 2415 724 2446 Urbe
753 2415 896 2448 resideret
912 2439 924 2454 ,
956 2417 1087 2449 Martem
1113 2424 1255 2455 togatum

975 2143 1081 2181 Toga,
1094 2141 1181 2172 vestis
1196 2150 1259 2172 erat

1297 1749 1464 1789 appellavit
1482 1749 1648 1787 Martialis,
1663 1749 1817 1789 Epigram.
1835 1750 1875 1780 VI
1889 1773 1897 1786 ‚
1911 1753 1963 1789 76.

1330 1801 1443 1832 Illefizrri
1454 1801 1535 1825 lateris
1553 1801 1637 1832 custos,
1656 1801 1781 1832 Martisque
1793 1800 1869 1832 togati
1878 1817 1885 1827 ,

1364 1835 1461 1858 Credita
1472 1835 1598 1866 cuisummi
1615 1834 1689 1866 castra
1698 1835 1766 1865 ficere
1777 1835 1846 1858 ducis.

1335 1869 1348 1887 ⁶
1369 1869 1491 1898 Smnum
1520 1870 1637 1905 ΜευΜ]
1659 1869 1708 1898 Ne
1738 1867 1798 1897 hoc
1832 1866 1964 1905 accipias

1297 1907 1335 1937 de
1370 1906 1501 1936 vexillo.
1527 1907 1656 1946 Signum
1685 1906 1725 1936 est
1759 1907 1845 1945 quod
1865 1906 1962 1945 vulgo

1298 1945 1427 1976 dicimus
1442 1944 1557 1983 sordre,
1586 1946 1610 1975 le
1632 1955 1685 1974 mot
1709 1945 1744 1974 du
1760 1954 1837 1985 guer-
1868 1946 1964 1984 Supra

1296 1986 1408 2015 Annal.
1421 1986 1513 2021 XIII,
1529 1996 1557 2015 z.
1581 1986 1667 2015 Nero
1676 1984 1786 2024 fignum
1809 1994 1879 2013 more
1889 1984 1964 2012 mili—

1297 2025 1342 2054 riae
1359 2024 1461 2061 petenti
1486 2024 1592 2053 tribuno
1622 2023 1712 2061 dedit,
1738 2021 1964 2052 OPTIMAE

1297 2063 1333 2092 M
1341 2064 1368 2092 A
1377 2062 1404 2092 T
1412 2063 1437 2092 R
1446 2062 1502 2092 IS.

1336 2109 1348 2128 7
1369 2103 1572 2139 Insmmus]
1595 2103 1666 2132 Haec
1687 2100 1963 2141 praetorianorum,

1297 2142 1457 2181 legionum
1470 2165 1478 2177 ,
1496 2141 1692 2172 auxiliarium
1710 2140 1838 2179 insignia
1856 2139 1963 2170 videre

1297 2183 1355 2218 est,
1371 2181 1404 2210 in
1422 2181 1556 2211 nummis
1569 2204 1578 2217 ,
1604 2181 1635 2210 in
1658 2179 1814 2210 veteribus
1848 2189 1965 2209 monu-

1297 2220 1428 2258 mentis,
1455 2230 1490 2250 ac
1509 2220 1643 2250 maxime
1666 2219 1699 2249 in
1719 2218 1866 2249 columna
1889 2219 1964 2249 Tra-

1296 2260 1377 2298 jana.

1337 2300 1348 2319 ²³
1374 2301 1406 2328 IN
1434 2299 1543 2328 UnssrM
1571 2310 1668 2334 usQUE
1698 2307 1927 2328 REsoNAN‘rmus
1945 2298 1961 2334 ]

1297 2338 1397 2368 Castra
1422 2337 1505 2368 enim
1526 2338 1667 2376 praetoria
1686 2346 1759 2367 tunc
1777 2344 1862 2366 erant
1877 2344 1962 2366 extra

1296 2379 1408 2408 Urbem
1419 2401 1426 2413 ,
1441 2377 1494 2407 ubi
1510 2387 1593 2408 nunc
1609 2377 1635 2406 la
1646 2377 1740 2416 Vigna
1757 2374 1961 2414 dclNozsiziata

1294 2416 1326 2446 de
1346 2416 1432 2447 Padri
1455 2414 1570 2455 Gefitizi.

2002 839 2050 864 10

2001 1145 2047 1184 15

1994 1462 2049 1488 20
