2230 3047
152 832 201 859 10

154 1146 199 1185 15

146 1465 202 1490 20

149 1780 200 1818 25

150 2105 206 2141 30

363 171 886 213 HISTORIARUM
924 171 1140 213 LIBER
1180 174 1456 215 PRIMUS.
1559 186 1612 224 59

229 267 393 294 »vatam
412 253 458 294 ab
477 269 525 295 eo
546 252 668 294 filiam
688 271 726 293 »2
751 257 791 293 ὃς
810 252 914 294 haud
931 251 1050 293 dubie
1072 252 1294 294 servaverat
1307 285 1319 304 ,
1341 270 1422 295 non
1440 253 1613 295 clemen·
1631 268 1746 289 Ξ

230 315 285 356 tia
307 321 318 365 (
337 318 485 373 quippe
507 331 568 357 tot
587 317 799 357 interfeffis
821 320 832 366 )
856 315 923 356 sed
942 316 1094 370 effugio
1118 316 1157 354 in
1178 316 1376 356 futurum:
1399 319 1489 371 quia
1506 316 1612 373 pesli-

231 395 317 420 mus
341 381 504 434 quisque
518 410 530 430 ,
556 379 776 420 diffidentia
797 379 1046 435 praesentium
1068 380 1331 419 mutationem
1353 395 1500 435 pavens
1514 411 1525 430 ‚
1551 380 1612 420 ad-

231 445 364 483 versus
380 442 587 499 publicum
606 443 742 483 odium
757 444 950 497 privatam
965 443 1130 497 gratiam
1146 456 1352 498 praeparat:
1376 443 1481 483 unde
1502 442 1613 483 nulla

233 506 472 546 innocentiae
492 520 585 546 cura
598 535 611 555 ‚
636 505 704 546 sed
724 507 832 546 vices
852 506 1112 561 impunitatis.
1128 504 1188 544 Eo
1208 505 1395 545 infensior
1413 505 1583 560 populus
1596 535 1610 556 ‚

232 566 364 609 addita
381 568 428 609 ad
447 581 560 609 vetus
579 567 776 624 Tigellini
797 568 934 608 odium
954 569 1106 609 recenti
1122 568 1172 607 T.
1190 568 1302 608 Vinii
1322 567 1470 607 invidia
1484 598 1496 617 ‚
1519 585 1611 609 con-

233 645 389 672 currere
405 646 426 671 e
442 630 526 672 totz‘i
542 631 648 672 Urbe
665 633 704 671 in
726 630 917 687 palatium
939 647 985 672 ac
1006 631 1091 671 fora
1106 660 1117 680 ,
1142 634 1181 671 &
1195 661 1208 681 ‚
1231 630 1298 671 ubi
1316 629 1483 686 plurima
1500 631 1613 686 vulgi

231 693 396 735 licentia
410 724 422 745 ,
448 696 489 734 in
512 696 665 735 circum
687 710 734 735 ac
754 696 908 735 theatra
924 694 1033 734 effusi
1046 724 1059 744 ,
1081 694 1269 734 seditiofis
1286 693 1454 734 vocibus
1472 694 1611 734 obstre-

231 771 346 813 pere:
370 757 501 798 donec
519 756 747 812 Tigellinus
761 787 773 808 ‚
802 770 971 813 accepto
992 757 1095 813 apud
1111 757 1358 797 Sinuessanas
1380 771 1498 810 aquas
1518 762 1527 777 ¹
1552 757 1613 795 su-

231 835 373 876 premae
393 820 629 861 necessitatis
652 822 820 871 nuntio,
841 822 944 861 inter
967 822 1093 876 stupra
1116 819 1432 861 concubinarum
1448 849 1460 868 ‚
1487 823 1526 859 &
1551 819 1613 858 os-

233 882 349 934 cula,
379 887 420 924 &
441 884 640 924 deformes
661 899 815 934 moras,
842 884 951 924 seffis
972 881 1172 923 novacula
1192 882 1399 933 faucibus,
1423 882 1613 922 infamem

230 948 354 987 vitam
377 947 546 988 foedavit
568 949 687 987 etiam
710 949 821 987 exitu
839 947 925 987 sero
950 951 989 987 &
1012 947 1236 987 inhonesto.
1533 944 1541 949 ⁴

292 1010 521 1051 LXXIII.
544 1012 636 1051 PER
652 1011 755 1051 idem
770 1024 926 1066 tempus
943 1008 1187 1064 expostulata
1204 1009 1252 1050 ad
1268 1007 1507 1064 supplicium
1525 1007 1614 1048 Cal-

231 1073 295 1113 via
315 1072 545 1129 Crispinilla
566 1078 581 1094 ²
595 1103 607 1124 ,
633 1075 749 1114 variis
771 1072 1085 1113 frustrationibus
1102 1102 1114 1123 ,
1139 1078 1178 1114 ὅ(
1200 1071 1361 1113 adversa
1378 1071 1615 1112 dissimulan-

231 1136 281 1177 tis
303 1137 497 1192 PrincipiS
522 1135 651 1187 fama,
677 1135 858 1192 periculo
883 1148 1068 1190 exempta
1088 1137 1164 1176 est:
1192 1136 1375 1190 magistra
1400 1132 1612 1174 libidinum

230 1200 407 1241 Neronis
423 1229 436 1250 ,
460 1200 691 1255 transgressa
713 1202 753 1239 in
775 1200 954 1240 Africam
979 1199 1027 1239 ad
1048 1199 1313 1254 instigandum
1330 1199 1369 1237 in
1387 1212 1493 1237 arma
1515 1195 1613 1237 Clo-

231 1262 537 1304 diumMacrum
555 1268 591 1314 3,
605 1263 751 1304 famem
768 1262 920 1319 populo
937 1264 1128 1303 Romano
1144 1262 1249 1302 haud
1265 1260 1432 1301 obscure
1446 1259 1587 1300 molita
1602 1289 1614 1310 ,

231 1327 355 1367 totius
376 1327 509 1382 postea
530 1328 703 1367 civitatis
724 1327 890 1381 gratiam
913 1326 1112 1375 obtinuit,
1141 1323 1341 1366 consulari
1356 1324 1614 1364 matrimonio

232 1388 425 1440 subnixa,
451 1393 490 1430 ὃ(
511 1390 616 1445 apud
631 1388 803 1430 Galbam
817 1419 830 1439 ,
852 1390 1063 1430 Othonem
1077 1418 1089 1438 ,
1117 1387 1330 1430 Vitellium
1346 1386 1498 1427 inlaesa:
1519 1400 1616 1426 mox

232 1465 375 1509 potens
398 1451 594 1509 pecunia,
620 1457 661 1494 ὃς
684 1452 880 1504 orbitate,
910 1467 992 1507 quae
1014 1451 1129 1493 bonis
1156 1450 1346 1505 malisque
1367 1448 1614 1505 temporibus

233 1514 345 1569 juxta
369 1515 518 1557 valent.

294 1580 514 1622 LXXIV.
547 1580 751 1620 CREBRAE
775 1580 934 1620 interim
950 1609 962 1629 ‚
989 1583 1029 1620 ὅ(
1054 1576 1312 1618 muliebribus
1329 1576 1614 1618 blandimentis

232 1643 382 1683 infe&ae
397 1674 410 1694 ‚
434 1642 481 1683 ab
502 1644 671 1684 Othone
688 1643 736 1684 ad
754 1642 969 1685 Vitellium
987 1640 1157 1698 epistola:
1174 1671 1185 1691 ‚
1210 1640 1432 1682 offerebant
1456 1657 1476 1675 «
1493 1654 1615 1695 pecu—

233 1708 374 1747 »niam
397 1711 436 1748 &
456 1708 623 1761 gratiam
638 1737 649 1757 ‚
671 1711 710 1747 ὅ(
729 1719 1021 1760 quemeumque
1040 1706 1182 1758 quietis
1202 1703 1339 1744 locum
1363 1703 1536 1760 prodigae
1560 1703 1616 1742 vi-

234 1787 255 1807 »
266 1783 312 1810 tae
326 1768 480 1825 legisset
495 1787 516 1806 »
528 1801 536 1810 .
550 1771 662 1810 Paria
677 1768 866 1812 Vitellius
883 1768 1103 1810 ostentabat
1117 1798 1130 1818 ,
1151 1769 1280 1823 primo
1295 1766 1455 1807 mollius
1470 1797 1481 1816 ‚
1502 1763 1617 1806 stult&⁹

233 1834 433 1887 utrimque
450 1837 490 1874 ὅ(
506 1831 695 1874 indecora
711 1831 960 1873 simulatione
977 1850 984 1872 :
1005 1847 1100 1873 mox
1116 1862 1126 1881 ‚
1148 1831 1252 1884 quasi
1267 1833 1439 1871 rixantes
1454 1860 1466 1880 ‚
1488 1831 1616 1885 stupra

235 1901 276 1938 &
289 1897 441 1952 flagitia
456 1898 632 1938 invicem
647 1895 894 1950 objectavere
911 1911 922 1943 3
948 1909 1088 1936 neuter
1102 1893 1216 1935 falso.
1230 1895 1346 1935 Otho
1360 1924 1371 1944 ,
1391 1894 1588 1936 revocatis
1602 1921 1616 1941 ‚

234 1975 333 2015 quos
353 1959 484 2001 Galba
504 1961 661 2001 miserat
675 1991 688 2011 ,
709 1960 851 2015 legatis
873 1965 891 1988 4
907 1990 919 2010 ,
942 1960 1070 1999 rursus
1091 1957 1189 1999 alios
1211 1958 1258 1999 ad
1280 1971 1492 2011 utrumque
1517 1958 1616 1996 Ger-

234 2025 438 2065 manicum
457 2026 678 2065 exercitum
694 2053 707 2075 ,
733 2028 772 2064 ὃς
798 2023 844 2064 ad
872 2021 1076 2078 legionem
1100 2020 1282 2062 Italicam
1298 2051 1309 2070 ‚
1337 2020 1478 2074 easque
1493 2050 1504 2069 ‚
1530 2034 1613 2073 qua·

235 2087 426 2142 Lugduni
446 2086 616 2142 agebant
639 2092 651 2119 5
669 2117 682 2138 ,
709 2088 843 2143 copias
859 2116 872 2136 ,
895 2087 1028 2142 speeie
1045 2086 1199 2126 senatus
1221 2084 1333 2124 misit.
1350 2085 1494 2138 Legati
1510 2082 1614 2138 apud

233 2149 447 2197 Vitellium
468 2151 689 2192 remansere
702 2181 714 2202 ,
738 2152 959 2207 promptius
976 2180 988 2200 ‚
1009 2147 1126 2203 quam
1146 2162 1190 2189 ut
1206 2149 1351 2188 retenti
1370 2147 1614 2188 viderentur.

277 2240 285 2254 ¹
310 2235 515 2265 SluunssmAs
550 2237 682 2272 AQuns]
714 2235 761 2264 De
793 2234 905 2274 quibus
987 2238 994 2257 ἰ
1019 2233 1174 2262 (ἶιουιυΜ
1209 2229 1386 2265 Macrum]
1422 2227 1501 2259 Vide
1530 2228 1615 2266 supra

238 2274 354 2305 distum
371 2273 457 2313 supra
475 2274 584 2304 Annal.
606 2275 661 2304 XII
677 2298 685 2311 ,
705 2277 754 2304 66.
771 2283 838 2304 not.
857 2284 886 2303 2.
947 2271 1020 2301 Hist.
1039 2272 1072 2307 l,
1097 2281 1127 2310 7.
1575 2306 1579 2311 .

276 2316 286 2330 ²
309 2314 439 2345 CALvm
463 2314 697 2350 Cmsmmm]
719 2314 804 2344 Hanc
830 2312 906 2343 libi-
987 2317 1001 2334 ⁴
1024 2311 1175 2345 Laoms]
1193 2311 1239 2340 De
1251 2309 1296 2340 his
1310 2307 1426 2338 dictum
1440 2306 1527 2346 supra
1542 2306 1616 2335 inst.

239 2351 349 2382 dinum
371 2352 507 2383 Neronis
525 2352 695 2391 magistram
718 2353 908 2382 ministram—
948 2352 981 2386 1,
997 2361 1047 2389 74.
1395 2387 1401 2392 ἱ
1468 2362 1488 2392 „¹
1530 2384 1535 2389 .

240 2401 301 2462 {1¹35
315 2391 554 2472 §sginujs-zsupra
567 2392 599 2423 in
611 2392 833 2432 Supplemento
849 2394 909 2423 An-
954 2395 998 2470 595
1024 2392 1173 2421 Luooum
1197 2390 1361 2421 ACEBANTJ
1385 2387 1478 2421 Supra
1498 2384 1570 2414 Hkst·
1588 2385 1618 2419 1,

297 2453 304 2461 .
403 2455 412 2469 ,
476 2453 483 2462 .
992 2452 999 2460 .

1348 2471 1387 2510 H
1422 2466 1448 2519 ij

1632 311 1662 335 A.
1676 312 1703 333 U.
1717 313 1744 334 C.

1654 356 1724 384 322.

1650 413 1672 436 J.
1691 413 1722 436 C.

1663 459 1715 491 69.
