2209 3047
469 330 473 340 ,
506 311 536 334 A.
550 312 578 334 ι’.
591 313 611 335 C

529 357 599 384 822.

529 412 551 435 J.
565 412 592 435 C.

539 459 588 492 69.

652 194 740 230 224
917 178 965 219 C.
1032 178 1434 220 CORNELII
1496 179 1783 222 TACITI

645 274 715 306 to;
739 257 916 300 adulatio
938 260 980 300 in
1005 274 1142 317 aperto
1174 275 1306 302 erant:
1335 259 1464 300 multo
1485 275 1578 300 cum
1606 262 1761 302 honore
1781 259 1993 304 verborum
2005 290 2022 315 ³

615 328 621 336 “
655 340 676 360 <c
691 323 888 364 Muciano
904 323 1160 380 triumphalia
1174 342 1195 360 »
1212 324 1260 364 de
1276 323 1384 363 bello
1402 322 1513 363 civili
1531 323 1634 364 data.
1656 324 1735 364 Sed
1755 341 1776 360 «
1800 325 1842 364 in
1865 326 2022 366 Sarma-

646 400 735 426 »tas
756 391 764 408 ¹
786 386 989 442 expeditio
1003 404 1025 424 »
1040 386 1275 441 fingebatur.
1295 386 1509 425 Adduntur
1529 403 1550 422 «
1570 387 1703 427 Primo
1724 388 1908 428 Antonio
1924 403 2023 429 con-

644 448 818 489 »sularia
830 479 843 499 ,
872 449 1066 490 Cornelio
1084 449 1215 491 Fusco
1233 453 1272 489 &
1289 450 1408 489 Arrio
1423 449 1533 489 Varo
1552 451 1740 504 -praetoria
1760 450 1926 504 insignia
1949 454 1963 470 ²
1979 466 2001 486 »
2013 479 2024 491 .

645 513 751 552 Mox
764 512 859 553 deos
874 513 1101 568 respexere:
1126 530 1147 548 «
1164 512 1312 552 restitui
1326 529 1346 548 υ
1364 510 1515 567 placuit
1530 528 1551 548 «
1568 511 1817 567 Capitolium
1831 529 1853 549 »
1864 544 1873 552 .
1886 512 2024 567 anue

647 576 782 616 omnia
796 574 980 616 Valerius
996 576 1190 616 Asiaticus
1204 604 1217 625 ,
1245 574 1386 615 consul
1402 575 1624 629 designatus
1639 604 1652 624 ,
1674 575 1840 616 censuit.
1857 575 1992 616 Ceteri
2008 604 2024 626 ‚

645 637 761 678 vultu
777 653 976 692 manuque
991 644 1021 685 ³3
1043 639 1160 694 pauci
1175 667 1187 687 ‚
1210 636 1351 691 quibus
1368 638 1585 692 conspicua
1613 637 1783 692 dignitas
1799 667 1812 688 ,
1827 651 1893 678 aut
1907 639 2025 692 inge-

645 703 756 741 nium
778 700 1008 742 adulatione
1034 702 1254 740 exercitum
1266 729 1280 750 ,
1304 701 1530 756 compositis
1561 699 1806 741 orationibus
1826 700 2025 741 adsentie-

644 763 798 805 bantur.
828 763 906 804 Ubi
935 763 984 803 ad
1012 762 1250 804 Helvidium
1278 763 1456 803 Priscum
1470 793 1484 814 ,
1507 777 1715 818 praetorem
1743 764 1988 818 designatum
2008 791 2024 813 ,

644 841 825 877 ventum,
835 826 1024 882 prompsit
1040 827 1276 867 sententiam
1290 856 1302 876 ,
1319 839 1364 866 ut
1379 826 1643 867 honorificam
1660 827 1701 865 in
1709 825 1860 866 bonurn
1876 827 2025 867 Princi-

645 905 736 946 pem
749 920 761 940 ,
774 891 828 930 ita
842 888 937 930 falsa
951 889 1134 939 aberant,
1150 893 1189 930 &
1204 889 1336 929 studiis
1352 888 1506 929 senatus
1521 887 1790 930 attollebatur.
1803 889 1919 942 Isque
1933 903 2026 944 prae-

647 955 786 1009 cipuus
801 951 863 991 illi
875 952 958 992 dies
972 981 984 1002 ‚
1009 967 1160 1005 magnae
1174 952 1332 992 offensae
1352 953 1512 991 initium
1524 981 1538 1001 ,
1564 956 1605 992 <Sc
1619 966 1769 1006 magnae
1786 950 1921 1006 gloriae
1934 952 2025 992 fuit.

708 1018 759 1057 V.
793 1016 833 1055 R
843 1027 888 1054 Es
906 1014 1070 1070 poscere
1083 1014 1255 1064 videtur,
1268 1016 1359 1067 quia
1373 1015 1518 1054 iterum
1533 1014 1574 1053 in
1590 1015 1839 1054 mentionem
1851 1019 1870 1042 4
1884 1014 2025 1055 incidi-

645 1093 732 1119 mus
748 1079 823 1118 viri
843 1077 978 1133 saepius
994 1076 1242 1117 memorandi
1256 1106 1269 1126 ‚
1296 1090 1342 1116 ut
1357 1078 1481 1117 vitam
1498 1076 1698 1131 studiaque
1721 1075 1803 1128 ejus
1816 1106 1829 1127 ,
1859 1081 1900 1117 ὃς
1917 1075 2026 1130 quali

645 1140 806 1182 fortuna
821 1141 866 1181 sit
892 1141 982 1180 usus
998 1170 1010 1190 ‚
1037 1142 1172 1196 paucis
1198 1153 1388 1196 repetam.
1410 1138 1626 1180 Helvidius
1651 1139 1806 1180 Priscus
1822 1169 1834 1189 ‚
1859 1141 2024 1194 regione

646 1203 769 1244 Italiae
785 1204 1052 1254 ⁵‚Tarracinae
1068 1204 1311 1258 municipio,
1328 1202 1478 1243 Cluvio
1494 1216 1604 1258 patre
1620 1201 1657 1253 ⁶,
1673 1203 1740 1256 qui
1757 1203 1936 1243 ordinem
1953 1203 2028 1258 pri-

646 1266 777 1323 mipili
801 1271 815 1294 ⁷
833 1266 1001 1307 duxisset
1013 1296 1025 1316 ,
1050 1267 1256 1321 ingenium
1283 1265 1443 1306 inlustre
1471 1265 1678 1306 altioribus
1708 1266 1840 1306 studiis
1869 1263 2026 1317 juvenis

649 1330 866 1370 admodum
879 1329 1007 1370 dedit:
1026 1344 1107 1370 non
1121 1358 1133 1378 ‚
1153 1342 1198 1369 ut
1211 1327 1390 1384 plerique
1405 1359 1418 1378 ‚
1437 1342 1482 1368 ut
1499 1329 1661 1369 nomine
1674 1328 1890 1383 magnifico
1904 1328 2027 1382 segne

649 1394 777 1433 otium
792 1391 964 1442 velaret,
986 1392 1052 1432 sed
1067 1395 1146 1446 quo
1164 1392 1313 1431 firmior
1329 1392 1511 1432 adversus
1526 1391 1691 1431 fortuita
1704 1420 1717 1441 ,
1736 1390 2027 1446 rempublicam

649 1455 884 1511 capesseret:
911 1455 1091 1495 do&ores
1119 1455 1316 1510 sapientiae
1346 1451 1360 1475 ⁸
1393 1454 1549 1494 secutus
1576 1454 1630 1493 est
1643 1483 1656 1503 ,
1681 1454 1749 1507 qui
1775 1453 1858 1493 sola
1886 1452 1994 1494 bona
2013 1483 2027 1504 ,

647 1533 730 1572 quae
743 1519 906 1559 honesta
913 1548 926 1568 ‚
940 1516 1045 1558 mala
1056 1519 1232 1567 tantum,
1246 1532 1329 1570 quae
1337 1518 1482 1572 turpia:
1497 1518 1739 1573 potentiam,
1754 1514 2030 1568 nobilitatem,

689 1604 698 1618 1
722 1601 757 1629 Iu
771 1600 966 1636 Sumus]
983 1601 1062 1629 Sane
1074 1600 1224 1629 Sarmatas
1235 1598 1322 1629 Rhe·
1359 1599 1449 1634 XVI,
1469 1607 1518 1638 35.
1907 1634 1913 1640 .
1934 1634 1941 1640 ι

648 1638 782 1669 xolanos
793 1661 801 1675 ‚
822 1649 901 1677 quos
914 1638 996 1669 forte
1016 1638 1113 1668 rursus
1131 1638 1322 1668 tumultuan-
1399 1643 1407 1663 5
1432 1638 1574 1668 Rscioua
1596 1639 1711 1667 I'rfxriae
1723 1638 1736 1674 ]
1750 1636 1822 1666 Haec
1833 1634 1981 1670 infirma,
1993 1635 2028 1666 Sc

648 1687 693 1708 tes
722 1677 954 1715 compescuerat
977 1677 1159 1711 Mucianus,
1180 1680 1250 1707 cum
1268 1688 1321 1715 per
1360 1677 1546 1707 omittenda.
1564 1676 1644 1707 Vide
1662 1677 1761 1706 Notas
1773 1676 1807 1706 8<
1820 1675 2029 1705 Emendatio-

648 1716 813 1747 Thraciam
835 1716 1035 1755 Moefiamque
1048 1717 1107 1746 iter
1129 1716 1254 1746 faceret.
1274 1717 1321 1746 De
1359 1726 1413 1746 nes
1427 1716 1466 1746 ad
1482 1716 1554 1745 Hist.
1572 1717 1612 1746 IV
1625 1739 1634 1752 ‚
1650 1726 1678 1754 5.

649 1756 696 1787 his
711 1757 773 1793 jam
793 1756 908 1785 dietum
926 1756 1012 1794 supra
1026 1756 1100 1785 Hist.
1114 1757 1126 1784 Ι
1138 1779 1147 1792 ‚
1159 1756 1322 1794 79.&111,
1397 1756 1410 1774 ⁶
1434 1757 1562 1786 Cruvlo
1584 1758 1710 1788 PATRE]
1730 1752 1838 1784 Cluvii
1857 1752 1957 1787 filius,
1974 1762 2030 1791 ap·-

650 1807 699 1833 24.
713 1796 905 1834 Fingebatur
931 1803 1033 1825 autem
1055 1794 1118 1825 haec
1139 1795 1299 1833 expeditio
1313 1818 1321 1831 ‚
1360 1794 1468 1833 pellari
1491 1804 1557 1824 non
1574 1793 1677 1832 potuit
1699 1792 1864 1823 Helvidius
1890 1791 2003 1822 Priscus
2017 1815 2028 1827 ‚

651 1835 738 1874 quod
775 1834 812 1864 de
846 1834 936 1864 vietis
969 1834 1091 1864 civibus
1125 1833 1323 1872 triumphalia
1361 1833 1436 1872 quin
1455 1834 1618 1872 adoptatus
1632 1832 1727 1862 fuerit
1745 1833 1783 1862 ab
1795 1830 2030 1861 HelvidjoPris-

651 1874 717 1904 dari
743 1883 809 1904 non
838 1881 991 1912 poterant.
1014 1873 1061 1903 De
1085 1872 1322 1909 triumphalibus
1360 1883 1418 1909 co,
1438 1873 1520 1902 unde
1542 1872 1574 1901 in
1597 1882 1715 1902 nomen
1733 1871 1768 1901 δε
1786 1869 1934 1900 familiam
1950 1878 2030 1899 tran-

652 1912 843 1943 ornamentis
853 1911 1322 1952 pluradicenturinVitaAgric.
1361 1911 1453 1942 fierit.
1475 1911 1634 1941 Existimat
1658 1909 1777 1949 Lipsius
1805 1919 1875 1940 eum
1902 1909 2030 1947 adopta-

653 1953 722 1983 XL.
1361 1959 1426 1981 tum
1441 1950 1526 1980 fuiffe
1547 1951 1584 1980 ab
1607 1949 1757 1980 Helvidio
1780 1948 1898 1984 Prisco,
1923 1948 2031 1986 legato

694 1995 704 2008 ²
728 1993 896 2022 ΡΜετοιυΑ
920 2001 1058 2021 insicum
1075 1993 1088 2029 ]
1110 1991 1157 2021 De
1185 1991 1324 2021 consula·
1362 1990 1495 2029 legionis
1509 2010 1518 2023 ‚
1536 1990 1574 2019 de
1587 1999 1650 2028 quo
1665 1989 1752 2027 supra
1767 1987 1880 2017 Annal.
1891 1988 1966 2023 XII,
1977 1997 2030 2024 49,

652 2030 735 2061 ribus
759 2030 968 2069 praetoriisque
992 2030 1163 2069 insignibus
1180 2029 1253 2060 vide
1278 2030 1325 2060 su·
1362 2030 1425 2066 ejus
1437 2029 1606 2059 avunculo.
1619 2030 1727 2058 Utrum
1739 2026 1908 2056 avunculus
1924 2025 2030 2070 suerit,

652 2071 706 2109 pra
725 2070 837 2099 Annal.
861 2071 937 2105 XII,
958 2080 1010 2099 21.
1362 2079 1419 2098 nec
1441 2079 1503 2104 ne,
1522 2067 1686 2097 incertum.
1722 2067 1869 2096 Praererea
1895 2065 1948 2095 alu
1972 2064 2031 2095 effe

694 2115 703 2135 Ξ
727 2109 885 2143 MANUQUE
899 2111 911 2146 ]
931 2110 1003 2146 Quo
1020 2109 1058 2138 de
1071 2108 1125 2138 usu
1140 2110 1255 2138 Seneca
1265 2109 1320 2146 Ep·
1360 2116 1489 2147 potuere
1502 2107 1640 2137 Helvidii
1653 2105 1753 2136 Prisci.
1767 2105 1959 2148 Memoratur
1970 2106 2031 2133 An-

651 2149 735 2179 VIII.
754 2147 787 2176 Si
810 2148 857 2176 hoc
877 2157 977 2175 merum
991 2171 999 2183 ‚
1015 2147 1044 2186 fi
1070 2147 1118 2176 hoc
1134 2157 1193 2176 cum
1212 2147 1321 2186 posteris
1360 2147 1421 2177 nal.
1437 2147 1526 2180 XIII,
1549 2148 1586 2175 28
1600 2169 1608 2182 ,
1629 2144 1793 2175 Helvidius
1818 2143 1948 2175 Priscus,
1975 2143 2032 2173 tri-

652 2186 762 2225 loquor,
783 2197 836 2215 non
855 2186 947 2215 videor
959 2186 1008 2215 tibi
1026 2186 1087 2223 plus
1100 2186 1322 2226 prodfflk‚qusim
1359 2188 1460 2216 bunus
1488 2185 1600 2224 plebis.
1619 2185 1698 2222 Quis
1715 2194 1789 2223 ergo
1810 2181 2007 2222 adoptaverit
2019 2205 2030 2219 ,

653 2227 713 2254 ciam
736 2225 773 2254 ad
795 2225 977 2254 vadimonium
1008 2225 1158 2254 advocatus
1182 2225 1322 2264 descende-
1360 2225 1601 2263 incompertum.

653 2275 730 2299 rem,
749 2274 798 2293 aut
822 2264 923 2293 rabulis
938 2264 1086 2303 testamenti
1101 2264 1211 2293 anulum
1222 2265 1321 2301 impri-
1399 2270 1412 2290 7
1434 2267 1587 2295 Onmxmr
1610 2273 1761 2293 emmena
1781 2262 1795 2298 ]
1825 2260 1889 2298 Qui
1913 2259 2028 2297 prImus

651 2314 767 2339 merem,
780 2313 828 2332 aur
851 2304 995 2370 indsfflaffl
1019 2303 1165 2333 candidato
1183 2314 1274 2333 vocem
1291 2303 1321 2333 Cr
1361 2304 1504 2335 centurio
1518 2302 1636 2340 fuerat;
1655 2302 1728 2332 vide
1746 2300 1857 2331 Annal.
1877 2299 1965 2341 xm,
1982 2302 2031 2335 36.

653 2353 762 2372 manum
779 2353 877 2372 commo
898 2352 981 2371 arem·
1401 2343 1412 2362 ⁸
1443 2344 1614 2373 Docroruzs
1643 2350 1811 2370 SAPIENTIAE
1836 2343 1846 2372 ]
1874 2339 1999 2368 Stoicos
2020 2361 2031 2375 ‚

691 2387 707 2405 ⁴
727 2384 853 2412 ῙτειυΜ
876 2393 907 2412 na
930 2392 1117 2425 msurrouam
1139 2383 1154 2418 ]
1176 2383 1223 2412 De
1249 2382 1322 2413 Hel·
1342 2395 1344 2428 Ἰ
1362 2392 1495 2418 quorum
1529 2381 1641 2424 placita
1653 2379 1710 2424 'hic
1731 2377 1854 2423 egregie
1882 2376 2030 2411 Tacitus,

652 2420 741 2453 vidio
761 2422 825 2461 jam
845 2420 923 2453 faeta
951 2429 1071 2452 mentio
1097 2421 1184 2460 supra
1206 2422 1320 2453 Annal.
1341 2421 1514 2460 :Epictetus
1536 2419 1709 2451 Enchmdu
1728 2426 1822 2448 initio
1850 2415 2033 2455 exposuere.

1820 2474 2032 2514 ceteraque

2059 839 2110 867 10

2056 1468 2116 1497 20
