2209 3047
336 188 417 231 AD
437 190 662 231 LIBRUM
682 188 756 231 IV.
782 187 926 230 HIST.
959 187 1007 227 C.
1032 188 1211 229 CORN.
1237 186 1445 229 TACITI.
1501 201 1588 240 529

259 266 366 303 CAP.
391 266 533 304 LXXX.
560 267 735 312 Aleth]
767 265 862 302 Male
877 264 1058 306 Alciatus,
1094 268 1212 300 anxius
1244 265 1297 312 est.

259 315 506 363 Exc1P1Tuss]
536 316 611 352 Mss.
631 316 732 353 Harl.
756 315 862 352 Bodl.
876 315 941 352 Jes.
957 317 991 350 ὅ(
1008 314 1224 350 Puteolanus
1243 344 1252 358 ,
1283 318 1448 363 accipitur.
1482 314 1590 352 Recte

205 366 433 402 emendatum
451 368 489 402 in
504 366 572 403 Ms.
594 366 702 403 Bodl.
718 370 897 413 excipitur3
911 364 965 401 uti
979 363 1114 400 habent
1127 365 1192 399 ΜΓ.
1211 365 1325 402 Corb.
1348 366 1462 403 editio
1488 365 1591 415 prin<
1638 374 1644 377 ”

208 428 292 464 ceps
307 420 340 453 ὃς
352 417 579 453 recentiores.

253 467 434 513 Avfissso]
466 466 553 502 Non
569 467 618 501 ita
631 467 723 503 bene
737 466 803 502 Ms.
819 465 931 502 Corb.
946 469 979 502 δε
993 465 1106 501 editio
1128 464 1293 512 princeps
1306 493 1315 508 ,
1345 467 1487 513 adverso.

255 515 418 552 VOCARE
450 521 657 562 ort-emtis]
687 517 742 552 Ita
767 515 849 550 libri
874 529 997 552 omnes
1018 515 1139 563 scripti
1165 517 1198 550 ὃς
1225 515 1313 550 editi
1339 544 1348 558 ,
1374 528 1502 565 praeter
1520 514 1590 552 Ms-

204 563 296 615 Agr.
318 566 355 601 in
378 580 452 616 quo
466 595 475 610 ,
495 580 678 613 prouocare.
702 566 750 600 At
764 578 809 601 eo
825 578 971 615 quoque
991 565 1091 602 sensu
1110 564 1259 607 dicitur,
1278 578 1401 601 vocare.
1427 566 1485 602 Sic
1499 564 1591 602 infra

206 614 243 650 de
262 618 408 652 Moribus
435 618 668 652 Germanorum
680 643 691 659 ,
711 627 790 664 cap.
819 628 877 664 14.
894 619 1012 652 Vocare
1027 615 1126 663 hostes
1141 641 1151 657 ‚
1180 616 1217 650 ξπ
1234 616 1370 650 vulnera
1383 619 1506 652 mereri.

260 716 370 752 CAP.
394 716 553 752 LXXXI.
583 716 745 753 AEsrrvxs
775 720 988 762 FLATIBUS]
1027 715 1124 752 Bene
1147 715 1229 751 libri
1255 727 1378 751 omnes
1402 714 1522 764 scripti
1557 718 1592 752 δε

209 763 309 800 editi.
335 767 523 814 Perperam
547 767 710 802 tentabat
724 766 860 815 Lipfius
875 795 884 810 ,
917 765 1337 812 Etefiarum.·Acidalius‚
1362 764 1474 811 Etefiis
1491 766 1594 812 flati-

209 815 278 850 bus.
302 815 420 852 Immo
448 816 570 853 Etefiis
588 845 596 859 ‚
622 817 907 866 Aquilonaribus
920 816 1053 859 ventis,
1070 816 1243 863 impedita
1263 815 1375 850 fuiffet
1393 814 1595 863 Vespasiani

209 865 398 915 navigatio
421 894 430 910 ,
457 876 497 902 ut
527 867 619 903 recte
644 866 852 903 observavit
878 866 1036 902 eruditus
1063 866 1228 901 Savilius.
1257 865 1346 900 Inde
1370 864 1438 902 Jul.
1456 864 1595 906 Caesar,

208 914 301 951 Bell.
321 915 430 952 Civil.
449 928 527 965 cap.
556 928 643 962 107.
671 917 737 963 Ipse
755 920 836 951 enim
855 918 1015 965 neceJJario
1033 916 1147 962 Etefiis
1165 917 1328 952 tenebatur
1343 942 1353 958 ,
1380 918 1433 964 qui
1446 916 1596 950 Alexan-

209 964 284 1000 drid
311 967 537 1014 navi'gantibus
553 968 632 1013 sunt
655 967 860 1014 adverfiffimi
878 969 977 1002 venti.
1002 966 1051 1001 At
1072 966 1276 1013 Vespafianus
1298 965 1507 1000 Alexandriae
1519 964 1598 1011 sta-

209 1025 259 1049 tos
277 1016 544 1064 aestivisflatibus
563 1018 647 1059 dies,
661 1017 790 1066 quibus
809 1029 894 1052 certa
907 1019 1003 1051 maris
1019 1015 1220 1064 incipiunt,
1247 1017 1476 1062 opperiebatur.
1499 1014 1597 1050 Nau-

209 1065 300 1101 ticas
328 1075 447 1102 autem
471 1065 549 1102 illas
565 1065 816 1103 Romanorum
840 1067 935 1116 leges
955 1067 1050 1102 clare
1073 1065 1231 1114 explicat
1254 1065 1443 1114 Vegeffius,
1475 1064 1529 1108 V,
1557 1077 1596 1111 9.

209 1115 285 1163 Post
309 1128 414 1151 ortum
430 1117 616 1160 Pleiadum,
636 1131 655 1152 a
684 1118 836 1165 diefixto
852 1117 1069 1152 Kalendarum
1081 1117 1251 1151 Iuniarum
1266 1145 1274 1158 ‚
1295 1117 1386 1163 uJiJue
1406 1115 1447 1150 ad
1465 1116 1600 1150 Arbluri

210 1178 315 1200 ortum
334 1194 344 1210 ‚
373 1166 407 1201 id
429 1165 521 1213 estin
536 1167 618 1202 diem
640 1168 942 1202 oelavumdecimum
965 1167 1185 1203 Kalendarum
1204 1166 1391 1201 octobrium
1405 1166 1518 1212 secura
1545 1176 1600 1199 ηα-

209 1218 335 1263 vigatio
357 1216 496 1251 creditur
520 1244 530 1261 ,
563 1220 638 1265 quia
657 1217 775 1265 aestatis
802 1218 949 1264 beneficio
975 1228 1143 1252 ventorum
1166 1216 1320 1251 acerbitas
1345 1218 1526 1264 mitigatur.
1547 1217 1602 1250 Ita

204 1265 277 1313 post
304 1267 358 1300 hoc
385 1279 505 1313 tempus
523 1268 614 1315 uſslue
638 1271 671 1303 in
693 1270 823 1303 tertium
849 1268 922 1303 Idus
940 1267 1129 1302 Novembris
1146 1268 1266 1301 incerta
1288 1268 1455 1314 navigatio
1471 1265 1513 1312 est
1530 1290 1539 1306 ,
1563 1265 1601 1300 ὃ·

211 1316 387 1362 discrimini
402 1320 531 1363 propior
547 1333 560 1351 .·
576 1329 744 1363 propterea
759 1345 768 1361 ‚
795 1320 871 1366 quia
882 1317 952 1364 posl
965 1317 1040 1352 Idus
1054 1317 1241 1361 Septembris
1261 1318 1363 1350 oritur
1377 1316 1535 1349 Arclurus
1553 1328 1604 1350 ve-

209 1366 470 1412 hementissimum
497 1366 600 1414 fidus.
626 1369 670 1402 Er
692 1369 803 1402 οὲἶανο
821 1367 1043 1402 Kalendarum
1066 1367 1213 1401 Oilobris
1242 1366 1470 1413 aequinoe't'ialis
1499 1367 1606 1400 evenit:

209 1417 322 1450 acerba
345 1415 508 1462 tempestas
521 1443 530 1451 .
543 1444 551 1452 .
563 1443 571 1452 .
585 1442 593 1451 .
615 1417 646 1450 A
659 1417 833 1452 Novembri
848 1427 953 1452 autem
968 1416 1068 1461 mense
1083 1416 1197 1450 crebris
1220 1414 1451 1462 tempestatibus
1470 1417 1604 1462 navigia

210 1465 442 1501 conturbantur
465 1466 684 1513 Vergiliarum
712 1467 842 1501 hiemali
874 1466 990 1512 occasu.
1024 1466 1080 1499 Ex
1097 1466 1146 1500 die
1167 1468 1269 1513 igitur
1285 1468 1378 1499 tertio
1395 1465 1509 1499 Iduum
1533 1466 1606 1499 No-

212 1515 350 1551 vembris
368 1516 460 1562 usque
480 1517 513 1549 in
534 1516 752 1561 diemsextum
768 1516 882 1551 Iduum
896 1517 1096 1550 Martiarum
1116 1518 1221 1550 maria
1239 1515 1442 1552 clauduntur.
1466 1513 1603 1550 Tacito

214 1575 335 1601 autem
355 1563 564 1613 suffragatur
587 1565 787 1613 Josephus,
810 1564 990 1602 Bell.Jud.
1009 1565 1084 1608 IV,
1116 1577 1175 1602 11.
1197 1576 1295 1600 num.
1318 1576 1355 1610 5.
1382 1568 1476 1603 Αὐτὸς
1499 1570 1603 1604 μέντοι

214 1618 467 1661 (Οὐεσπασιανός
486 1618 499 1659 )
516 1620 555 1654 εἰς
582 1617 633 1651 τὴν
654 1614 765 1659 Ρ“ὦμκι’
791 1615 909 1664 ὥρμητο
937 1616 1085 1659 λήξαντος
1111 1618 1150 1651 τὶἷ
1168 1617 1314 1660 χειμῶνος
1342 1614 1500 1660 εἶναι’·γειθῐᾳ
1515 1642 1526 1656 ‚
1553 1615 1602 1663 ξς),

214 1665 314 1711 ταΙχος
331 1665 373 1701 τοὶ
400 1664 484 1700 net-roi
508 1668 559 1702 τὴν
578 1665 807 1714 Α’λεξοένθρεωιν
825 1666 936 1701 διώκει.
967 1666 1034 1712 Ipse
1059 1677 1165 1700 tamen
1197 1663 1427 1712 Vespasianus
1461 1664 1606 1699 extremd

212 1717 311 1751 hieme
340 1715 477 1749 Romam
496 1714 655 1762 proficisci
677 1716 817 1761 parabat
838 1728 850 1758 3
876 1716 912 1751 ἔπ’
940 1716 1036 1764 qutim
1050 1716 1191 1762 primum
1216 1728 1262 1750 res
1280 1715 1491 1751 Alexandria>
1518 1727 1606 1750 com-

212 1766 364 1812 ponebat.

270 1814 419 1851 MULTA
437 1825 639 1851 MIRACULA
655 1819 672 1862 ]
703 1816 796 1862 Quae
815 1815 1002 1852 mendacIa
1020 1815 1159 1859 veritis,
1186 1815 1293 1865 quitm
1308 1813 1481 1851 miracula
1499 1813 1608 1851 dixe-

217 1863 276 1904 ris.
310 1863 426 1912 Quod
448 1865 573 1914 paucis
594 1865 862 1914 explicandum.

540 1954 638 2011 De
667 1953 977 2031 Vespasiani
1009 1955 1294 2010 miraculis,

266 2065 392 2103 Titum
405 2066 807 2109 Livium‚Plutarchum
818 2095 827 2110 ‚
839 2066 1048 2115 ceterosque
1067 2066 1247 2103 immensae
1263 2064 1481 2101 credulitatis
1498 2064 1606 2113 scrip-

217 2123 315 2152 tores
341 2116 514 2152 miracula
540 2117 660 2165 passim
691 2116 886 2153 obtrudere
915 2117 1063 2153 minime
1085 2117 1214 2152 mirum
1244 2115 1303 2152 est.
1339 2115 1389 2151 At
1413 2115 1606 2156 Tacitum,

217 2165 381 2202 acerrimi
400 2165 550 2213 judicii,
576 2167 861 2203 constantiffimae
887 2167 1015 2203 mentis
1032 2166 1148 2202 virum
1167 2194 1175 2209 ‚
1204 2179 1280 2202 non
1310 2165 1422 2201 modo
1437 2164 1608 2200 miracula

218 2228 380 2257 narrare,
409 2215 469 2252 sed
493 2216 601 2252 etiam
622 2217 664 2252 iis
685 2216 792 2253 fidem
822 2217 938 2253 facete
959 2216 1052 2253 velle
1068 2244 1077 2260 ‚
1101 2215 1312 2252 incredibile
1332 2215 1511 2252 videretur
1533 2242 1542 2256 ,
1567 2213 1608 2249 ni

218 2265 300 2302 satis
328 2265 423 2302 foret
448 2276 697 2313 compertum,
717 2267 843 2302 natura
869 2268 1044 2302 incertum
1070 2279 1114 2302 an
1144 2265 1368 2302 institutione
1397 2294 1406 2308 ,
1439 2263 1608 2300 omnibus

220 2315 330 2352 ferme
346 2315 518 2351 Romanis
535 2315 676 2351 inlitum
700 2315 798 2352 fuisse
819 2316 1005 2363 religionis
1019 2316 1156 2352 sensum
1171 2345 1180 2360 ‚
1209 2329 1283 2366 quo
1302 2315 1339 2351 in
1362 2314 1610 2351 credulitatem

220 2365 500 2413 propenderent.
526 2367 620 2412 Quat:
647 2365 791 2414 quidem
813 2364 1003 2403 credulitas
1019 2392 1027 2407 ,
1053 2377 1093 2402 ut
1128 2366 1164 2401 in
1187 2365 1369 2407 humanis,
1393 2364 1437 2399 fic
1461 2375 1609 2412 quoque

222 2414 355 2452 divinis
373 2415 411 2450 in
431 2415 534 2452 rebus
546 2443 556 2459 ,
580 2414 628 2453 est
642 2415 750 2453 bonae
766 2416 894 2454 animae
909 2427 1158 2467 argumentum
1171 2443 1182 2462 ‚
1201 2429 1269 2453 nec
1284 2414 1346 2450 nisi
1369 2414 1405 2448 in
1420 2412 1611 2463 religiosos

347 2487 387 2527 T
383 2502 455 2527 om.
487 2488 568 2532 III.
1166 2483 1170 2488 ’
1290 2486 1332 2527 X
1343 2500 1368 2526 x
1379 2500 1407 2527 x
