2230 3047
556 304 587 327 A.
600 304 627 326 U.
639 304 668 327 C.

575 351 645 379 822.

577 402 599 424 J.
613 402 641 425 C.

583 449 637 483 69.

704 189 785 223 194
947 172 994 213 C.
1060 172 1462 215 CORNELII
1524 172 1832 214 TACITr

695 267 738 293 ut
756 252 888 308 proedae
912 257 922 274 ¹
939 282 952 303 ,
979 251 1095 306 quam
1118 253 1387 310 periculorum
1406 252 1545 292 socias.
1565 253 1746 293 Vocatos
1763 253 1811 292 ad
1830 253 2072 294 concionem

695 317 897 356 Antonius
928 316 1091 367 docuit,
1120 334 1140 354 «
1160 318 1234 358 effe
1264 317 1393 358 adhuc
1421 313 1592 355 Vitellio
1622 316 1724 355 vires
1738 345 1751 365 ‚
1781 314 1983 369 ambiguas
1999 344 2012 365 ,
2047 317 2074 355 si

694 377 990 420 »deliberarent
1006 409 1018 430 ,
1045 395 1152 421 acres
1166 409 1178 430 ,
1200 380 1225 418 sl
1245 377 1520 434 desperassent.
1533 377 1651 418 Initia
1672 377 1871 418 bellorum
1893 376 2074 418 civilium

693 442 891 483 »fortunae
920 443 1185 498 permittenda
1198 472 1210 492 ,
1239 442 1444 482 νίὲῗῑοῑίᾶω
1466 439 1638 481 consiliis
1668 444 1707 481 &
1735 442 1889 481 ratione
1925 440 2074 496 perfici.

692 506 814 549 »Jam
831 505 1099 546 Misenensem
1117 505 1275 546 classem
1290 534 1304 554 ,
1329 508 1368 545 &
1386 502 1696 560 pulcherrimam
1715 503 1942 560 Campania:
1964 518 2074 544 oram

692 585 715 605 2>
726 568 930 609 descivisse
946 586 952 608 :
979 584 1055 609 nec
1071 568 1158 624 plus
1175 583 1195 608 e
1212 580 1300 608 toto
1326 581 1517 608 terrarum
1540 566 1634 607 orbe
1656 566 1854 621 reliquum
1873 565 2044 607 Vitellio
2060 595 2074 617 ,

693 630 843 685 »quam
863 631 970 685 quod
990 632 1092 671 inter
1111 632 1368 672 Tarracinam
1385 631 1657 683 Narniamque
1676 635 1689 651 ²
1706 629 1848 682 jaceat.
1863 631 1966 670 Satis
1983 628 2074 683 glo-

691 696 787 734 »riae
804 694 950 750 proelio
965 694 1222 734 Cremonensi
1243 706 1397 749 partum
1411 723 1423 743 ,
1448 697 1487 733 ὅ(
1504 694 1628 733 exitio
1647 693 1854 734 Cremonae
1869 723 1881 743 ,
1906 693 2075 732 nimium

691 758 903 797 »invidiaez
927 771 975 796 ne
992 756 1326 812 concupiscerent
1339 758 1513 798 Romam
1530 771 1670 812 capere
1687 758 1818 812 potius
1832 787 1844 806 ‚
1868 753 1985 810 quam
2001 756 2073 796 ser-

691 836 714 857 »
726 835 816 860 vare
831 837 837 859 :
861 818 1011 871 majora
1027 818 1105 860 illis
1121 821 1277 875 praemia
1289 850 1301 870 ,
1323 824 1362 860 &
1377 819 1506 859 multo
1522 820 1738 859 maximum
1756 820 1876 860 decus
1890 848 1902 869 ,
1922 819 1949 857 fi
1964 819 2074 858 inco-

691 882 948 922 »lumitatem
968 881 1121 923 senatui
1141 882 1373 938 populoque
1399 884 1588 924 Romano
1602 882 1681 923 fine
1706 883 1897 938 sanguine
1925 881 2073 935 quaesis-

690 962 714 983 2>
725 946 810 986 sent
829 963 849 981 »
861 976 871 985 .
2020 948 2025 953 ’

754 1008 878 1048 LXI.
912 1009 1002 1048 H1s
1025 1023 1071 1049 ac
1089 1007 1233 1049 talibus
1249 1010 1420 1063 mitigati
1433 1010 1567 1048 animi.
1584 1010 1677 1049 Nec
1695 1006 1824 1047 multo
1841 1008 1925 1062 post
1944 1005 2072 1061 legio-

691 1086 759 1111 nes
777 1071 934 1111 venere.
950 1070 1001 1111 Et
1020 1084 1169 1112 terrore
1184 1069 1366 1125 famaque
1383 1073 1484 1112 autri
1506 1072 1702 1112 exercitiis
1716 1100 1729 1121 ,
1758 1069 1984 1111 Vitellianae
2002 1083 2074 1110 co—

690 1135 825 1174 hortes
843 1133 1036 1174 nutabant
1049 1164 1062 1185 9
1087 1133 1201 1174 nullo
1218 1136 1259 1174 in
1271 1133 1423 1175 bellum
1441 1134 1677 1175 adhortante
1689 1164 1702 1184 ‚
1724 1131 1858 1173 multis
1879 1133 1926 1173 ad
1944 1133 2074 1172 transi-

687 1198 843 1237 tionem
857 1226 870 1247 ,
895 1198 962 1251 qui
978 1197 1063 1238 suas
1082 1199 1279 1238 centurias
1295 1197 1521 1251 turmasque
1536 1198 1693 1238 tradere
1706 1226 1718 1247 ,
1739 1196 1890 1237 donum
1906 1196 2045 1236 vi&ori
2058 1226 2072 1246 ‚

687 1264 729 1300 ὃ(
750 1259 818 1300 fibi
837 1261 878 1300 in
899 1260 1096 1315 posterum
1117 1262 1284 1315 gratiam
1298 1290 1311 1311 ,
1336 1260 1554 1301 certabant.
1570 1261 1644 1301 Per
1668 1275 1736 1300 eos
1764 1260 1973 1314 cognitum
1990 1260 2042 1299 est
2057 1288 2072 1309 ,

694 1339 716 1359 «
734 1322 1000 1363 Interamnam
1035 1329 1044 1352 ³
1078 1325 1268 1379 proximis
1300 1325 1449 1379 campis
1483 1324 1656 1380 praesidio
1689 1324 2071 1377 quadringentorum

686 1387 898 1439 »equitum
914 1387 1041 1426 teneri
1056 1402 1077 1422 »
1089 1418 1098 1426 .
1113 1387 1253 1427 Miffus
1269 1385 1472 1442 externplo
1488 1387 1616 1427 Varus
1632 1392 1668 1436 4,
1690 1401 1782 1426 cum
1799 1385 1982 1441 expedita
1995 1400 2072 1425 ma-

687 1463 743 1488 nu
758 1477 770 1498 ,
794 1463 943 1504 paucos
971 1451 1280 1504 repugnantium
1305 1450 1529 1490 interfecit:
1555 1449 1687 1505 plures
1702 1479 1715 1498 ,
1742 1447 1900 1500 abjeffis
1923 1449 2039 1489 armis
2056 1478 2069 1499 ,

686 1512 847 1552 veniam
876 1513 1076 1568 petivere:
1104 1512 1261 1566 quidam
1292 1515 1333 1553 in
1360 1514 1479 1554 castra
1506 1513 1658 1567 refugi,
1692 1513 1832 1552 cunSta
1855 1511 2071 1552 formidine

687 1573 910 1630 implebant
925 1605 938 1625 ,
964 1576 1149 1629 augendo
1169 1575 1392 1616 rumoribus
1412 1577 1601 1616 virtutem
1629 1575 1842 1630 copiasque
1869 1575 2040 1614 hostium
2057 1603 2071 1624 ,

687 1639 768 1690 quo
785 1638 905 1678 amiffi
922 1638 1083 1693 praesldii
1102 1639 1274 1680 dedecus
1292 1637 1476 1679 lenirent.
1494 1641 1586 1679 Nec
1612 1637 1693 1678 ulla
1710 1638 1814 1693 apud
1829 1636 2071 1678 Vitellianos

687 1700 830 1754 flagitii
842 1716 962 1756 poena
977 1715 988 1747 3
1009 1705 1048 1741 ὅς
1063 1704 1229 1757 praemiis
1245 1702 1489 1743 defectorum
1508 1707 1544 1753 5,
1563 1716 1654 1742 vera
1668 1701 1763 1741 fides
1778 1715 1788 1746 3
1811 1716 1857 1741 ac
1873 1699 2071 1754 reliquum

687 1763 860 1819 perfidiae
880 1776 1103 1805 certarnen:
1125 1765 1262 1806 crebra
1276 1765 1494 1820 transfugia
1508 1764 1759 1806 tribunorum
1775 1764 2071 1804 centurionum-

686 1841 763 1879 que
780 1841 790 1873 3
816 1842 906 1868 nam
923 1829 1124 1882 gregarius
1141 1827 1255 1869 miles
1271 1829 1500 1869 induruerat
1518 1843 1589 1885 pro
1605 1826 1777 1869 Vitellio
1793 1858 1805 1877 ,
1827 1827 1958 1867 donec
1975 1826 2071 1866 Pris-

653 1897 658 1901 '
688 1904 756 1929 cus
774 1893 813 1930 ὅ(
831 1889 1041 1946 Alphenus
1057 1890 1094 1941 ⁶,
1120 1891 1281 1932 desertis
1306 1893 1435 1933 castris
1452 1922 1464 1942 ,
1492 1892 1540 1932 ad
1558 1890 1772 1933 Vitellium
1794 1889 1948 1945 regreffi
1961 1919 1975 1940 ,
1997 1904 2070 1945 pu-

687 1951 782 1992 dore
799 1954 1038 2008 proditionis
1056 1956 1217 1995 cun&os
1234 1955 1501 1996 exsolverent.

749 2015 899 2056 LXII.
933 2016 1036 2056 I1sD
1048 2029 1106 2055 EM
1129 2016 1265 2058 diebus
1279 2048 1291 2069 ,
1321 2016 1465 2060 Fabius
1482 2015 1633 2060 Valens
1650 2014 1792 2057 Urbini
1815 2020 1829 2043 ⁷
1842 2044 1855 2065 ‚
1882 2017 1923 2056 in
1940 2016 2067 2056 custo-

728 2110 737 2124 ¹
761 2107 809 2135 UT
824 2117 886 2136 PRAE
898 2108 964 2144 ωε]
974 2109 1013 2137 Ut
1021 2108 1126 2146 praedae
1136 2108 1250 2147 potius,
1263 2110 1355 2148 quam
1397 2108 1583 2139 Vitellianos
1596 2106 1707 2146 flagitii
1716 2116 1823 2145 poena:
1840 2105 2000 2137 certiffima
2012 2116 2068 2136 ve-

686 2145 896 2184 periculorum
915 2146 1019 2176 socias.
1396 2149 1430 2178 ro
1454 2148 1530 2178 fides
1544 2147 1674 2186 praemiis
1686 2167 1695 2180 ‚
1710 2156 1776 2184 quae
1793 2146 1961 2176 defeeiores
1980 2156 2067 2176 acce-

726 2187 737 2201 ²
759 2185 977 2214 TARnAcmAM
1003 2187 1220 2223 NARNIAMQUE
1241 2189 1254 2224 ]
1290 2188 1355 2218 Ho-
1396 2196 1503 2225 perant
1532 2196 1658 2217 erantve
1690 2184 1858 2223 accepturi.
1891 2185 1967 2216 Inde
1993 2185 2068 2215 reli-

686 2223 800 2262 dieque
819 2223 967 2253 Termine
989 2226 1022 2256 ἅ
1036 2226 1142 2254 Numi.
1396 2236 1492 2265 quum
1527 2226 1662 2264 perfidiae
1692 2233 1849 2255 certamen
1865 2247 1873 2261 ‚
1898 2225 2066 2263 crebraque

710 2268 736 2305 *³
758 2264 970 2293 INTERAMEAM
988 2269 998 2298 ]
1020 2266 1111 2295 Nunc
1124 2264 1225 2303 Terni3
1244 2266 1281 2296 de
1294 2266 1354 2306 qua
1396 2265 1594 2296 tribunorum
1609 2276 1642 2295 ac
1653 2264 1873 2295 centurionum
1887 2262 2064 2301 transfugia.

686 2301 800 2331 dlfflum
825 2304 936 2332 Assssal·
957 2304 989 2337 l,
1006 2314 1055 2341 79-
1200 2318 1204 2322 ’
1434 2307 1447 2324 ⁶
1471 2306 1596 2336 Pmscus
1621 2315 1659 2335 ET
1679 2306 1841 2334 Ammianus
1855 2305 1868 2340 ]
1883 2302 1962 2334 Vide
1976 2302 2063 2340 supra

723 2346 739 2364 4
760 2343 890 2379 Vanus]
915 2342 1018 2372 Arrius
1036 2346 1149 2380 Varus,
1165 2344 1202 2373 de
1218 2354 1281 2382 quo
1305 2344 1353 2374 sae-
1394 2354 1460 2382 cap.
1482 2354 1529 2383 55.
1872 2379 1876 2384 ,

683 2390 720 2419 PC
738 2380 831 2418 suind-
1433 2389 1444 2406 7
1467 2385 1581 2413 Uarum
1603 2381 1796 2420 ]Hodieque
1809 2379 1931 2415 Urbmo,
1949 2379 2021 2407 dans
2040 2378 2064 2408 Ie

724 2426 731 2445 5
756 2421 894 2450 famus
917 2422 1259 2460 nemci-onum]Nulla
1271 2422 1351 2461 apud
1392 2421 1494 2451 Duclzd
1517 2420 1642 2451 d’Urhirz.
1667 2421 1764 2458 Cujus
1786 2429 1905 2450 nomen
1929 2419 2063 2449 immor-

2108 830 2154 855 10

2105 1146 2153 1184 15

2100 1465 2154 1491 20

2100 1779 2149 1818 25
