2230 3047
112 861 133 888 ·1
144 861 169 888 0

115 1171 164 1210 15

384 194 860 242 HISTORIARUM
897 192 1093 234 LIBER
1131 194 1385 236 PRIMUS.
1560 208 1586 243 7

200 278 436 322 saeculorum
469 280 610 321 seriem
646 285 656 302 ¹
695 277 902 335 repetitis,
944 275 1111 316 adflieta.
1140 276 1296 315 Haustae
1335 290 1402 317 aut
1435 274 1583 317 obrutae

200 344 316 385 urbes
333 348 345 365 ²
363 340 636 385 fecundissima
652 342 879 398 Campaniae
896 337 985 379 ora:
1004 343 1043 379 ὅ(
1058 337 1160 378 Urbs
1181 340 1377 380 incendiis
1394 341 1538 381 vastata
1554 345 1583 391 ³,

200 408 450 463 consumptis
476 406 746 460 antiquiffimis
765 402 938 444 delubris
952 433 965 453 ‚
985 402 1072 459 ipso
1099 401 1305 457 Capitolio
1324 404 1475 443 civium
1502 419 1584 445 ma-

200 468 316 511 nibus
344 469 508 511 incenso
546 474 584 508 4;
614 467 777 525 pollutae
803 467 1060 508 caerimoniae:
1089 480 1234 520 magna
1257 465 1474 507 adulteria:
1503 466 1585 524 ple-

201 547 298 572 num
323 532 466 574 exsiliis
497 546 604 572 mare
639 536 676 571 5:
702 531 837 571 infeffl
865 528 1035 571 caedibus
1072 527 1230 584 scopuli
1258 527 1299 567 6:
1338 531 1509 571 atrocius
1542 532 1585 573 in

202 595 308 637 Urbe
335 596 524 637 saevitum.
550 593 781 645 Nobilitas,
812 608 934 650 opes,
963 592 1088 632 omiffi
1117 592 1292 647 gestique
1314 588 1487 633 honores
1512 610 1585 649 pro

200 660 395 706 crimine3
430 662 470 699 &
509 657 560 699 ob
593 659 790 708 virtutes,
822 656 1078 698 certiffimum
1110 656 1291 696 exitium.
1324 656 1417 695 Nec
1456 658 1586 699 minus

202 722 359 779 praemia
386 720 611 763 delatorum
626 721 752 761 invisa
770 750 784 771 ,
815 718 933 774 quam
954 718 1103 760 scelera
1122 735 1130 758 ι
1164 720 1256 760 cum
1276 717 1343 759 alii
1364 719 1585 761 sacerdotia

200 789 241 826 ὃ(
267 784 522 835 consulatus,
550 798 595 825 ut
618 783 770 840 spolia,
800 783 960 839 adepti,
991 783 1293 838 procurationes
1319 780 1415 832 alii,
1448 785 1489 822 &
1526 785 1586 822 in-

198 850 386 890 teriorem
417 849 640 905 potentiam
664 852 679 875 ⁷
693 859 886 903 ‚agerent
903 876 915 896 ,
939 845 1087 887 ferrent
1113 847 1266 887 cun&a.
1297 845 1408 886 Odio
1438 849 1478 885 ὅ(
1508 859 1585 886 ter-

198 926 288 954 rore
325 908 339 933 ⁸
369 912 548 967 corrupti
590 912 631 951 in
666 911 851 952 dominos
885 910 1015 960 servi,
1051 911 1091 949 in
1130 922 1319 965 patronos
1346 907 1502 949 liberti:
1543 913 1586 950 ὅς

199 974 341 1030 quibus
366 975 500 1016 deerat
526 975 739 1025 inimicus,
764 988 834 1030 per
857 974 1009 1014 amicos
1048 972 1215 1029 oppressi
1251 977 1281 1012 9.
1312 973 1414 1013 Non
1446 986 1582 1013 tamen

198 1038 299 1079 adeo
315 1039 508 1080 virtutum
526 1036 653 1079 sterile
673 1036 860 1079 saeculum
872 1067 886 1089 ,
914 1050 959 1078 ut
985 1050 1068 1077 non
1096 1040 1138 1078 ὅς
1162 1035 1267 1078 bona
1289 1034 1474 1092 exempla
1495 1051 1585 1092 pro-

199 1101 354 1142 diderit.

259 1165 347 1205 ΙΙΙ.
382 1165 665 1207 COM1TATAE
691 1163 885 1220 profugos
906 1162 1054 1204 liberos
1072 1176 1237 1203 matres:
1259 1163 1400 1204 secutae
1419 1163 1584 1203 maritos

235 1280 244 1294 ¹
269 1274 470 1305 SAECULORUM
493 1275 643 1311 semem]
673 1273 782 1304 Innuit
807 1274 868 1304 Ta-

947 1279 956 1299 3
980 1274 1140 1304 lucerinus
1164 1276 1337 1307 VASTATA]
1357 1273 1396 1302 Ut
1422 1270 1560 1309 contIgit
1574 1292 1585 1307 ‚

194 1312 271 1345 citus
282 1314 344 1352 jam
361 1313 439 1344 olim
455 1313 588 1344 tonuiffe
604 1312 788 1344 Vesuvium.
800 1313 866 1343 Ali-
906 1313 1040 1343 maxime
1054 1312 1119 1342 Titi
1132 1311 1308 1350 Principatu
1319 1335 1327 1348 ,
1338 1314 1409 1342 cnm
1422 1321 1507 1341 nona
1522 1312 1582 1341 Ur-

194 1361 241 1384 ter
268 1361 374 1383 tamen
404 1353 497 1384 sentit
526 1353 664 1383 eruditus
689 1353 838 1383 Colonne
858 1376 866 1389 ,

218 1402 289 1423 uem
319 1392 433 1423 merito
471 1400 630 1437 oppugnat
654 1392 702 1422 Cl.
730 1391 842 1422 Banier
857 1416 866 1428 ,

232 1431 343 1461 &moires
361 1431 393 1460 de
410 1431 580 1460 PAcade'mze
612 1431 715 1471 Royale
736 1430 783 1460 des
810 1431 867 1469 Inst

193 1471 339 1508 nimiam,
359 1472 455 1502 Tom.
479 1473 533 1501 IX.
555 1481 621 1510 pag.
643 1482 689 1511 15.
705 1471 866 1510 Favetque

192 1510 332 1543 valerius
354 1511 483 1541 Flaccus
498 1532 507 1545 ‚
526 1511 695 1550 Argonaut.
712 1512 773 1547 IV,
798 1521 866 1550 507.

225 1556 267 1580 Sic
281 1556 320 1580 ubi
328 1555 441 1588 praerupti
451 1556 526 1579 tonuit
538 1554 589 1580 crim
595 1555 660 1586 fort&
672 1555 751 1586 Vefivi

226 1589 343 1622 Hesperia
360 1590 454 1614 lethalis
466 1597 541 1621 apex,·
552 1590 593 1613 uix
604 1590 656 1613 dum
671 1590 740 1621 ignea
751 1596 850 1613 montem

225 1621 304 1654 Tor-fit
314 1623 396 1652 hiems,
413 1626 506 1656 jamque
516 1623 597 1648 AEoeas
611 1623 672 1648 cinis
690 1623 765 1648 induit
774 1623 848 1648 urbes.

192 1668 404 1709 Argonautica
439 1669 567 1708 quidem
597 1668 780 1707 Vespasiano
809 1667 866 1697 ins-

193 1708 291 1746 cripta
312 1707 418 1744 fuiffe,
435 1711 505 1739 c'um
530 1708 620 1738 Titus
645 1707 865 1746 Hierosolyma

193 1756 402 1788 expugnaret,
420 1756 538 1778 certum
559 1747 694 1778 videtur.
709 1748 804 1778 Forte
817 1755 864 1777 ta-

193 1796 267 1817 men
289 1797 355 1818 non
389 1787 508 1827 integre
538 1787 637 1817 statim
666 1786 758 1817 edita.
787 1788 863 1824 Quae

193 1826 282 1857 affert
312 1836 350 1857 ex
375 1826 452 1857 Silio
487 1826 598 1857 Italico
632 1825 750 1856 incerta
775 1825 863 1861 sunt,

191 1867 264 1896 cum
293 1866 360 1905 post
391 1866 528 1896 Neronis
563 1874 699 1896 mortem
731 1865 869 1896 carmina

192 1904 346 1944 scripserit
365 1905 500 1936 Italicus.
516 1905 596 1937 Vide
612 1907 651 1935 Su
676 1905 867 1950 plementum

190 1945 306 1975 Annal.
321 1946 392 1976 xvl
403 1967 412 1980 ‚
425 1948 475 1982 63.
491 1946 531 1976 At
547 1945 635 1984 quod
660 1955 722 1975 cire
731 1955 798 1975 non
813 1955 866 1983 po-

190 1985 253 2015 tuit
291 1983 342 2014 Cl.
372 1983 485 2014 Banier
503 2008 512 2021 ,
543 1985 578 2015 ὅ(
605 1984 868 2015 evidentiffimum

191 2024 233 2054 est
253 2031 469 2063 argumentum
481 2023 661 2063 antiquiora
676 2023 762 2054 fuifl'e
775 2023 870 2055 Vesu-

191 2063 238 2093 vii
255 2063 418 2098 incendia,
439 2063 556 2093 scilicet
571 2071 698 2102 repertae
718 2064 787 2094 sunt
808 2073 868 2093 nu-

192 2112 246 2141 pet
263 2102 297 2132 in
324 2101 448 2141 oppidis
468 2103 648 2134 Herculano
665 2104 699 2134 ὃς
712 2103 869 2141 Pompeiis

192 2141 251 2172 viae
268 2142 362 2172 stratae
380 2140 545 2180 pumicofis
562 2142 682 2177 scoriis,
701 2153 777 2182 quas
793 2143 866 2172 vul-

193 2183 233 2220 go
255 2181 386 2212 dicimus
405 2180 431 2209 la
447 2181 518 2217 lave.
539 2182 632 2212 Tales
652 2193 779 2221 quoque
799 2182 868 2212 sco-

905 1353 954 1383 bis
972 1351 1058 1391 regio
1077 1350 1175 1382 ferme
1189 1359 1257 1381 tota
1271 1350 1487 1390 conflagravit.

944 1396 959 1416 4
979 1393 1110 1421 lucauso
1129 1395 1140 1426 ]
1170 1393 1195 1419 A
1210 1390 1387 1421 Vitellianis
1402 1411 1411 1424 ‚
1435 1398 1469 1420 ut
1491 1388 1581 1420 dice-

905 1441 954 1464 tur
976 1430 1057 1460 infra
1076 1430 1150 1460 Hist.
1166 1430 1207 1459 111
1219 1450 1228 1463 ‚
1245 1434 1286 1468 67
1301 1431 1334 1461 ὃ(
1352 1440 1401 1469 71.

947 1476 954 1498 5
980 1471 1108 1504 MARE]
1141 1470 1177 1499 ln
1210 1470 1325 1500 Insulas
1356 1468 1453 1507 vulgo
1487 1466 1581 1506 ejefti

907 1510 1040 1541 exsules.

946 1552 959 1569 ⁶
978 1552 1113 1580 Scopuu
1127 1551 1136 1579 Ἰ
1152 1548 1217 1585 Qui
1248 1548 1386 1579 exsulum
1413 1545 1508 1586 magis
1529 1544 1582 1575 in-

907 1589 1049 1620 visorum
1081 1588 1214 1618 caedibus
1241 1588 1315 1627 saepe
1352 1587 1583 1617 inficiebantur.

945 1634 958 1654 7
990 1630 1192 1658 {mmmmm
1240 1637 1423 1658 ΡοτΕΝτιΑΜ
1451 1630 1462 1660 ]
1500 1625 1581 1654 Cum

906 1667 1108 1698 interioribus
1118 1666 1293 1706 Principum
1301 1665 1438 1697 consiliis
1451 1664 1582 1695 rebusve

906 1707 1163 1738 immiscerentur.

947 1746 958 1766 ⁸
983 1749 1072 1776 Omo
1104 1756 1142 1775 ετ
1167 1749 1339 1780 mumma]
1364 1746 1449 1774 Bene
1470 1742 1579 1772 illustr.

905 1786 1056 1822 Hueflus,
1072 1784 1148 1820 odio,
1167 1785 1253 1824 quod
1272 1785 1416 1815 adversus
1431 1782 1580 1813 dominos

906 1825 1119 1863 susceperant3
1138 1833 1256 1858 terrore,
1278 1834 1372 1864 quem
1393 1823 1531 1854 sciebant
1551 1821 1580 1851 se

906 1865 1044 1896 dominis
1066 1864 1244 1895 incuss‘uros.

947 1910 959 1928 ⁹
982 1906 1044 1935 PER
1073 1915 1188 1934 amcos
1213 1912 1354 1934 OPPRESSI
1384 1903 1396 1939 ]
1427 1902 1499 1931 Haec
1522 1910 1579 1943 pe-

905 1943 953 1974 stis
972 1968 980 1980 ‚
1016 1944 1189 1981 imperante
1209 1967 1217 1980 ,
1240 1942 1428 1973 Domitiano
1460 1939 1579 1979 potlffi-

906 1993 990 2014 mum
1004 1983 1128 2023 graffata
1144 1984 1184 2013 est
1196 2006 1203 2018 ‚
1220 1992 1313 2021 quam
1327 1980 1449 2020 penitus
1464 1978 1580 2022 sustulit

906 2024 1068 2061 Trajanus.
1090 2023 1166 2053 Inde
1191 2021 1307 2052 Plinius
1339 2021 1371 2050 in
1401 2021 1480 2050 Pane
1504 2028 1581 2058 yric.

907 2064 1004 2092 XL11.
1034 2060 1153 2091 Reddita
1182 2061 1216 2100 est
1245 2060 1342 2090 amicis
1358 2058 1455 2099 fides,
1499 2058 1582 2088 iberis

904 2102 1012 2139 pietas,
1028 2101 1290 2140 objequiumservis:
1315 2108 1458 2136 verentur,
1483 2097 1512 2127 Cr
1527 2107 1581 2133 Γα-

907 2151 987 2178 rent,
1014 2140 1043 2170 Cr
1067 2140 1189 2170 dominos
1206 2140 1318 2171 habent.
1344 2139 1408 2169 Non
1432 2137 1502 2167 enim
1522 2138 1581 2175 jam

899 2182 974 2220 servi
991 2180 1133 2217 Principis
1145 2179 1225 2220 nostri
1238 2179 1335 2216 amici,
1346 2178 1396 2219 βά
1409 2178 1578 2223 norsumus:

192 2220 243 2251 riae
268 2220 301 2251 in
319 2220 432 2250 aedium
458 2221 626 2260 parietibus
650 2222 786 2252 inventae
802 2241 810 2253 ‚
835 2229 870 2252 ut
907 2231 957 2250 nec
978 2230 1058 2257 pater
1078 2230 1178 2257 parrzae
1198 2219 1299 2249 aliems
1315 2219 1346 2258 se
1369 2226 1515 2254 mancipiis
1537 2226 1581 2244 ca-

190 2260 300 2291 videre
328 2260 368 2290 est
398 2260 479 2299 apud
514 2261 669 2291 eruditum
699 2261 867 2292 Winckel-

191 2309 288 2330 mann
299 2323 308 2337 ,
325 2298 476 2338 Lezrrefizr
495 2300 533 2329 les
548 2299 721 2330 ddcouverces
741 2300 869 2329 &Hercu-

193 2338 307 2375 lanmn,
328 2349 398 2378 pag.
416 2349 447 2376 13
464 2339 498 2370 &
515 2350 562 2377 14.

233 2382 243 2395 ²
267 2380 371 2409 Unus
398 2378 411 2415 ]
438 2380 521 2416 Quas
550 2378 630 2409 inter
657 2379 869 2410 Herculanum

909 2261 1022 2295 mrem,
1044 2263 1122 2299 qua'm
1141 2259 1246 2289 civibus
1262 2259 1339 2298 fitis,
1360 2257 1455 2287 credit.
1479 2256 1582 2285 Omnes

910 2300 1065 2338 accusatore
1079 2299 1214 2367 domcistico
1233 2298 1350 2337 liberasti
1371 2294 1583 2338 unoquefiil'utis

907 2339 1023 2376 publicae
1034 2339 1063 2378 fi
1083 2349 1116 2368 no
1131 2339 1139 2368 i
1153 2338 1198 2368 lud
1213 2339 1314 2378 (utstc
1334 2337 1447 2367 dixerim
1462 2336 1582 2378 >firi-'ile

910 2379 1005 2408 bellum
1015 2379 1048 2416 fit
1072 2377 1158 2417 ulisti,
1177 2378 1204 2407 ἱη
1229 2389 1278 2416 quo
1293 2388 1345 2407 mm
1372 2376 1559 2412 minus-ferris
1573 2395 1583 2408 ,

192 2417 226 2447 ὃ(
236 2417 397 2457 Pompeii,
416 2417 453 2448 de
469 2418 579 2458 quibus
592 2418 694 2457 plura,
706 2419 738 2449 in
751 2421 871 2459 Appen·
910 2421 988 2452 quam
1001 2417 1133 2454 domitus,
1144 2417 1307 2458 praestitisti:
1321 2417 1368 2447 izos
1379 2415 1585 2455 enimftcuros,

191 2455 261 2488 dice
275 2456 526 2498 chronologica.
547 2459 641 2488 Tom.
659 2459 711 2489 lv.

911 2453 972 2490 illos
990 2457 1072 2488 bonos
1080 2457 1181 2497 fecisti.

1609 328 1638 352 Α.
1650 329 1680 351 L‘.
1692 329 1721 352 C.

1631 375 1701 404 822.

1631 431 1654 455 J.
1666 432 1696 455 C.

1642 481 1694 515 69.
