2209 3047
601 223 687 263 540
784 204 1001 246 NOTAE
1059 200 1144 242 ET
1196 198 1791 246 EMENDATIONES

598 287 750 324 bantur,
780 280 840 316 sed
865 283 898 315 <Sc
921 278 1158 323 colebantur,
1180 281 1360 327 plerfilue‚
1389 288 1427 313 ut
1449 278 1571 315 scribit
1598 279 1773 325 Tacitus,
1804 283 1990 331 AEthz‘opum

596 335 716 381 prolem
741 330 837 366 visos
861 329 961 365 fuiffe
985 329 1138 366 Judaeos.
1163 330 1210 365 At
1232 342 1307 365 non
1332 327 1449 363 solum
1469 329 1622 373 Judaeis‚
1652 331 1776 368 verum
1800 332 1880 381 ipsis
1901 348 1991 383 quo.

601 396 669 431 qne
695 379 876 430 AEgyptiis
901 380 1117 416 recentiores
1138 379 1234 415 fuere
1266 378 1482 426 AEthiopes,
1515 391 1556 416 ut
1578 392 1666 428 pote
1691 381 1795 426 Lud‚
1823 384 1990 422 Mesraim

600 432 705 475 filio,
740 429 886 466 oriundi
914 443 923 466 ε
959 430 1059 480 quod
1090 428 1227 466 erudite
1260 428 1478 465 demonstrat
1510 431 1711 467 Bochartus
1741 459 1750 475 ‚
1787 434 1992 483 Geographia

598 483 697 518 Sacra
723 508 732 523 ‚
761 482 852 516 Part.
876 479 906 516 1.
929 479 1009 515 libr.
1033 479 1097 516 IV.
1127 492 1205 528 cap.
1242 480 1305 515 26.
1334 479 1480 516 Omitto
1503 508 1513 523 ,
1554 493 1633 530 quae
1661 481 1836 531 Josephus
1874 485 1989 533 Antiq.

599 533 674 567 Jud.
698 530 759 571 ΙΙ,
791 544 836 567 10
851 558 861 574 ‚
889 542 1084 568 memorat:
1101 530 1242 565 Morem
1257 557 1265 573 ‚
1283 528 1401 565 adhuc
1424 531 1591 577 juvenem
1606 559 1616 574 ‚
1644 531 1683 566 in
1701 533 1894 582 AEthiopia
1918 536 1991 572 bel-

597 581 704 624 lasse,
736 580 788 616 ibi
812 594 849 617 re
876 581 904 616 is
928 580 1143 627 AEthiopurn
1172 579 1254 615 filiae
1285 579 1457 629 nupsisse,
1486 583 1544 624 &‚
1575 591 1614 616 ut
1643 582 1775 619 volunt
1803 585 1960 621 Rabbini
1978 614 1991 631 ‚

598 630 793 679 imperass'e.
869 643 921 668 aec
950 629 1098 666 Judaica
1129 628 1196 665 fint
1226 641 1454 673 commenta,
1490 642 1625 666 certum
1654 631 1703 668 est
1729 632 1898 678 Judaeos,
1939 637 1990 674 ob

599 681 840 720 commercia,
870 679 1097 728 AEthiopiarn
1122 679 1317 728 antiquitus
1348 680 1492 724 adiisse,
1516 680 1639 729 ibique
1674 682 1850 731 plurimos
1875 685 1991 735 degis-

599 732 659 775 se,
690 731 878 779 adhucque
905 730 1058 779 degere,
1084 740 1124 765 ut
1154 729 1292 766 constat
1324 730 1506 766 viatorum
1535 731 1769 777 testimoniis,
1800 748 1879 784 quae
1904 736 1991 775 vide

599 781 698 830 apud
721 781 898 818 eruditum
921 779 1138 823 Ludolfum‚
1165 783 1341 816 Commeat.
1369 782 1546 827 AEzlziopz'c.
1572 781 1651 817 libr.
1675 782 1704 819 I.
1730 797 1826 821 num.
1855 798 1924 822 101
1955 790 1991 824 δε

598 831 694 881 seqq.
715 831 822 866 Error
841 830 884 866 de
902 829 966 866 illa
982 830 1196 879 AEthiopica
1216 831 1358 881 origine
1375 830 1460 867 inde
1478 830 1565 867 oriri
1585 831 1703 868 adhuc
1720 835 1842 882 potuit
1856 863 1865 879 ,
1890 837 1990 886 quod

599 881 733 918 Arabia
757 912 764 922 ‚
792 880 879 916 sicut
897 883 930 915 ὃς
952 880 1144 928 AEthiopia
1158 909 1168 925 ,
1198 884 1280 917 Chus
1304 892 1377 919 tvi:
1400 880 1588 918 diceretur.
1608 882 1723 919 Porro
1741 883 1825 920 αὐτη
1842 898 1885 922 ex
1902 887 1990 922 Ara-

599 930 659 967 bia
683 931 718 966 in
742 929 960 965 Palaestinam
982 930 1157 967 veniffent
1179 930 1293 968 Judaei
1311 959 1320 975 ‚
1350 931 1388 967 id
1412 933 1696 977 conjecturarum
1715 933 1838 970 inania
1862 934 1990 973 sedan-

598 981 692 1017 tibus
719 980 813 1016 fort‘e
840 979 954 1016 visum
978 979 1025 1016 est
1046 980 1127 1016 satis
1143 1009 1152 1023 ‚
1179 992 1220 1017 ut
1240 981 1419 1030 originem
1446 981 1696 1030 AEthiopicam
1726 983 1988 1034 confingerent.

652 1032 756 1067 SUNT
787 1042 853 1072 Qui
885 1042 1078 1068 TRADANT
1099 1034 1116 1077 ]
1142 1032 1239 1067 Bene
1257 1031 1373 1068 editio
1397 1030 1563 1080 princeps
1587 1034 1621 1068 &
1641 1034 1869 1073 recentiores
1890 1036 1994 1074 Male

596 1081 673 1118 Mss.
694 1080 794 1116 Harl.
820 1080 928 1116 Bodl.
953 1079 1019 1121 Jes.
1046 1080 1163 1117 Guelf.
1198 1084 1232 1116 &
1259 1080 1500 1124 Puteolanus,
1517 1082 1661 1119 tradunt.

652 1130 831 1166 Assvmos
861 1143 1065 1167 CONvENAs
1092 1134 1109 1176 ]
1138 1130 1242 1166 Nihil
1268 1131 1315 1167 est
1335 1132 1373 1167 in
1396 1132 1466 1167 hac
1492 1130 1630 1179 Assyria
1653 1132 1860 1171 Judaeorum
1883 1135 1991 1186 origi-

601 1192 665 1226 ne,
693 1180 1069 1231 quodrantiquitatem
1092 1184 1125 1218 &
1149 1182 1337 1219 veritatem
1361 1194 1439 1218 non
1463 1180 1638 1218 redoleat.

812 1271 914 1327 De
947 1272 1176 1352 Affyrici
1210 1271 1517 1328 Iudaeorum
1555 1273 1772 1350 origine⁰

648 1382 712 1420 UT
735 1395 856 1433 pateat
877 1385 955 1421 haec
971 1385 1095 1422 Taciti
1120 1387 1252 1430 verba,
1277 1387 1357 1422 Sunt
1383 1388 1436 1435 qui
1460 1386 1616 1429 tradant,
1647 1386 1788 1434 Aſjjvrios
1811 1399 1989 1432 convenas,

595 1434 740 1482 indigum
763 1449 912 1484 agrorum
932 1438 1111 1483 populum,
1139 1450 1232 1483 parte
1253 1437 1392 1485 AEgypti
1412 1439 1555 1482 potitos,
1588 1449 1665 1470 mox
1691 1438 1840 1482 proprias
1865 1438 1952 1472 urbes
1977 1464 1991 1480 ‚

596 1484 804 1533 Hebra’asque
828 1498 929 1520 terras
943 1513 952 1528 ‚
978 1487 1014 1520 Εἴ
1031 1489 1182 1532 propiora
1201 1487 1302 1534 Syriae
1321 1486 1461 1532 coluiffe‚
1486 1484 1684 1533 ipfiffimam
1698 1485 1764 1522 effe
1780 1485 1990 1524 Judaeorum

593 1533 830 1570 traditionem
845 1563 854 1578 ,
884 1547 925 1571 ea
942 1536 1065 1583 paucis
1078 1534 1270 1583 explanare
1289 1534 1430 1570 sufficit.

650 1584 785 1619 Abram
800 1613 808 1626 ‚
828 1585 939 1620 dictus
953 1584 1076 1633 postea
1093 1585 1279 1621 Abraham
1294 1612 1303 1627 ‚
1323 1597 1448 1631 parens
1465 1586 1660 1634 auctorque
1675 1583 1791 1633 gentis
1804 1583 1964 1621 Judaicae
1976 1611 1990 1630 ,

595 1635 739 1682 Aſjjrim
778 1634 847 1670 fuit
881 1649 1039 1677 convena,
1069 1635 1218 1684 egressus
1239 1634 1282 1671 de
1297 1634 1352 1670 Ur
1367 1634 1625 1670 Chaldaeomm
1645 1662 1654 1677 ,
1674 1633 1803 1670 Genes.
1824 1634 1899 1677 XI,
1927 1647 1990 1684 31.

597 1682 748 1733 Indigus
773 1697 941 1733 agrorum
963 1714 972 1729 ‚
999 1685 1161 1734 factaque
1186 1685 1300 1728 fame,
1321 1684 1507 1721 descendit
1528 1684 1566 1720 in
1586 1686 1786 1733 AEgyptum
1809 1712 1819 1727 ‚
1857 1684 1989 1722 Genes.

596 1731 666 1768 Xll
681 1762 689 1776 ,
716 1746 772 1770 12.
791 1735 869 1783 lpse
882 1763 891 1778 ,
909 1735 1053 1785 ejusque
1072 1735 1205 1784 posteri
1220 1735 1318 1770 Isaac
1330 1737 1363 1770 &
1375 1734 1489 1771 Jacob
1504 1763 1515 1778 ,
1532 1737 1653 1784 A2ffyri1'
1673 1747 1819 1783 quoque
1830 1748 1990 1779 convenae,

596 1795 750 1820 errantes
765 1784 885 1821 vixere
898 1813 907 1828 ‚
938 1785 1057 1822 donec
1071 1813 1079 1829 ,
1101 1786 1181 1821 orta
1195 1785 1314 1821 adhuc
1331 1784 1424 1821 fame
1438 1813 1448 1829 ‚
1471 1784 1587 1822 Jacob
1606 1784 1750 1834 ejusque
1773 1783 1840 1819 filii
1859 1796 1902 1821 ac
1921 1798 1989 1822 ne-

595 1845 700 1881 potes
721 1834 758 1869 in
770 1836 969 1885 AEgyptum
983 1863 993 1879 ‚
1018 1836 1082 1872 ubi
1097 1835 1230 1884 Joseph
1245 1863 1254 1879 ,
1278 1834 1370 1871 filius
1385 1834 1500 1871 Jacob
1519 1864 1530 1879 ,
1548 1834 1723 1871 secundus
1750 1846 1771 1869 a
1795 1846 1878 1884 rege
1904 1847 1990 1885 age-

596 1882 678 1926 bat,
692 1884 818 1920 iterum
836 1886 1119 1929 venere,Genes.
1136 1887 1219 1921 XLl
1233 1914 1241 1929 ,
1256 1898 1275 1932 5
1288 1897 1319 1935 5.
1337 1888 1370 1922 δε
1384 1884 1512 1928 XLVI,
1535 1898 1548 1922 1
1570 1888 1604 1921 &
1620 1884 1822 1934 seqq.Parte
1834 1886 1990 1933 AEgypti,

596 1943 727 1982 nempe
760 1936 852 1971 terra
874 1936 1000 1973 Gess'en
1023 1939 1056 1973 ὅ(
1082 1936 1256 1973 Ramesses
1285 1936 1324 1971 in
1355 1935 1526 1972 inferiore
1558 1936 1746 1984 AEgypto,
1764 1937 1862 1981 potiti
1884 1935 1989 1979 sunt,

596 1982 728 2022 Genes.
746 1984 880 2021 XLVII
894 2014 902 2028 ‚
919 1999 945 2033 4
960 1990 993 2023 ὃς
1012 2000 1027 2023 1
1041 1999 1070 2022 1.
1092 1988 1177 2022 Mox
1191 2018 1200 2030 ,
1227 1986 1390 2023 ducentis
1407 1985 1615 2035 quindecim
1643 1983 1722 2033 post
1742 1984 1844 2020 annis
1861 1997 1905 2020 ex
1920 1986 1989 2020 AE-

595 2044 714 2082 gypto
733 2036 852 2084 egressi
864 2064 872 2079 ,
892 2035 1009 2073 Exod.
1026 2038 1042 2073 I
1061 2040 1094 2073 &
1112 2036 1210 2087 seqq.
1224 2040 1371 2084 proprias
1390 2037 1477 2072 urbes
1493 2064 1503 2079 ,
1521 2035 1627 2071 urbes
1646 2034 1783 2071 scilicet
1796 2033 1989 2079 Chanaan,

594 2084 801 2133 szraeastque
825 2099 925 2121 terras
938 2115 947 2130 ‚
967 2089 1164 2134 &propiora
1182 2088 1282 2135 Syriae
1302 2088 1444 2130 coluere,
1471 2096 1512 2121 ut
1539 2084 1707 2122 omnibus
1734 2095 1960 2133 compertum
1974 2112 1988 2129 ‚

593 2131 742 2183 fuseque
771 2147 930 2172 narratur
956 2137 993 2173 in
1027 2137 1122 2173 libro
1147 2136 1266 2174 Josue.
1294 2136 1462 2173 Hebraeae
1497 2146 1614 2172 autem
1651 2134 1754 2171 distae
1777 2134 1858 2170 sunt
1884 2144 1988 2171 terrae

593 2181 641 2217 ab
657 2195 766 2223 ”inim
789 2197 906 2230 tannae,
935 2186 973 2223 id
1002 2187 1050 2224 est
1084 2189 1230 2224 Abramo
1255 2188 1387 2223 Hebraeo
1404 2217 1412 2230 ,
1446 2186 1576 2223 Genes.
1606 2184 1693 2220 XIV
1713 2212 1722 2228 ‚
1748 2197 1818 2233 13,
1842 2184 1988 2234 ejusque

593 2231 745 2280 posteris
764 2235 894 2281 pariter
911 2248 1045 2277 omnim
1062 2266 1069 2278 ‚
1099 2237 1158 2273 seu
1181 2238 1344 2281 Hebraeis,
1368 2236 1467 2284 quod
1486 2248 1576 2279 Ὃν,
1602 2234 1639 2270 id
1655 2234 1704 2271 est
1721 2247 1812 2271 trans
1827 2233 1987 2283 Euphra-

593 2291 667 2318 tem
692 2296 734 2319 ex
750 2284 885 2333 Affyria
903 2287 938 2321 in
957 2287 1020 2322 has
1034 2298 1141 2323 terras
1159 2287 1342 2324 venissent.
1368 2285 1504 2323 Omnia
1530 2298 1618 2335 ergo
1636 2285 1675 2321 in
1696 2285 1765 2321 hac
1788 2284 1986 2321 traditione

595 2344 679 2368 cum
701 2333 806 2369 sacris
821 2335 1009 2384 Scripturis
1027 2338 1191 2374 accurate
1215 2337 1455 2374 concordant.

649 2381 743 2418 Mox
778 2397 963 2422 PROPRlAs
988 2390 1004 2432 ]
1036 2387 1092 2422 Ita
1121 2387 1197 2424 ΜΠ.
1230 2387 1480 2439 editionesque
1508 2396 1647 2425 veteres
1674 2397 1717 2423 ac
1750 2384 1984 2424 recentiores-

594 2429 692 2470 Mal‘e
708 2432 924 2483 Rhenanus,
951 2450 986 2473 ac
1007 2449 1096 2473 mox.
