2230 3047
472 275 590 291 Ξ

476 304 507 328 A.
519 305 548 327 L'.
561 305 590 327 C.

497 352 569 379 822.

499 403 521 426 J.
537 402 566 425 C.

507 452 559 485 69.

623 180 700 216 108
882 175 930 215 C.
996 176 1385 219 CORNELII
1448 177 1738 220 TACITI

616 253 790 296 Accessit
812 269 950 296 recens
975 257 1165 298 auxilium
1183 288 1195 309 ,
1220 260 1347 299 Varus
1372 256 1582 312 Alphenus
1601 272 1692 298 cum
1706 258 1890 310 Batavis,
1909 258 1995 301 fusa

618 317 884 372 gladiatorum
905 334 1025 360 manu
1047 326 1055 342 ¹
1074 351 1086 371 ,
1107 336 1222 375 quam
1238 320 1403 360 navibus
1418 321 1678 360 transve&am
1693 350 1706 370 ‚
1726 321 1911 377 opposltae
1927 337 1996 364 co-

619 382 753 421 hortes
775 382 816 421 in
835 382 921 437 ipso
936 383 1100 424 flumine
1119 384 1426 424 trucidaverant.
1443 383 1504 424 Ita
1519 384 1687 424 vinitores
1707 383 1808 426 latus
1824 385 1995 425 hostium

617 444 777 484 inveffi.

682 506 852 549 XLIV.
885 509 955 549 ET
971 508 1100 551 media
1117 510 1200 551 acie
1218 508 1401 566 perrupta
1415 540 1428 561 ‚
1449 510 1586 565 fugere
1600 511 1732 567 passim
1749 511 1996 561 Othoniani,

617 568 856 611 Bebriacum
880 586 1072 628 petentes.
1104 573 1348 613 Immensum
1371 574 1410 614 id
1433 575 1621 630 spatium:
1654 574 1851 614 obstruetae
1873 575 1998 628 strage

618 647 835 688 corporum
865 636 956 675 viae:
982 638 1062 689 quo
1090 635 1177 690 plus
1207 636 1322 676 caedis
1344 636 1442 676 fuit:
1470 651 1598 691 neque
1626 638 1734 677 enim
1765 641 1778 658 ²
1811 635 1997 678 civilibus

616 693 734 736 bellis
746 726 759 746 ,
781 698 887 752 capti
907 699 947 736 in
963 698 1130 753 praedam
1150 712 1370 739 vertuntur.
1388 701 1603 740 Suetonius
1622 699 1825 740 Paullinus
1839 729 1851 749 ‚
1873 703 1912 740 &
1930 700 1999 739 Li-

616 758 749 798 cinius
766 759 959 800 Proculus
974 789 986 809 ‚
1007 760 1165 800 diversis
1183 761 1390 802 itineribus
1403 791 1416 811 ‚
1438 763 1559 803 castra
1575 764 1750 803 vitavere
1774 767 1801 803 ³.
1822 762 1998 803 Vedium

617 820 808 873 Aquilam
822 852 835 871 ,
861 823 1146 863 tertiaedecimae
1169 822 1340 877 legionis
1359 824 1535 879 legatum
1550 855 1562 875 ,
1590 827 1652 865 ira:
1670 825 1843 866 militum
1858 826 1999 865 incon-

619 882 745 923 sultus
767 899 891 938 pavor
913 884 1072 925 obtulit.
1099 884 1238 926 Multo
1263 887 1393 927 adhuc
1416 888 1480 928 die
1501 887 1653 928 vallum
1672 888 1862 942 ingressus
1875 917 1888 937 ,
1917 886 2000 927 cla-

618 960 731 985 more
751 946 1028 988 seditiosorum
1049 952 1089 988 &
1107 948 1311 1003 fugacium
1333 951 1689 1005 circumstrepitur:
1715 966 1798 991 non
1821 948 2002 1006 probris,

620 1022 705 1049 non
728 1009 908 1050 manibus
933 1009 1145 1051 abstinent:
1170 1028 1191 1048 «
1216 1011 1457 1052 desertorem
1480 1014 1804 1068 proditoremque
1824 1030 1845 1049 >2
1868 1014 2001 1053 incre-

620 1083 742 1126 pant;
770 1070 884 1112 nullo
911 1075 1074 1128 proprio
1103 1075 1270 1115 crimine
1307 1073 1416 1127 ejus,
1448 1076 1540 1125 sed,
1571 1090 1682 1116 more
1714 1075 1854 1130 vulgi,
1887 1075 2001 1114 suum

621 1133 786 1186 quisque
800 1134 996 1188 flagitium
1014 1135 1098 1177 aliis
1115 1136 1369 1188 objeecantes.
1385 1138 1591 1178 Titianum
1609 1143 1649 1179 ὃ(
1667 1138 1829 1178 Celsum
1845 1153 1928 1178 nox
1945 1136 2001 1189 ju-

620 1196 680 1236 vit
702 1201 719 1223 4
735 1225 748 1245 ‚
775 1196 968 1252 dispositis
986 1197 1066 1250 jam
1094 1199 1298 1250 excubiis,
1326 1202 1628 1256 compreffisque
1656 1201 1874 1250 militibus,
1902 1215 2000 1254 quos

619 1259 778 1299 Annius
813 1259 955 1301 Gallus
981 1262 1189 1316 precibus,
1216 1263 1411 1314 consilio,
1437 1265 1668 1305 aucioritate
1691 1265 1880 1314 flexerat,
1907 1280 1929 1299 «
1951 1277 2003 1304 ne

615 1337 642 1358 2>
653 1321 768 1376 super
791 1322 944 1363 cladem
966 1325 1135 1365 adversae
1155 1341 1320 1381 pugnae,
1343 1327 1506 1368 suismet
1519 1328 1589 1383 ipsi
1611 1327 1781 1368 caedibus
1798 1328 2000 1366 saevirent:

619 1384 730 1424 »five
751 1385 839 1425 finis
855 1385 966 1426 bello
985 1388 1150 1427 venisset
1163 1418 1175 1437 ‚
1196 1390 1264 1429 seu
1283 1389 1479 1429 resumere
1497 1405 1603 1430 arma
1624 1390 1789 1430 mallent
1802 1420 1815 1440 ‚
1835 1391 2002 1430 unicum

619 1447 764 1487 »vietis
778 1448 820 1487 in
834 1449 1029 1490 consensu
1044 1450 1315 1492 levamentum
1332 1469 1353 1488 >2
1365 1482 1373 1490 .
1393 1453 1546 1493 Ceteris
1562 1453 1702 1493 suffitus
1720 1455 1884 1493 animus.
1908 1453 2003 1492 Prae-

613 1510 799 1551 -torianus
819 1510 931 1552 miles
948 1541 961 1561 ‚
989 1530 1010 1549 (ε
1031 1528 1113 1553 non
1131 1515 1278 1554 virtute
1300 1515 1340 1555 se
1355 1545 1368 1565 ‚
1391 1515 1458 1555 sed
1475 1516 1703 1571 proditione
1719 1517 1866 1556 vicium
1887 1533 1907 1551 >2
1930 1515 2002 1555 fre-

619 1571 767 1612 mebat.
795 1590 817 1610 «
848 1575 916 1614 Ne
934 1575 1163 1617 Vitellianis
1191 1577 1351 1630 quidem
1372 1579 1621 1619 incruentam
1638 1578 1749 1619 fuiffe
1769 1579 1973 1619 victoriam
1986 1606 2002 1628 ,

620 1650 642 1671 »
654 1633 769 1689 pulso
783 1637 936 1689 equite,
952 1638 1063 1693 rapta
1075 1638 1248 1694 legionis
1262 1639 1392 1693 aquila
1408 1645 1438 1680 5:
1457 1641 1649 1697 superesse
1664 1657 1756 1682 cum
1771 1642 1857 1697 ipso
1872 1642 2002 1682 Otho-

618 1712 642 1734 »
653 1711 702 1737 ne
725 1697 899 1738 militum
919 1701 1027 1754 quod
1049 1715 1153 1743 trans
1176 1702 1325 1743 Padum
1346 1703 1487 1743 fuerit:
1515 1706 1650 1745 venire
1667 1705 1855 1746 Moeficas
1875 1703 2003 1758 legio-

619 1775 642 1796 >)
654 1774 743 1800 nes:
765 1776 949 1816 magnam
967 1766 1164 1806 exercitus
1182 1780 1333 1822 partem
1349 1765 1533 1808 Bebriaci
1553 1768 1794 1809 remansisse:
1818 1770 1891 1808 hos
1913 1781 1999 1808 cer-

619 1822 692 1862 »te
714 1824 893 1865 nondum
913 1827 1062 1873 νίξὶοες
1089 1832 1128 1868 &
1143 1858 1155 1878 ‚
1183 1829 1209 1867 sl
1231 1830 1285 1869 ita
1303 1829 1423 1870 ferret
1437 1859 1450 1879 ‚
1475 1832 1674 1871 honestius
1690 1832 1730 1870 in
1749 1832 1833 1872 acie
1854 1831 2004 1886 peritu-

622 1900 718 1926 »ros
743 1903 785 1927 ³).
806 1888 884 1929 His
905 1890 1218 1944 cogitationibus
1238 1906 1369 1933 truces
1391 1906 1456 1932 aut
1478 1894 1638 1948 pavidi,
1663 1892 1839 1935 extrema
1862 1893 2002 1948 despe-

621 1949 776 1990 ratione
801 1951 848 1991 ad
870 1953 967 1992 iram
989 1953 1123 2009 saepius
1136 1984 1150 2004 ,
1175 1954 1292 2008 quam
1313 1957 1355 1994 in
1378 1956 1632 1997 formidinem
1649 1986 1662 2006 ,
1689 1956 2001 1997 stimulabantur.

684 2011 828 2054 XLV.
863 2015 934 2054 AT
957 2015 1198 2058 Vitellianus
1222 2019 1418 2059 exercitus
1432 2049 1445 2069 ‚
1471 2019 1518 2059 ad
1540 2021 1722 2073 quintum
1753 2036 1774 2060 a
1802 2018 2000 2060 Bebriaco

662 2108 671 2122 ¹
696 2103 942 2136 Gramma-onum
964 2110 1078 2146 Meum]
1103 2110 1198 2148 Supra
1216 2110 1290 2142 Hist.
1369 2117 1378 2136 3
1405 2113 1533 2142 CASTRA
1552 2122 1719 2143 vrrAvtRE
1736 2113 1750 2149 ]
1771 2113 1922 2142 Furorem
1934 2111 1999 2142 rni-

621 2141 648 2171 n
662 2166 670 2178 2
689 2152 735 2181 35¹
1328 2149 1418 2180 litum
1439 2151 1530 2181 veriti
1545 2162 1551 2180 :
1571 2152 1711 2185 Ἐξὲκλικιγ
1726 2150 1856 2190 ᾠοζέρμοι
1871 2151 1917 2182 *tiss
1935 2165 1999 2189 592-

621 2218 629 2224 .
661 2186 673 2200 ²
697 2183 815 2225 NEQUE.
831 2194 906 2226 ems«
918 2185 931 2221 ]
944 2186 1020 2216 Inde
1031 2194 1079 2217 tot
1091 2188 1187 2218 caedes
1200 2211 1208 2222 ‚
1219 2190 1288 2218 cum
1327 2190 1428 2221 τιῶτας.
1446 2190 1596 2220 Plutarch.
1618 2191 1651 2220 in
1672 2190 1791 2221 Othon.
1806 2201 1873 2230 pag.
1892 2201 1980 2227 ¹072·

620 2230 655 2249 1n
676 2221 766 2250 bellis
789 2223 934 2253 civilibus
956 2226 1058 2255 nullus
1086 2226 1122 2256 fit
1148 2227 1289 2263 captivo—
1365 2233 1380 2251 ⁴
1410 2230 1542 2259 Cusum
1572 2240 1635 2259 uox
1660 2241 1755 2262 JUVIT
1779 2231 1792 2267 ]
1822 2229 1997 2260 Plutarchus

621 2269 689 2288 rum
702 2260 776 2289 usus.
796 2264 904 2298 Χρνζόίὶαι
923 2263 972 2298 ’γὰρ
988 2268 1030 2292 οῦκ
1051 2266 1087 2296 ‘ek-1
1109 2268 1160 2297 τοῖς
1179 2268 1289 2295 ἅλω-κο-
1327 2267 1414 2305 plura
1432 2269 1466 2298 ὃς
1489 2269 1627 2307 quaedam
1644 2269 1762 2298 diversa
1784 2277 1905 2303 narrat,
1927 2279 1997 2307 quae

617 2298 709 2334 μένοις.
738 2300 890 2330 Plutarch.
909 2301 941 2330 in
963 2295 1085 2334 'Othon.
1115 2316 1181 2343 pag.
1200 2316 1286 2342 ¹073·
1327 2306 1402 2336 vide
1425 2307 1458 2336 in
1486 2307 1580 2338 Notis
1605 2308 1639 2339 &
1659 2307 1939 2338 Emendationibus
1957 2307 1997 2337 ad

619 2338 782 2375 Ingentem
807 2341 881 2369 vero
901 2341 1046 2371 caesorum
1066 2343 1096 2372 in
1116 2344 1171 2373 hac
1188 2344 1287 2383 pugna
1331 2345 1406 2374 Hist.
1427 2347 1474 2378 11,
1490 2358 1541 2383 44.

618 2375 729 2445 strruem
765 2377 836 2409 vide
873 2380 954 2418 apud
985 2381 1182 2414 Plutarchum
1223 2384 1285 2414 loc.
1366 2385 1551 2455 ῐῷἓοιοωε
1565 2384 1871 2425 ΑρυιιΑ]Ῑ,ε8ἰοηὶς
1892 2385 1997 2417 unius-

617 2424 646 2445 (ι
664 2437 671 2446 .
1327 2430 1428 2455 etvrce
1453 2433 1520 2456 mae.

2031 839 2080 865 10

2033 1153 2080 1192 15

2028 1465 2083 1493 20
