2209 3047
620 185 708 229 264
887 175 935 217 C.
1002 170 1419 215 CORNELII
1483 171 1776 226 TACIT1

479 279 593 302 ἕ
614 256 770 298 telliani
794 255 992 296 exercitus
1016 253 1260 295 dubitavere.
1286 253 1468 307 Plerique
1493 270 1514 289 «
1539 253 1837 294 interficiendos
1862 270 1883 291 >›
1909 270 1996 297 cen.

478 316 590 341 Ape.
618 319 754 360 sebant
770 348 782 368 ,
810 335 832 356 ‹<
858 317 1065 369 turbidos,
1085 318 1252 367 infidos,
1276 318 1466 371 sanguine
1491 316 1640 356 ducum
1659 314 1839 372 pollutos
1864 333 1906 357 >›.
1927 319 1994 359 Vi-

500 367 571 398 8w3.

504 384 568 440 ch.
618 385 674 424 cit
699 383 801 423 ratio
828 381 1039 438 parcendi:
1068 398 1088 418 «
1115 396 1164 421 ne
1180 410 1192 431 ,
1218 379 1368 420 sublata
1390 380 1457 435 spe
1481 380 1604 419 venioe
1618 409 1631 430 ,
1657 380 1917 435 pertinaciam
1937 395 1996 420 ac-

509 470 561 498 70·
618 445 881 487 »cenderent.
902 443 1156 485 Alliciendos
1179 444 1309 499 potius
1337 444 1378 483 in
1400 443 1658 483 societatem:
1682 441 1823 496 legatis
1844 444 1995 482 tantum

614 508 857 564 »legionum
873 507 1106 557 interfeffis,
1128 519 1306 547 ceterum
1327 504 1492 560 vulgus,
1513 505 1761 546 conscientia
1778 504 1996 556 scelerum,

613 576 688 613 »&
711 572 778 627 spe
808 571 1080 627 impunitatis,
1108 568 1226 610 facile
1261 570 1504 610 accessurum
1534 586 1575 608 ».
1609 567 1666 608 Ea
1694 569 1811 624 primi
1844 568 1998 609 consilii

612 635 763 676 forma:
792 634 967 688 missique
991 648 1059 689 per
1083 631 1236 673 Gallias
1264 633 1491 673 concitores
1515 630 1624 672 belli.
1646 630 1886 672 Simulatum
1909 631 1998 687 ipsis

614 698 877 752 obsequium,
908 700 987 750 quo
1020 697 1284 736 incautiorem
1312 694 1513 738 Voculam
1552 701 1560 716 ¹
1599 696 1884 750 opprimerent.
1906 696 2000 735 Nee

615 762 798 811 defuere,
818 762 885 814 qui
903 758 1071 801 Voculae
1092 760 1333 799 nuntiarent.
1353 759 1432 799 Sed
1451 760 1553 799 vires
1573 758 1621 798 ad
1642 758 1921 800 coercendum.
1935 757 1999 797 de-

616 838 754 874 erant,
784 822 1099 877 infrequentibus
1132 822 1340 876 infidisque
1369 821 1610 876 legionibus.
1643 821 1751 861 Inter
1791 820 2000 874 ambiguos

616 887 789 936 milites,
819 890 860 926 &
894 885 1079 926 occultos
1111 886 1239 925 hostes
1257 915 1268 934 ,
1297 885 1495 941 optimum
1522 899 1542 924 e
1574 882 1827 940 praesentibus
1855 896 1960 923 ratus
1988 912 2002 934 ,

615 948 754 992 mutua
780 947 1085 989 diffimulatione
1103 977 1114 997 ,
1150 952 1188 988 ὃ(
1216 947 1354 988 iisdem
1375 977 1388 997 ,
1419 947 1559 1000 quibus
1591 945 1827 1002 petebatur,
1856 944 2002 986 artibus

617 1012 800 1068 grassari,
828 1013 867 1051 in
895 1010 1098 1052 coloniam
1139 1010 1477 1065 Agrippinensem
1505 1009 1723 1049 descendit.
1751 1007 1856 1049 Illuc
1879 1007 2002 1049 Clau-

618 1078 705 1117 dius
730 1074 895 1124 Labeo,
920 1088 1039 1127 quem
1064 1086 1227 1129 captum
1260 1077 1301 1113 ὃς
1329 1087 1439 1113 extra
1469 1084 1718 1113 conventum
1748 1072 2003 1112 amandatum

618 1141 659 1178 in
680 1138 822 1179 Frisios
851 1137 1022 1177 diximus
1052 1140 1096 1186 ²,
1130 1137 1326 1191 corruptis
1357 1134 1583 1177 custodibus
1612 1134 1806 1190 perfugit:
1840 1133 2001 1190 pollici-

617 1200 758 1254 tusque
771 1230 784 1251 ,
812 1217 835 1237 <c
857 1200 884 1238 fi
910 1199 1127 1255 praefidium
1155 1199 1339 1249 daretur,
1364 1200 1512 1239 iturum
1532 1199 1573 1237 in
1590 1198 1762 1238 Batavos
1778 1226 1792 1248 ,
1819 1201 1859 1238 ὃ(
1879 1199 2007 1253 potio-

618 1279 733 1304 »rem
752 1264 926 1304 civitatis
945 1276 1098 1319 partem
1118 1262 1166 1302 ad
1187 1261 1421 1302 societatem
1440 1262 1668 1302 Romanam
1687 1262 1944 1301 tetrafiturum
1964 1276 2004 1300 »z

620 1325 788 1382 accepta
810 1326 989 1382 peditum
1011 1327 1270 1379 equitumque
1294 1325 1454 1366 modica
1478 1340 1624 1374 manu,
1645 1322 1746 1363 nihil
1768 1323 1872 1379 apud
1894 1324 2006 1364 Bata-

620 1405 694 1431 vos
717 1390 830 1430 ausus
843 1419 856 1439 ,
878 1389 1068 1443 quosdam
1087 1389 1335 1428 Nerviorum
1356 1388 1679 1440 Betaslorumque
1706 1391 1714 1414 ³
1742 1388 1783 1425 in
1805 1401 1910 1427 arma
1930 1399 2007 1427 tra-

2033 839 2084 866 10

620 1454 693 1495 xit.
710 1451 761 1492 Et
777 1452 913 1492 furtim
934 1453 1080 1506 magis,
1100 1449 1217 1504 quam
1237 1449 1368 1501 bello,
1387 1450 1672 1491 Canninefates
1690 1449 1973 1502 Marsacosque
1989 1453 2007 1477 4
2035 1466 2091 1495 20

622 1515 861 1556 incursabat.
895 1513 1057 1557 Vocula
1078 1543 1091 1563 ,
1124 1511 1338 1554 Gallorum
1366 1513 1504 1555 fraude
1533 1512 1700 1553 inlectus
1720 1541 1734 1563 ,
1768 1512 1816 1553 ad
1854 1513 2008 1553 hostem

626 1579 850 1620 contendit.

688 1641 838 1683 LVII.
873 1642 980 1682 NEC
1003 1614 1145 1696 procul
1165 1639 1378 1683 Veteribus
1409 1644 1422 1672 5
1452 1637 1614 1690 aberat,
1642 1641 1733 1680 cum
1755 1637 1945 1679 Classicus
1968 1640 2010 1678 δε

624 1705 755 1745 Tutor
770 1734 782 1754 ,
812 1719 880 1760 per
901 1705 1076 1760 speciem
1096 1702 1334 1759 explorandi
1356 1703 1546 1760 praegressi
1562 1732 1574 1753 ,
1606 1717 1697 1743 cum
1719 1698 1887 1742 ducibus
1912 1702 2010 1742 Ger-

625 1782 836 1808 manorum
863 1769 971 1822 pacta
999 1768 1218 1808 firmavere.
1247 1768 1434 1820 Tumque
1461 1767 1631 1822 primiim
1656 1764 1815 1806 discreti
1841 1780 1861 1805 a
1883 1763 2010 1818 legio-
2037 1777 2092 1818 25
2138 1815 2140 1817 ‚

629 1829 743 1871 nibus
757 1861 769 1880 ,
789 1831 953 1886 proprio
971 1829 1079 1870 vallo
1104 1831 1223 1870 castra
1243 1831 1309 1870 sua
1331 1829 1583 1870 circumdant
1597 1859 1609 1879 ,
1636 1828 1856 1869 obtestante
1876 1827 2013 1867 Vocu-

627 1891 664 1933 la
680 1923 690 1942 ,
719 1911 739 1930 ι(
763 1895 862 1934 Non
883 1893 983 1933 adeo
1005 1892 1203 1933 turbatam
1230 1891 1415 1933 civilibus
1435 1893 1551 1932 armis
1579 1906 1661 1931 rem
1687 1892 1913 1932 Romanam
1931 1919 1942 1939 ,
1967 1903 2012 1930 ut

628 1957 844 1998 »Treveris
869 1957 990 1997 etiam
1009 1955 1341 2015 Lingonibusque
1372 1955 1571 2012 despeciui
1596 1954 1651 1995 s1t.
1679 1953 1885 2010 Superesse
1913 1952 2009 1994 fidas

670 2075 678 2090 ¹
703 2073 890 2107 VocurAM]
912 2072 960 2103 De
978 2082 1041 2112 quo
1062 2071 1149 2111 supra
1169 2081 1235 2111 cap.
1259 2079 1299 2110 25
1338 2070 1451 2102 fatibus
1474 2071 1559 2102 fuere
1583 2070 1794 2105 contermini,
1816 2070 1849 2101 ὅ(
1879 2070 2009 2099 Oceano
2066 2070 2081 2075 “’

628 2110 664 2142 &
678 2109 761 2149 seqq.
1340 2111 1484 2150 proximi.
1506 2113 1579 2141 Eam
1602 2109 1860 2149 septemtrionalis
1878 2109 2010 2139 Hollan-

668 2153 681 2168 ²
702 2149 846 2179 Dimmus
863 2154 874 2183 ]
895 2151 991 2188 Supra
1007 2160 1074 2190 cap.
1096 2153 1142 2181 18.
1340 2150 1395 2179 diae
1407 2174 1414 2186 ‚
1431 2148 1715 2184 laNord-I-Iollande,
1734 2157 1851 2188 partem
1867 2156 2011 2178 tenuere,

670 2193 680 2215 ³
705 2189 912 2219 NERVIORUM
926 2190 1214 2226 Bnmsmrzunquss]
1226 2190 1299 2219 Ner·
1340 2190 1393 2219 ubi
1412 2200 1492 2219 nunc
1511 2189 1625 2228 oppida
1648 2189 1777 2224 Ir'arlwn,
1797 2187 1930 2222 Alkmar,
1945 2187 2010 2216 &c-

630 2227 674 2259 vii
689 2248 698 2260 ,
717 2227 740 2256 le
759 2227 883 2259 Ηαῐηιιιι.
906 2228 1013 2258 Betasii
1028 2252 1036 2264 ‚
1050 2229 1072 2257 lc
1089 2229 1232 2267 &rabam
1246 2228 1299 2258 ubi
1339 2229 1520 2268 Veterisquc
1557 2228 1696 2258 nominis
1732 2226 1883 2258 memoria
1916 2225 2009 2255 exstat

629 2266 730 2298 adhuc
750 2266 837 2296 vicus
858 2266 941 2301 Rem,
963 2268 1035 2297 teste
1055 2268 1208 2298 Bucherio
1236 2268 1299 2296 Bel·
1339 2268 1438 2298 adhuc
1460 2268 1490 2297 in
1520 2266 1676 2305 Marfiiieſtr
1699 2267 1770 2297 teste
1800 2266 1849 2296 Cl.
1877 2264 1982 2302 Alting
1999 2286 2010 2299 ‚

626 2306 705 2349 giam
717 2305 885 2339 Romanum,
902 2316 968 2344 pag.
986 2309 1052 2343 184.
1068 2309 1102 2336 In
1120 2307 1217 2337 veteri
1232 2307 1297 2335 lns-
1339 2307 1430 2336 Notis.
1454 2306 1548 2336 Germ.
1566 2305 1620 2343 Inf.
1635 2316 1700 2345 pag.
1715 2316 1765 2343 93.
1779 2303 1924 2334 Meminit
1935 2312 2011 2342 quo-

631 2344 786 2382 criptione
810 2345 891 2382 apud
911 2346 1077 2374 Gruterum
1094 2369 1103 2382 ,
1130 2356 1197 2384 pag.
1220 2357 1298 2376 Dxx.
1340 2356 1402 2385 que
1427 2345 1627 2383 Marsaciorum
1649 2345 1782 2380 Plinius,
1796 2345 1865 2376 IV,
1892 2351 1935 2375 15.

630 2393 717 2417 nlmk
731 2394 761 2419 9·
779 2384 892 2415 CIVES
913 2384 1080 2413 BETASH.
1380 2390 1388 2411 5
1415 2385 1626 2421 Verunlssus]
1646 2383 1773 2420 Samen,
1794 2390 1827 2412 ut
1848 2382 1923 2420 saepe
1945 2379 2013 2413 dic-⁴,

670 2427 686 2447 4
705 2423 943 2460 MARsAcosqur.
960 2427 972 2459 ]
988 2422 1116 2455 Marsaci
1135 2422 1299 2455 Canninc-
1339 2430 1404 2455 turn
1421 2425 1471 2455 est.

1751 2463 1980 2521 provincias
1994 2491 2011 2515 ,
