2209 3047
596 221 680 269 562
780 209 999 251 NOTAE
1051 205 1136 246 ET
1172 202 1772 248 EMENDATIONES

595 288 724 326 christi
751 287 921 335 sanguine
947 284 1010 319 suo
1034 282 1227 319 firmavere.
1246 280 1339 318 Vide
1361 280 1515 316 Stemma
1533 280 1740 319 Flaviorum
1760 283 1797 319 in
1815 283 1924 321 NotiS
1942 289 1977 324 ὃς

591 335 912 376 Emendationibus
938 333 982 369 ad
1002 332 1096 368 Hist.
1119 333 1160 375 Ι,
1185 333 1247 379 46.
1277 343 1356 380 pag.
1385 334 1470 380 384.
1497 344 1593 367 num.
1624 345 1681 369 11.
1711 346 1770 369 12.
1794 346 1835 382 13
1859 337 1891 370 &
1917 348 1975 382 14·

590 390 755 437 Regnum
778 385 866 420 illud
881 413 890 428 ‚
919 394 959 419 ut
983 383 1074 419 nihil
1094 382 1239 418 humani
1261 381 1298 416 in
1317 383 1389 428 ejus
1413 382 1679 432 propagatione
1701 383 1766 419 effe
1791 384 1976 421 manifesto

591 438 793 478 videretur,
821 447 901 470 cum
928 434 1079 483 imperio
1117 434 1283 467 Romano
1308 435 1341 467 δε
1365 431 1492 468 exteris
1523 432 1782 481 principatibus
1808 433 1869 469 diu
1895 434 1974 470 luc-

589 498 702 523 tatum
727 485 785 522 est.
810 484 1012 527 Interfeffi,
1039 481 1278 520 excarnificati
1305 481 1385 517 sunt
1410 481 1541 518 Christi
1575 483 1715 520 milites.
1742 484 1793 519 At
1827 483 1974 520 tandem

590 536 711 575 orbis,
739 547 865 571 corum
891 534 1061 583 patientia
1084 533 1194 567 vietus
1211 560 1219 574 ‚
1247 531 1391 568 Christo
1417 532 1594 576 credidit3
1624 533 1898 583 exemplumque
1920 533 1974 569 ul-

588 597 645 621 tro
669 584 798 621 dedere
822 584 1003 632 Principes
1030 586 1063 618 &
1089 582 1337 630 Imperatores.
1361 582 1457 617 Tum
1480 583 1515 617 in
1539 582 1563 617 fi
1591 582 1643 618 nis
1667 583 1879 633 vexillisque
1903 584 1974 620 Ro-

587 634 700 670 manis
715 663 725 678 ‚
759 647 837 684 quae
864 645 921 671 tot
948 632 1079 668 abhinc
1096 632 1232 668 saeculis
1249 643 1288 668 ut
1307 632 1455 668 numina
1474 596 1699 669 habeffiantur
1714 661 1723 676 ,
1754 633 1974 682 resplenduit

587 684 720 720 Christi
744 697 875 721 nomen
893 711 901 725 ,
927 682 993 718 XP
1008 710 1017 725 ,
1046 682 1082 717 in
1108 694 1182 732 quo
1208 694 1288 718 spes
1314 685 1347 717 &
1373 694 1482 718 sALvs
1502 682 1763 719 AvGustorurn:
1782 694 1858 719 tum
1875 683 1912 718 in
1931 683 1974 720 iis

586 734 715 771 effulsit
738 734 813 783 ipsa
840 732 969 769 Christi
993 745 1102 775 crux,
1134 745 1215 767 cum
1241 731 1477 780 inscriptione
1504 745 1543 769 iN
1576 746 1656 769 HOC
1683 745 1796 769 SIGNO
1826 746 1973 770 vicroR

585 796 680 820 turs.
709 784 781 820 Adi
809 781 1035 819 Constantini
1062 782 1187 830 Magni
1211 785 1243 817 δε
1269 781 1474 818 Constantii
1499 795 1674 819 nummos.
1704 783 1815 819 Variis
1840 783 1972 820 deinde

585 833 718 884 linguis
750 837 784 869 &
815 832 1056 868 monumentis
1089 832 1284 868 celebratus
1315 831 1362 868 est
1387 844 1424 868 lc
1449 844 1495 867 xc
1527 844 1652 868 BAlee
1687 844 1814 870 BASILC
1851 836 1885 868 &
1916 833 1972 869 lhs

586 896 649 920 xps
675 896 747 919 mix
776 894 1049 918 REGNANTIVM.
1074 892 1114 918 ut
1137 883 1258 930 passim
1287 881 1413 918 videre
1439 881 1487 918 est
1512 881 1549 917 in
1577 883 1839 930 Imperatorum
1865 894 1971 917 num-

583 933 661 968 mis.
689 932 789 968 Idem
815 944 882 967 nos
906 944 1051 981 quoque
1074 932 1187 968 aureis
1212 931 1338 968 nostris
1364 930 1517 968 nummis
1536 932 1713 968 continuo
1736 932 1969 981 profitemur:

583 995 690 1018 ciffis.
718 994 833 1017 REGN.
861 994 964 1018 viuc.
990 994 1119 1017 IMPER.
1145 981 1183 1016 id
1208 980 1257 1017 est
1277 982 1416 1030 Chrzstus
1442 994 1574 1029 regnat,
1595 985 1718 1026 vincit,
1746 986 1890 1029 imperat.
1912 981 1971 1019 Sic

582 1032 696 1067 valuit
721 1032 874 1073 Oriens3
903 1034 936 1067 ὃς
971 1033 1068 1079 juxta
1093 1031 1256 1080 antiquas
1283 1031 1545 1080 Prophetarum
1582 1031 1699 1068 literas
1732 1031 1920 1068 fundatum
1949 1044 1971 1068 a

580 1081 701 1119 Judaezi
725 1081 889 1129 profeffls
908 1080 987 1117 Jesu
1005 1081 1136 1116 Christi
1163 1094 1330 1130 regnum,
1351 1082 1431 1129 quod
1456 1085 1488 1116 in
1509 1094 1659 1116 aeternum
1679 1095 1739 1117 non
1758 1082 1968 1129 diffipabitur.

635 1132 932 1167 Pan-:mmmm
959 1134 976 1176 ]
1005 1130 1059 1167 Ita
1085 1131 1197 1181 vulgo
1226 1131 1302 1167 Mff.
1331 1130 1548 1167 Puteolanus
1576 1135 1610 1168 &
1632 1131 1714 1167 libri
1738 1144 1862 1168 omnes
1888 1131 1971 1180 pos-

582 1191 635 1217 tea
661 1180 759 1216 editi.
788 1180 831 1216 In
860 1180 937 1216 Mss.
957 1180 1054 1216 Flor.
1075 1180 1163 1230 Reg.
1184 1184 1217 1217 &
1235 1180 1396 1218 editione
1415 1181 1580 1230 principe
1597 1213 1605 1225 ‚
1626 1182 1833 1228 praedixerat.
1853 1181 1970 1228 Quod

581 1229 723 1280 quidem
751 1230 930 1279 approbat
954 1230 1028 1267 Jac.
1055 1231 1276 1268 Gronovius.
1299 1233 1351 1268 At
1372 1231 1483 1281 magis
1503 1231 1644 1280 placet,
1667 1233 1913 1278 praedixeran15
1935 1234 1969 1268 ὅς

579 1292 621 1316 ex
646 1280 767 1316 Taciti
792 1281 868 1316 usu.

631 1330 930 1366 INTERPRETATI
959 1334 976 1376 ]
1001 1331 1098 1367 Mal‘e
1120 1330 1186 1368 Ms.
1204 1330 1270 1368 Jes.
1291 1334 1508 1378 interpretari.
1528 1331 1584 1368 Ita
1600 1341 1719 1369 tamen
1742 1332 1969 1370 emendatum

576 1378 687 1415 alterii
710 1392 817 1415 manu
839 1380 876 1415 in
900 1380 968 1416 Ms.
993 1380 1096 1416 Harl.

633 1429 770 1465 VIRILE
802 1442 849 1466 Ac
877 1441 1073 1466 MULIEBRE
1103 1442 1212 1466 sEcth
1240 1433 1257 1474 ]
1290 1427 1349 1463 Sic
1374 1430 1443 1466 Ms.
1470 1431 1568 1466 Flor.
1593 1432 1708 1479 primii
1733 1444 1865 1475 manu,
1892 1432 1966 1470 Jac.

576 1477 790 1515 Gronovius
813 1482 846 1515 ὅ(
872 1479 1113 1516 Recentiores.
1137 1479 1213 1514 Mss.
1239 1477 1358 1514 Vatic.
1386 1480 1482 1528 1863
1513 1484 1546 1516 ὃς
1575 1483 1687 1528 1958.
1719 1481 1821 1517 Harl.
1856 1481 1964 1518 Bodl.

574 1527 638 1564 Jes.
661 1531 694 1564 ὃς
720 1528 935 1565 Puteolanus
950 1556 960 1571 ‚
988 1531 1096 1564 virilis
1116 1541 1152 1562 ac
1175 1529 1336 1563 muliebris
1354 1529 1466 1574 sextis.
1488 1529 1531 1564 In
1554 1529 1619 1564 Ms.
1642 1529 1728 1578 Reg.
1749 1533 1783 1565 &
1804 1530 1967 1568 editione

577 1577 740 1626 principe
765 1578 947 1621 omissum,
966 1580 1091 1624 fimus,-
1121 1577 1170 1614 ob
1193 1578 1397 1627 sequentem
1424 1591 1576 1620 vocem,
1599 1578 1761 1624 sexcenta.

625 1627 828 1664 SEXCENTA
848 1640 984 1664 MrLLrA
1003 1632 1020 1674 ]
1040 1629 1094 1664 Ita
1113 1628 1188 1664 ΜΠ.
1205 1627 1302 1664 Flor.
1319 1628 1412 1664 Bud.
1431 1629 1519 1677 Agr.
1539 1627 1654 1665 editio
1672 1628 1856 1677 princeps,
1876 1629 1966 1667 Rhe-

574 1688 686 1712 nanus
717 1681 748 1714 &
774 1679 1002 1715 recentiores
1026 1678 1123 1715 Male
1145 1677 1382 1721 Puteolanus,
1403 1678 1558 1721 ducenta3
1585 1677 1679 1713 forte
1703 1679 1801 1727 quod
1826 1679 1864 1715 in
1887 1680 1965 1717 Mss.

577 1728 745 1774 repererit
770 1730 832 1763 dcta
848 1757 856 1771 ‚
883 1739 923 1764 ut
945 1728 1081 1765 habent
1108 1727 1185 1763 Mff.
1212 1727 1316 1764 Harl.
1335 1727 1441 1765 Bodl.
1463 1728 1531 1766 Jes.
1559 1727 1680 1764 Guelf.
1698 1729 1853 1764 Sexcenta
1875 1742 1967 1778 quo-

577 1788 645 1824 que
666 1777 774 1813 habet
799 1777 948 1814 Orosius
963 1806 972 1821 ‚
998 1778 1070 1814 VII
1085 1807 1094 1822 ‚
1119 1789 1141 1823 9
1158 1806 1168 1821 ,
1194 1791 1300 1827 quem
1321 1778 1406 1815 vide
1423 1778 1517 1815 inter
1539 1777 1763 1814 Testimonia
1784 1779 1966 1816 Veterum.

577 1827 751 1862 Nondum
781 1839 899 1864 tamen
929 1840 1113 1864 accuratus
1134 1827 1182 1864 est
1209 1827 1272 1864 ille
1301 1841 1477 1866 numerus.
1506 1827 1626 1871 Nam,
1658 1827 1743 1864 teste
1772 1827 1932 1877 Josepho
1956 1857 1966 1874 ,

579 1874 670 1911 intra
696 1890 831 1925 paucos
857 1877 1057 1914 obsidionis
1075 1877 1210 1914 menses
1227 1878 1321 1914 elata
1344 1878 1425 1914 sunt
1442 1879 1607 1915 sexcenta
1625 1877 1759 1921 millia,
1781 1879 1965 1924 600‚000‚

577 1925 669 1962 fame
694 1927 834 1975 pesteve
858 1930 1086 1971 medorum,
1114 1938 1269 1977 totoque
1295 1928 1436 1964 obfidio
1463 1928 1598 1977 periere
1620 1927 1790 1964 undecies
1814 1940 1965 1966 centena

575 1976 711 2019 millia,
738 1990 957 2021 1‚100,000.
978 1978 1071 2015 Vide
1089 1978 1134 2015 ad
1150 1978 1283 2014 librum
1304 1978 1545 2016 Historiarum
1566 1978 1622 2021 V,
1654 1989 1703 2026 34
1721 1983 1755 2014 δε
1772 1990 1835 2022 42.
1855 1978 1965 2017 Adde

578 2026 806 2073 captivorum
837 2028 1115 2065 multitudinem.
1138 2029 1232 2075 Quae
1263 2027 1287 2063 fi
1318 2028 1396 2077 quis
1431 2040 1595 2077 reputet,
1622 2027 1719 2063 haud
1754 2027 1965 2065 diffitebitur

576 2076 844 2114 multitudinem
868 2079 1086 2116 obsefforum
1104 2079 1227 2115 saltem
1247 2078 1346 2115 fuiffe
1370 2078 1567 2115 duodecies
1584 2088 1735 2114 centena
1750 2078 1873 2113 millia.
1906 2078 1965 2115 Ne

579 2135 699 2162 tamen
717 2126 937 2164 incredibilis
967 2129 1027 2165 hic
1052 2142 1215 2166 numerus
1233 2128 1299 2164 effe
1325 2128 1514 2172 videatur,
1543 2128 1587 2165 de
1612 2141 1657 2164 eo
1690 2127 1884 2163 distinstius
1907 2128 1965 2163 di·-

577 2175 749 2219 cendum,
782 2177 951 2228 fimulque
969 2180 1143 2229 quantum
1158 2178 1298 2216 Judaici
1322 2179 1503 2229 sanguinis
1520 2179 1595 2215 hoc
1617 2177 1716 2214 bello
1736 2177 1896 2213 haustum
1921 2177 1962 2215 fit

578 2225 832 2262 declarandum
855 2256 867 2272 ,
894 2240 933 2265 ut
957 2230 1064 2279 quam
1083 2229 1265 2268 horrenda
1288 2228 1396 2268 fuerit
1418 2229 1568 2269 Judaiea
1595 2227 1713 2265 clades
1750 2228 1955 2265 summatim

579 2285 710 2324 pateat.
