2209 3047
482 316 513 339 A.
526 317 593 339 uc.

504 363 574 390 822.

506 412 570 435 J1C.

511 461 563 493 69.

841 185 889 225 C.
955 181 1398 226 CORNELII
1462 179 1777 222 TACITI

621 265 698 322 gua
720 272 729 288 ¹
747 295 760 316 ,
785 266 934 305 virtute
948 294 960 314 ,
985 280 1054 320 par
1066 264 1245 305 Batavis:
1266 276 1432 303 numero
1446 261 1691 317 superantur.
1706 261 1812 302 Mox
1825 260 1998 305 occultis

621 330 795 378 nuntiis,
824 327 992 384 pellexit
1019 328 1250 368 Britannica
1283 323 1429 366 auxilia
1448 354 1461 374 ‚
1503 324 1746 365 Batavorum
1774 326 1960 366 cohortes
1982 354 1998 376 ,

619 393 746 432 missas
761 393 801 431 in
833 392 1090 432 Germaniam
1106 421 1119 441 ,
1142 403 1186 430 ut
1207 387 1319 443 supra
1346 386 1552 428 retulimus
1572 392 1586 409 ²
1601 417 1613 438 ,
1637 402 1684 428 ac
1707 401 1792 427 tum
1817 388 1998 442 Mogon-

619 457 716 496 tiaci
733 460 742 483 ³
764 468 938 509 agentes.
952 453 1046 495 Erat
1060 455 1099 493 in
1113 449 1464 500 Canninefatibus,
1482 450 1628 491 stolidae
1645 450 1816 490 audaciae
1826 450 1999 500 Brinno,

621 518 800 560 claritate
816 517 1008 558 natalium
1024 517 1180 570 insigni:
1197 527 1307 570 pater
1323 512 1406 565 ejus
1422 512 1548 554 multa
1565 513 1720 554 hostilia
1737 513 1869 562 ausus,
1888 512 2001 553 Caia-

621 596 761 622 narum
781 581 1083 636 expeditionum
1098 585 1116 607 4
1132 577 1347 617 ludibrium
1363 578 1415 615 im
1421 578 1526 632 pune
1543 577 1754 632 spreverat.
1771 576 1898 630 Igitur
1913 575 1999 630 ipso

621 643 781 686 rebellis
798 643 954 684 familia:
969 644 1104 683 omine
1120 640 1271 697 placuit
1283 669 1296 690 ,
1320 640 1602 695 impositusque
1618 640 1732 680 scuto
1745 668 1757 688 ,
1783 653 1893 678 more
1909 652 2004 693 gen-

620 709 671 749 tis
694 713 706 738 5
721 737 734 758 ,
758 711 797 747 ὅ(
813 707 1085 746 sustinentium
1103 704 1279 743 humeris
1295 702 1470 743 vibratus
1483 732 1496 752 ,
1524 703 1606 743 dux
1623 701 1823 756 deligitur.
1838 702 2003 742 Statim-

623 785 699 825 que
721 771 858 810 accitis
877 768 1005 811 Frisiis
1023 766 1039 788 ⁶
1056 770 1071 819 (
1086 767 1368 808 transrhenana
1384 780 1481 821 gens
1497 767 1574 816 est)
1590 765 1754 806 duarum
1771 765 2002 805 cohortium

623 833 788 874 hiberna
809 837 823 859 ⁷
837 862 850 882 ,
878 832 1060 887 proxima
1076 842 1301 886 occupatu,
1322 830 1494 869 Oceano
1524 829 1728 884 inrumpit.
1751 829 1843 868 Nec
1866 829 2003 882 praevi—

623 897 762 938 derant
777 898 972 950 impetum
988 895 1158 934 hostium
1173 892 1319 933 milites
1334 906 1344 939 3
1370 907 1445 932 nec
1459 921 1471 942 ,
1493 891 1518 930 sl
1533 891 1795 947 praevidiffent
1807 920 1819 939 ,
1842 890 1931 930 satis
1947 891 2007 930 vi-

623 961 725 1000 rium
741 959 788 999 ad
805 957 1021 998 arcendum
1039 969 1133 997 erat.
1150 956 1279 1011 Capta
1294 955 1415 1009 igitur
1430 958 1469 995 &
1489 954 1642 1010 direpta
1663 954 1802 994 castra:
1826 952 1918 992 dein
1937 968 2006 994 va-

624 1037 696 1077 gos
711 1052 724 1071 ,
748 1026 787 1062 &
805 1021 912 1076 pacis
929 1019 1050 1059 modo
1065 1019 1211 1059 effusos
1228 1017 1327 1057 lixas
1349 1014 1386 1067 3,
1409 1016 1758 1071 negotiatoresque
1773 1016 2005 1066 Romanos,

623 1085 831 1125 invadunt.
844 1081 974 1124 Simul
991 1082 1157 1123 excidiis
1174 1079 1426 1122 castellorum
1449 1078 1736 1125 imminebant3
1763 1093 1846 1132 quae
1865 1094 1886 1119 a
1909 1093 2005 1134 prae-

624 1148 734 1188 sec‘tis
753 1147 982 1188 cohortium
1010 1144 1171 1186 incensa
1190 1144 1279 1183 sunt
1291 1173 1304 1193 ,
1332 1144 1424 1196 quia
1451 1142 1611 1183 defendi
1632 1140 1861 1195 nequibant.
1883 1143 2007 1196 Signa

625 1209 880 1264 vexillaque,
909 1213 949 1249 ὃ(
977 1207 1085 1262 quod
1112 1206 1284 1247 militum
1297 1236 1310 1256 ,
1334 1207 1374 1246 in
1403 1206 1645 1261 superiorem
1663 1203 1797 1244 insulae
1818 1218 1970 1260 partem
1989 1209 2007 1234 9

626 1286 941 1328 congregantur,
959 1271 1061 1311 duce
1076 1269 1256 1324 Aquilio,
1277 1268 1511 1325 primipilari
1530 1273 1578 1318 ¹0,
1599 1282 1747 1309 nomen
1763 1269 1888 1322 magis
1902 1281 2011 1308 exer-

627 1335 871 1389 citiis,qu‘am
880 1334 1011 1375 robur.
1023 1335 1188 1389 Quippe
1196 1332 1344 1373 viribus
1356 1333 1584 1372 cohortium
1597 1330 1787 1380 abduffis,
1800 1329 2009 1381 Vitellius,

627 1414 649 1440 e
679 1399 871 1455 proximis
893 1398 1141 1439 Nerviorum
1159 1401 1188 1418 ¹¹
1220 1397 1593 1448 Germanorumque
1622 1398 1654 1416 ¹²
1683 1394 1794 1450 pagis
1806 1422 1821 1445 ,
1845 1394 2009 1448 segnem

627 1477 838 1502 numerum
862 1475 976 1502 armis
994 1472 1240 1500 oneraverat.

691 1525 821 1566 XVI.
856 1525 1047 1564 Clvles
1065 1521 1162 1563 dolo
1178 1521 1427 1576 grassandum
1442 1534 1568 1570 ratus,
1586 1519 1784 1561 incusavit
1797 1518 1904 1560 ultro
1921 1533 2011 1575 prae-

627 1588 750 1629 fefiios
763 1617 776 1638 ,
800 1604 821 1624 «
845 1587 953 1642 quod
971 1584 1128 1626 castella
1147 1584 1413 1625 deseruissent.
1429 1585 1480 1624 Se
1500 1598 1592 1624 cum
1610 1584 1779 1624 cohorte
1796 1612 1809 1633 ,
1832 1584 1898 1623 cui
1915 1597 2010 1638 prae-

628 1668 650 1689 >›
662 1664 764 1702 erat,
786 1648 1096 1691 Canninefatem
1108 1647 1326 1689 tumultum
1342 1646 1670 1703 compressurum:
1691 1644 1751 1686 illi
1764 1645 1831 1686 sua
1845 1646 2010 1700 quisque

625 203 709 238 232

630 1767 732 1798 Sanffl
746 1766 951 1798 willebrordi
972 1767 1154 1798 testamento
1176 1776 1298 1798 memo-

633 1816 736 1843 ratur,
768 1807 913 1837 observat
939 1807 1075 1837 eruditus
1109 1807 1297 1843 Bucherius,

631 1845 757 1885 Belgium
773 1845 940 1880 Romanum,
954 1856 1020 1886 pag.
1045 1848 1112 1883 183.

674 1891 682 1904 ¹
707 1887 859 1922 Lmoua]
885 1885 1015 1924 Origine
1035 1885 1070 1915 &
1099 1884 1204 1924 lingua
1229 1886 1300 1915 Cat-

632 1932 755 1958 τοι-ψῃ,
772 1934 805 1954 ut
823 1925 910 1962 supra
924 1934 987 1962 cap.
1007 1935 1053 1953 12.

674 1967 684 1980 ²
707 1965 807 1994 Suras
830 1964 1035 2000 RETULIMUS]
1054 1962 1126 2003 Hist.
1138 1965 1167 1993 Π
1180 1986 1188 1999 ,
1203 1966 1253 1998 69.
1267 1961 1300 1992 ὃς

633 2003 715 2046 forte
728 2002 777 2033 hic
789 2003 1019 2033 emendandum
1031 2026 1040 2040 ‚
1053 2001 1172 2041 remzffizs
1185 2003 1214 2031 in
1227 1999 1301 2029 Ger-

633 2051 764 2071 marnam.

672 2086 682 2107 3
707 2082 913 2112 Mor-‚omnm
928 2085 940 2116 ]
960 2081 1054 2110 Nunc
1070 2079 1215 2119 Mayence.

670 2125 686 2144 4
707 2121 902 2150 Cumanum
926 2130 1165 2150 mtrem-nonum
1185 2124 1195 2153 ]
1219 2121 1302 2157 Quas

635 2158 728 2190 Caius
750 2159 890 2196 Caligula
905 2160 1049 2189 adversus
1062 2160 1234 2189 Germanos
1249 2158 1303 2188 sus-

635 2206 783 2267 οιῑεῑιιῗεῐπεῐ.8
796 2197 877 2229 Vide
905 2199 1160 2237 Supplernentum
1191 2198 1301 2227 Annal.

637 2241 661 2269 V
718 2261 726 2273 ι,
747 2249 758 2275 3
786 2257 794 2266 ι

675 2282 683 2304 5
708 2277 805 2307 Mons
828 2285 936 2305 csxrrs
955 2277 968 2313 ]
993 2277 1065 2313 Quo
1092 2276 1195 2314 postea
1214 2285 1302 2306 more

634 2325 719 2354 reges
744 2315 876 2351 Franci,
905 2315 1021 2353 aliique
1041 2315 1153 2349 multi,
1176 2322 1210 2344 ut
1233 2325 1302 2345 orn-

634 2355 727 2385 nibus
749 2362 945 2393 compertum
957 2377 966 2390 ‚
989 2354 1112 2384 deleeti.
1128 2353 1208 2384 Vide
1222 2353 1302 2383 infra

635 2395 672 2425 dc
692 2394 833 2424 Moribus
853 2394 1081 2424 Germanorum
1103 2394 1185 2423 Vlll.

672 2435 684 2452 ⁶
705 2434 851 2472 Fmsns]
880 2431 969 2464 Frisii
997 2432 1153 2465 maritima
1181 2431 1301 2463 incole-

1337 1766 1415 1797 bant
1424 1764 1505 1795 inter
1512 1764 1614 1795 Rheni
1628 1764 1662 1795 ὃς
1672 1762 1802 1801 Amifiae,
1813 1762 1912 1798 I'Ems,
1924 1762 2011 1793 ostia.

1380 1811 1392 1831 ⁷
1415 1806 1615 1835 Conon-rrum
1644 1814 1782 1833 HIBERNA
1808 1805 1822 1841 ]
1862 1802 2007 1833 Creditur

1338 1844 1465 1875 hiberna
1501 1844 1554 1875 illa
1580 1843 1685 1879 fuisse,
1707 1843 1804 1878 loco,
1827 1842 1880 1881 qui
1924 1851 2009 1871 nunc

1339 1883 1452 1913 dicitur
1473 1882 1497 1912 Ie
1520 1883 1634 1911 chire-w
1658 1881 1690 1910 de
1715 1881 1842 1916 Βνὶττεη,
1866 1881 1903 1911 ad
1925 1880 2009 1910 Rhe-

1339 1923 1371 1952 ni
1399 1922 1519 1953 ostium.
1534 1924 1575 1952 At
1598 1922 1633 1951 in
1659 1923 1790 1951 Oceano
1810 1919 2008 1950 delitescunt.

1338 1962 1419 1992 Vide
1440 1962 1489 1992 Cl.
1508 1961 1656 1995 Sellium,
1671 1959 1786 1998 Histoire
1805 1958 1941 1988 Ge‘mfraie
1961 1958 2009 1987 des

1340 2000 1490 2029 provinces
1505 2000 1609 2038 Unies,
1622 2000 1750 2029 Tom.1.
1767 2008 1833 2037 pag.
1850 2002 1898 2028 16.
1913 1998 2010 2028 Tom-

1340 2042 1380 2070 11.
1398 2050 1465 2079 pag.
1481 2044 1531 2070 62.

1379 2079 1392 2098 ⁸
1415 2080 1517 2109 leas
1532 2079 1546 2117 ]
1561 2079 1609 2109 De
1624 2077 1695 2108 lixis
1711 2078 1825 2108 diffluxi
1836 2077 1924 2116 supra
1934 2074 2010 2106 Hist.

1341 2119 1372 2155 1,
1391 2129 1440 2156 49·

1383 2163 1395 2182 9
1419 2159 1451 2188 In
1472 2167 1676 2187 summoniti
1704 2167 1818 2186 rxsurae
1847 2164 1975 2185 PARTEM
1997 2157 2011 2188 ]

1341 2197 1383 2226 Ea
1400 2197 1440 2227 est
1455 2196 1591 2234 superior
1611 2196 1714 2226 insulae
1731 2206 1795 2234 pars
1808 2218 1817 2231 ‚
1841 2204 1907 2234 quae
1926 2202 2011 2224 nunc

1341 2235 1454 2266 dicitur
1471 2237 1586 2265 Betuwe
1598 2258 1607 2271 ,
1631 2244 1683 2265 aut
1705 2234 1815 2263 Beraw.

1364 2281 1391 2295 ¹0
1412 2277 1646 2309 Pnunrrmnr]
1672 2273 1774 2304 Primo
1799 2271 1996 2303 centurione.

1362 2320 1387 2333 ¹¹
1412 2316 1648 2350 Nenvmnuu]
1668 2314 1761 2343 Nunc
1781 2310 1805 2340 Ie
1823 2311 1948 2339 Hainau.

1361 2359 1387 2373 ¹¹·
1409 2353 1922 2390 GERMANORUMQus]Tungrorum
1933 2348 2011 2379 alio-

1340 2402 1471 2431 rumque
1484 2393 1713 2422 Germanorum
1725 2390 1912 2428 populorum
1924 2412 1932 2421 .
1957 2387 2013 2427 qui

1340 2441 1356 2462 e
1371 2430 1588 2463 Germania·in
1609 2430 1662 2462 has
1686 2440 1753 2461 oras
1771 2427 1962 2460 transierant.

1813 2471 2012 2512 »hiberna
2035 2491 2038 2493 ’

2035 837 2088 866 10

2039 1151 2093 1193 15²

2035 1472 2094 1500 20
