2230 3047
438 312 472 336 A.
485 313 512 335 U.
525 313 555 336 C.

461 357 532 385 822.

460 415 483 438 J.
496 413 525 437 C.

469 459 520 492 69.

587 189 645 230 54
836 175 884 215 G,
945 173 1371 217 CORNELII
1425 173 1738 216 TACITI

580 261 652 298 »δε
673 254 830 296 hostilia
856 261 892 294 ¹:
919 255 959 297 se
982 254 1191 298 coloniam
1212 257 1442 298 Romanam
1457 283 1470 304 ‚
1499 258 1539 295 &
1561 268 1714 310 partem
1733 256 1930 298 exercitus
1952 285 1969 308 ,

579 338 599 358 ))
612 325 651 361 ὅ(
672 319 950 376 prosperarum
973 319 1305 374 adversarumque
1321 333 1453 359 rerum
1472 316 1603 359 socios
1620 335 1628 357 ε
1650 317 1677 356 sl
1694 318 1854 360 fortuna
1875 334 1969 361 con-

578 381 668 424 »ει-ὲ
689 383 799 423 daret
821 386 835 403 ²
848 413 863 433 ,
886 383 995 424 iratis
1020 398 1069 424 ne
1092 382 1411 438 relinquerentur
1436 399 1477 419 n.

640 445 813 487 LXVI.
847 447 940 487 H1s
963 450 1003 486 ὃ(
1021 445 1200 502 pluribus
1228 448 1268 486 in
1288 444 1472 486 eumdem
1490 444 1658 484 modum
1688 444 1966 500 perpulerant,

576 523 621 550 ut
642 524 694 550 ne
712 508 833 564 legati
853 509 1014 564 quidem
1026 539 1039 559 ‚
1067 525 1114 550 ac
1131 509 1252 550 duces
1270 509 1462 565 partium,
1486 507 1676 562 restingui
1693 507 1799 564 posse
1814 506 1967 548 iracu‘n-

578 573 685 613 diam
703 574 900 614 exercitus
923 572 1227 613 arbitrarentur:
1257 575 1347 613 cum
1368 571 1473 612 haud
1500 572 1631 626 ignari
1653 571 1891 612 discriminis
1907 571 1965 610 sui

577 636 826 678 Viennenses
840 667 852 687 ,
868 634 1095 677 velamenta
1112 639 1151 676 &
1167 634 1312 675 infulas
1330 640 1341 663 ³
1360 635 1610 690 praeferentes
1629 663 1640 684 ‚
1664 633 1732 674 ubi
1750 648 1893 689 agmen
1909 634 1966 674 in-

579 699 772 750 cefferat,
799 715 928 749 arma,
955 714 1085 753 genua
1102 728 1114 748 ,
1142 699 1305 753 vestigia
1328 697 1578 754 prensando,
1610 698 1760 737 flexere
1789 696 1967 739 militum

577 764 746 804 animos.
759 763 927 803 Addidit
941 760 1090 803 Valens
1109 775 1293 802 trecenos
1314 767 1332 789 4
1354 759 1515 815 singulis
1532 759 1724 801 militibus
1741 762 1965 804 sestercios:

579 840 666 867 tum
687 827 855 867 vetustas
875 825 1123 880 dignitasque
1148 823 1316 866 coloniae
1336 828 1348 855 5
1366 823 1518 874 valuit,
1540 827 1580 864 &
1600 822 1720 864 verba
1741 823 1883 875 Fabii,
1905 824 1965 865 sa-

577 888 706 931 lutem
736 887 1137 942 incolumitatemque
1164 887 1451 929 Viennensium
1476 887 1822 938 commendantis,
1846 889 1967 942 aequis

579 952 737 994 auribus
764 965 951 1008 accepta:
979 951 1141 1007 publice
1163 964 1299 993 tamen
1322 952 1438 991 armis
1461 949 1640 990 niulCtati
1663 949 1707 1000 ⁶,
1736 951 1899 1006 privatis
1925 954 1968 991 &

579 1015 814 1072 promiscuis
835 1016 961 1070 copiis
983 1019 1024 1064 7,
1052 1013 1188 1066 juvere
1208 1013 1392 1054 militem.
1413 1013 1494 1054 Sed
1516 1013 1620 1053 fama
1645 1015 1827 1054 constans
1849 1014 1926 1054 fuit
1952 1042 1967 1064 ,

587 1096 609 1115 «
628 1079 759 1134 ipsum
777 1076 994 1118 Valentem
1015 1074 1159 1132 magna
1174 1074 1344 1132 pecunia
1361 1090 1538 1132 emptum
1556 1093 1576 1112 >³
1589 1106 1597 1114 .
1613 1076 1650 1116 Is
1669 1076 1737 1116 diu
1757 1076 1937 1117 sordidus
1951 1106 1964 1126 ,

581 1142 746 1197 repente
760 1140 891 1191 dives,
906 1142 1171 1182 mutationem
1184 1139 1351 1180 fortunae
1365 1139 1468 1181 male
1478 1138 1640 1194 tegebat
1648 1169 1660 1188 ‚
1679 1140 1850 1180 accensis
1861 1139 1968 1194 eges-

582 1218 664 1246 tate
682 1201 806 1258 longa
825 1203 1078 1260 cupidinibus
1092 1233 1106 1254 ,
1125 1203 1431 1253 immoderatus,
1454 1207 1494 1243 ὅ(
1510 1203 1623 1258 inopi
1636 1200 1825 1254 juventa,
1844 1202 1967 1244 senex

582 1268 785 1324 prodigus.
813 1267 946 1308 Lento
973 1266 1117 1308 deinde
1149 1268 1336 1321 agmine,
1368 1281 1436 1322 per
1471 1266 1569 1306 fines
1591 1264 1865 1320 Allobrogum
1887 1263 1901 1288 ⁸
1926 1270 1969 1307 ὅ(

583 1332 887 1373 Vocontiorum
910 1335 926 1359 9
951 1330 1087 1370 duetus
1109 1331 1329 1371 exercitus:
1358 1329 1440 1385 ipsa
1459 1330 1648 1370 itinerum
1665 1328 1789 1384 spatia
1803 1360 1816 1379 ,
1838 1334 1882 1370 &-
1898 1331 1970 1370 sta-

583 1395 759 1435 tivorum
774 1395 1015 1434 mutationes
1031 1393 1262 1435 venditante
1279 1393 1381 1433 duce
1394 1423 1407 1442 ,
1429 1392 1547 1433 foedis
1564 1391 1810 1447 paffionibus
1828 1393 1969 1433 adver-

584 1460 646 1498 sus
667 1457 895 1513 possessores
913 1471 1098 1511 agrorum
1111 1486 1123 1507 ‚
1146 1460 1187 1497 ὃς
1200 1456 1445 1511 magistratus
1463 1457 1671 1497 civitatum
1686 1485 1700 1506 ‚
1722 1455 1822 1496 adeo
1840 1457 1967 1496 mina-

628 1571 636 1584 ¹
663 1567 793 1596 Cuncra
816 1575 899 1596 iure
922 1575 1068 1596 EXTERNA
1090 1575 1128 1595 m·
1149 1575 1256 1597 nosn-

588 1609 668 1640 ιη]
699 1606 749 1635 Ob
776 1612 875 1643 partes
903 1605 1030 1641 Galbae,
1061 1615 1133 1644 quas
1160 1603 1254 1634 secuti

586 1652 674 1676 erant
684 1644 885 1675 Viennenses.
901 1643 1054 1683 Alioquin
1066 1644 1187 1675 Vienna
1196 1643 1256 1674 fuit

1294 1564 1359 1594 lens
1371 1585 1379 1599 ,
1395 1572 1430 1595 ut
1444 1564 1582 1595 vidimus
1600 1564 1686 1603 supra
1713 1574 1781 1603 cap.
1801 1567 1835 1595 61
1855 1563 1890 1595 ὅ(
1904 1567 1944 1602 64
1956 1588 1968 1602 ‚

1295 1603 1497 1643 quadraginta
1516 1603 1682 1634 hominurn
1701 1603 1841 1634 millibus
1861 1603 1967 1643 legio-

1294 1653 1368 1673 nem
1386 1643 1528 1674 Italicam
1551 1643 1585 1673 &
1603 1642 1683 1673 alam
1698 1643 1867 1673 Taurinam
1880 1643 1966 1674 addi-

587 1694 715 1724 quoque
745 1683 874 1714 colcnia
893 1684 1052 1718 Romana,
1072 1684 1106 1714 ὅτ
1131 1683 1255 1723 Lugdvi-
1295 1682 1400 1719 differ,
1421 1682 1612 1713 Viennenses
1625 1682 1745 1713 solvere
1762 1682 1889 1713 Gallicae
1899 1693 1967 1713 mo-

587 1722 673 1754 nens!
699 1722 828 1753 colonia
847 1722 1016 1762 antiquior.
1035 1723 1070 1752 Id
1084 1731 1189 1754 tamen
1201 1723 1257 1752 dis-
1294 1730 1373 1752 netae
1401 1721 1493 1752 libras
1523 1721 1646 1752 circiter
1680 1732 1859 1760 2,733‚000.
1888 1723 1967 1752 Prae-

587 1762 726 1794 criminis
750 1762 785 1792 in
812 1762 942 1802 utraque
965 1762 1095 1792 colonia
1117 1761 1196 1797 suit,
1222 1770 1256 1792 ut
1294 1761 1448 1800 tereaipse
1458 1761 1570 1792 Valens
1579 1760 1677 1791 multa
1687 1760 1820 1798 pecunia
1835 1769 1966 1800 emptus.

589 1802 732 1833 observat
754 1801 890 1832 eruditus
908 1803 1060 1840 Lacarry,
1075 1801 1193 1840 Historia
1208 1811 1255 1830 co-
1336 1806 1344 1826 5
1369 1803 1531 1832 Varusrfxs
1554 1810 1765 1836 monn-asotia
1794 1805 1966 1835 commin]

581 1841 739 1878 zoninum,
762 1851 829 1880 pag.
848 1851 905 1877 192
918 1862 927 1876 ‚
952 1841 1038 1880 quod
1066 1841 1256 1880 Lugdunum
1296 1841 1399 1877 Quam
1419 1839 1567 1870 Claudius
1587 1841 1760 1879 Imperator
1775 1838 1968 1878 ornatiffimam

588 1881 717 1911 colonia
741 1880 835 1911 fuerit
857 1880 992 1911 Romani
1017 1880 1110 1918 juris,
1133 1881 1256 1911 Vienna
1295 1879 1549 1919 valenrifflmamque
1569 1878 1762 1918 Viennensium
1784 1878 1917 1908 coloniam
1933 1880 1967 1909 in

588 1920 700 1950 Italici.
722 1920 772 1949 Sic
794 1919 917 1950 tollitur
934 1920 1114 1956 difficultas,
1139 1919 1173 1949 in
1197 1919 1257 1959 qua
1297 1919 1442 1949 oratione
1457 1918 1508 1949 sua
1521 1919 1700 1958 appellavit.
1714 1918 1793 1949 Vide
1804 1918 1883 1949 hanc
1899 1928 1968 1949 ora-

587 1959 698 1990 haesere
722 1959 806 1989 docti
828 1958 886 1988 viri
905 1959 1071 1998 Lipsius&
1087 1960 1124 1990 de
1143 1961 1256 1990 Marca.
1296 1958 1418 1989 tionem
1444 1958 1477 1989 in
1501 1958 1595 1989 Notis
1620 1959 1654 1989 ὃ(
1682 1957 1967 1989 Emendationibus

627 2004 640 2018 ²
663 2000 795 2029 Conna
817 2008 924 2028 DARET
942 2002 954 2033 ]
983 1998 1015 2028 Si
1048 1997 1176 2029 fortuna
1205 1999 1257 2029 ad-
1296 1998 1335 2028 ad
1355 1999 1465 2028 Annal.
1486 1999 1545 2033 XI,
1561 2009 1612 2035 24.

589 2037 675 2068 versa
700 2037 791 2073 esset,
809 2047 850 2068 ne
864 2036 1094 2068 Viennensibus
1111 2038 1195 2068 iratis
1207 2049 1257 2068 re-
1336 2037 1349 2056 ⁶
1372 2039 1474 2067 Aruns
1498 2047 1661 2067 mmm-ur
1676 2037 1691 2073 ]
1709 2036 1778 2066 Juffi
1799 2036 1867 2066 sunt
1884 2046 1968 2067 arma

591 2078 816 2116 linquerentur.
843 2078 911 2106 Jam
935 2077 1051 2107 dicium
1075 2077 1163 2116 supra
1198 2078 1281 2107 Axi-¹
1299 2076 1434 2115 deferre,
1449 2086 1482 2107 ut
1492 2077 1530 2107 de
1547 2076 1654 2106 AEduis
1667 2075 1782 2107 dictum
1802 2076 1889 2115 supra
1901 2086 1969 2115 cap.

591 2116 652 2147 nal.
674 2118 754 2152 XV,
780 2126 824 2153 13.
854 2115 992 2156 Quotiens
1014 2115 1131 2154 fortuna
1165 2107 1280 2146 contra*¹
1299 2120 1350 2153 64.

591 2156 680 2185 darer.
1289 2170 1292 2171 ⁷
1338 2161 1350 2180 7
1371 2156 1558 2186 Pnomscms
1582 2154 1710 2191 copus]
1740 2156 1852 2185 Juvere
1878 2153 1967 2183 mili-

633 2201 642 2221 3
673 2197 872 2225 VELAMENTA
905 2205 943 2224 ετ
978 2205 1104 2225 mrums
1135 2196 1150 2232 ]
1183 2196 1260 2232 Quae
1299 2203 1364 2225 tem
1376 2205 1440 2225 non
1454 2197 1574 2225 tanturn
1586 2193 1713 2233 privatis
1722 2194 1966 2229 commeatibus,

592 2241 679 2265 erant
701 2233 871 2271 supplicum
899 2233 1039 2273 infignia.
1055 2235 1104 2265 Sic
1118 2234 1199 2273 apud
1211 2234 1261 2264 Li·
1299 2233 1350 2265 sed
1364 2234 1545 2273 promiscuis
1557 2244 1700 2274 quoque;
1711 2233 1743 2263 id
1755 2233 1858 2271 est,ad
1870 2233 1967 2264 totius

592 2275 680 2304 vium
702 2274 823 2309 XXIV,
848 2284 901 2311 30,
926 2283 1016 2302 ramos
1036 2273 1100 2302 cleae
1120 2284 1153 2302 ac
1183 2272 1260 2302 vela·
1300 2273 1453 2304 exercitus
1468 2274 1553 2304 usum
1575 2272 1722 2312 sepositis.

592 2323 683 2342 menta
712 2312 769 2341 alia
779 2313 930 2351 fiapplicum
949 2313 1138 2351 porrigentes,
1160 2323 1258 2350 orare,
1338 2313 1350 2332 ⁸
1372 2315 1590 2344 ALLOBROGUM
1610 2317 1623 2348 ]
1648 2312 1781 2342 Allobro
1805 2321 1834 2341 es
1850 2333 1859 2346 ‚
1882 2320 1966 2341 nunc

592 2362 622 2381 ut
642 2351 792 2388 reciperent
802 2352 888 2391 sese,
906 2353 1069 2391 receprofique
1092 2361 1258 2381 tutarentur.
1295 2352 1386 2388 partie
1400 2351 1434 2380 du
1456 2352 1610 2389 Dauplzine‘
1629 2350 1658 2380 ὓ·
1683 2350 1714 2380 de
1727 2350 1754 2379 la
1800 2351 1886 2379 avoie.

627 2396 642 2414 ⁴
662 2392 827 2422 Tnecrnos
851 2395 863 2426 ]
892 2391 1051 2422 Trecenos
1081 2391 1232 2422 sestertios
1250 2415 1258 2427 ,
1337 2397 1350 2415 9
1369 2394 1607 2422 Vocon-nonum
1628 2392 1642 2427 ]
1673 2390 1826 2421 Vocontii
1844 2413 1854 2427 ‚
1883 2398 1967 2420 nunc

591 2426 717 2463 Gallicae
730 2438 866 2462 monetae
878 2430 971 2462 libras
985 2433 1035 2471 58.
1058 2432 1099 2462 At
1111 2433 1181 2462 cum
1193 2433 1257 2462 Va·
1297 2430 1337 2460 les
1352 2430 1467 2470 dioceses
1481 2430 1514 2460 de
1532 2430 1563 2463 V
1561 2430 1635 2471 afim
1653 2428 1683 2460 C*
1699 2428 1731 2459 de
1743 2428 1813 2460 Die.

2001 820 2074 861 10'

1996 1462 2053 1490 20
