2209 3047
343 182 425 225 AD
453 184 678 227 LIBRUM
704 184 758 226 II.
784 182 929 227 HIST.
957 185 1004 226 C.
1034 186 1213 229 CORN.
1240 187 1448 231 TACITI.
1513 204 1598 241 441

206 269 326 298 tamen
350 262 492 299 videtur
515 263 680 300 Rhenani
705 261 923 299 emendatio.
954 260 1065 298 Favet
1087 264 1278 301 Suetonius
1300 265 1337 300 in
1361 266 1506 315 Vespas.
1532 267 1598 303 VI.

204 313 308 346 Simul
338 326 446 347 rumor
473 313 658 359 diffipatus,
686 313 843 361 dtstinaffi
874 312 1041 348 Vitellium
1077 316 1228 349 savorem
1250 328 1433 361 permutare
1466 318 1597 352 hiberna

204 362 388 409 legionum,
413 363 449 397 θ’
475 363 683 398 Germanicas
702 364 874 409 transferre
889 365 923 397 in
938 361 1101 397 Orientem
1128 364 1169 397 ad
1185 366 1375 410 securiorem
1403 368 1599 404 molliorem-

204 424 262 459 que
288 413 452 446 militiam.
479 411 602 448 Passim
625 413 700 460 ipse
724 412 875 447 Tacitus
900 411 1086 460 legionum
1112 411 1263 450 hiberna
1288 426 1474 453 memorat.

251 461 556 498 DILIGEBANTUR
588 467 604 510 ]
634 462 734 498 Male
756 461 974 506 Rhenanus,
1002 463 1233 511 dirigebantur.

256 561 362 600 CAP.
392 563 557 600 LXXXI.
585 563 709 600 HAUD
738 574 977 599 SPERNENDIS
1006 575 1153 601 vmtssus
1180 568 1198 610 ]
1237 563 1334 600 Bene
1371 566 1434 603 Ms.
1477 569 1591 606 Corb.

200 609 317 649 editio
340 614 508 663 princeps
537 617 571 650 &
595 612 824 650 recentiores.
855 613 897 649 In
928 614 1005 650 Mff.
1029 614 1132 651 Harl.
1155 613 1220 651 Jes.
1245 613 1365 651 Guelf.
1391 619 1423 652 δε
1458 620 1591 656 Puteo-

201 660 326 706 lanus,
351 678 419 698 cum
445 666 578 700 viribus.
603 662 669 698 Ms.
692 661 758 698 Jes.
774 664 979 709 spernazdus.

257 712 446 750 Vnus-ms
476 725 606 749 OPIBUS
635 724 775 747 INGENS
806 717 823 759 ]
846 716 981 761 Ingens,
1004 714 1125 764 Lipfio
1153 714 1342 764 displicet3
1359 717 1391 752 ὃς
1407 716 1588 755 adtextum

199 760 354 798 videtur.
380 763 488 799 Certe
511 762 624 798 abesse
650 762 776 811 posset.
1415 769 1422 772 ⁴

249 811 297 845 IN
327 811 499 848 PONTUM
528 816 545 858 ]
574 814 672 849 Bene
698 812 774 848 Mss.
803 815 837 848 ὃς
862 823 998 849 veteres
1026 815 1314 866 recentioresque
1336 815 1525 853 editiones,
1547 816 1592 853 In

197 860 326 897 mediis
352 861 575 898 editionibus
602 862 726 899 omissa
749 863 983 912 praepositio,
1013 866 1057 900 in.

249 962 356 999 CAP.
383 963 571 1000 LXXXII.
603 963 823 1000 REVOCARE
852 975 1083 1001 VETERANos
1107 964 1198 1011 ]Ita
1215 964 1291 1000 Mss.
1310 967 1343 1002 &
1366 964 1449 1000 libri
1465 978 1590 1003 omnes

198 1012 300 1049 editi.
326 1013 467 1050 Laudat
492 1023 611 1050 tamen
635 1013 772 1063 Lipsius
794 1027 838 1051 ex
861 1015 983 1051 nescio
1009 1014 1136 1063 quibus
1162 1014 1262 1051 libris
1277 1043 1286 1059 ,
1309 1029 1448 1051 evocare.
1473 1016 1592 1062 Quod

196 1062 377 1099 immerito
398 1063 452 1099 illi
472 1063 663 1113 probabile
685 1064 850 1101 videtur:
870 1065 956 1101 licet
973 1065 1069 1100 enim
1090 1064 1151 1114 qui
1173 1066 1456 1109 revocabantur,
1475 1066 1589 1117 vulgo

196 1111 400 1149 dicerentur
425 1117 571 1158 evocati,
599 1114 873 1163 appellabantur
900 1127 1047 1164 quoque
1071 1119 1237 1157 revocati,-
1266 1127 1306 1153 ut
1335 1127 1434 1168 patet
1456 1129 1500 1155 ex
1521 1130 1591 1155 ve-

195 1162 263 1200 teri
285 1162 408 1214 lapide
433 1164 531 1216 apud
554 1164 770 1209 Gruterum,
799 1178 880 1216 pag.
905 1177 1034 1203 Dxxxv.
1056 1177 1154 1201 num.
1177 1178 1215 1214 7.

583 1296 644 1321 ET
670 1295 923 1320 MEMORIAE
962 1294 1207 1321 AETERNAE

629 1345 825 1371 ATTONI.
855 1345 1156 1370 CONSTANTIS

609 1396 713 1420 VET.
741 1396 840 1421 LEG.
869 1395 976 1419 XXII.
1007 1395 1174 1419 REMISS

624 1446 686 1469 VS.
713 1444 953 1469 HONESTA.
990 1444 1155 1469 MISSIO

598 1495 669 1519 NE.
698 1495 909 1519 CASTRIS.
939 1494 1103 1519 INTER.
1135 1495 1189 1519 ΟΕ

572 1544 741 1569 TERos.
770 1546 889 1570 SVOS.
926 1544 1213 1570 REVOCATUS

599 1594 798 1625 QV1QUE.
827 1595 994 1619 BELLO.
1027 1594 1184 1620 INTER

610 1644 802 1669 PECTVS.
838 1645 985 1669 OBIIT.
1013 1644 1167 1672 ATTIA.

658 1694 997 1719 FLORENTINA.
1025 1693 1119 1718 CON

686 1745 804 1769 1VG1.
833 1745 1092 1770 CARISSIMO

614 1793 683 1819 ET.
710 1795 809 1821 SIBI.
841 1795 962 1820 VIVA.
999 1792 1163 1819 PONEN'

597 1844 709 1870 DVM.
737 1846 960 1870 CVRAVIT.
991 1845 1059 1869 ET.
1089 1845 1172 1869 SVB

667 1895 817 1921 ASCIA.
846 1894 1119 1922 DEDICAVIT

239 1960 573 1999 FESTINABANTUR
600 1964 619 2008 ]
645 1961 712 1998 Ms.
741 1963 826 2012 Agr.
853 1975 873 1999 a
897 1964 1013 2013 prima
1038 1975 1167 2005 manu,
1186 1961 1396 2009 festinantur.

242 2010 496 2049 BONA-rivum
520 2017 538 2059 ]
562 2013 661 2050 Bene
685 2012 844 2050 Pichena
868 2026 888 2051 e
910 2014 976 2050 Ms.
1002 2013 1102 2051 Flos.
1125 2011 1245 2063 Vulgo
1267 2011 1303 2049 in
1330 2011 1406 2048 Mss.
1433 2014 1467 2050 &
1484 2022 1585 2051 vete-

191 2057 289 2096 ribus
308 2062 530 2099 editionibus
544 2091 554 2107 ,
581 2064 748 2100 donativa.

245 2109 306 2147 NE
331 2112 590 2150 VEsrAsrANth
617 2125 770 2156 QumEM
795 2118 812 2160 ]
831 2114 930 2152 Bene
951 2114 1018 2150 Ms.
1040 2110 1152 2150 Co⁰rb.
1173 2112 1369 2149 Rhenanus
1389 2115 1423 2149 δε
1445 2111 1583 2150 Recen⁴

192 2159 314 2198 tiores.
338 2161 407 2198 Ms.
420 2161 511 2213 Reg.
533 2177 640 2214 neque.
663 2163 739 2200 Alii
757 2163 833 2201 Mss.
863 2167 896 2201 &
923 2176 1059 2202 veteres
1082 2163 1260 2202 editiones
1274 2192 1284 2208 ,
1314 2176 1377 2199 nec.

245 2259 354 2296 CAP.
382 2260 584 2300 LXXXIII.
615 2264 796 2301 MonicAs
827 2277 935 2302 vmrzs
964 2276 1029 2300 SIBI
1058 2267 1075 2310 ]
1109 2264 1206 2302 Bene
1239 2263 1314 2300 Mss.
1347 2263 1432 2313 Reg.
1469 2261 1583 2298 Corb.

193 2307 308 2346 editio
329 2311 496 2362 princeps
516 2317 550 2350 &
569 2313 814 2354 Recentiores.
838 2314 883 2353 In
914 2315 992 2352 ΜΠ.
1015 2314 1117 2352 Harl.
1152 2313 1260 2352 Bodl.
1293 2314 1359 2352 Jes.
1393 2312 1511 2352 Guelf.
1548 2314 1583 2349 δε

193 2358 434 2407 Puteolanus,
461 2363 513 2411 effe
529 2364 606 2413 fibi.

321 2432 360 2471 T
356 2448 430 2475 om.
446 2435 526 2479 III.
1283 2438 1323 2479 K
1336 2437 1360 2474 k
1373 2435 1397 2474 k
