2230 3047
445 302 475 324 A.
489 303 517 325 U.
531 301 559 325 C.

466 348 538 376 822.
583 375 589 380 ,

475 402 497 424 J.
511 402 540 424 C.

475 447 524 478 69.

582 183 635 218 32
830 166 878 206 C.
945 164 1364 208 CORNELII
1428 164 1721 206 TACITI

582 250 621 287 in
648 245 832 303 plausus,
863 249 903 286 ὅ(
930 246 1147 288 immodica
1180 247 1329 297 studia,
1363 246 1430 286 sed
1456 247 1634 299 equitum
1670 244 1877 300 plerique,
1909 253 1958 286 ac'

579 312 827 359 senatorum,
847 308 974 365 posito
987 322 1097 351 metu
1113 311 1284 361 incauti,
1302 309 1471 350 refraffls
1496 307 1632 364 palatii
1646 307 1796 348 foribus
1812 337 1825 358 ,
1843 322 1958 348 ruere

580 386 712 422 intus,
736 388 782 413 ac
806 373 845 412 se
885 371 1022 413 Galba:
1046 374 1265 423 ostentare,
1296 390 1316 408 «
1342 387 1573 428 pra-*septam
1599 370 1668 411 s1bi
1703 369 1901 412 ultionem
1927 387 1961 412 >›,

579 448 800 489 querentes.
824 435 1098 490 Ignaviffimus
1123 437 1285 490 quisque
1301 465 1313 485 ,
1341 440 1405 486 &,
1431 447 1476 475 ut
1499 449 1558 475 res
1585 435 1751 484 docuit,
1783 435 1824 473 in
1852 434 1958 489 peri-

582 497 678 538 culo
700 513 782 539 non
802 498 961 538 ausurus
974 527 988 549 ,
1014 500 1126 538 nimii
1146 498 1275 539 verbis
1289 528 1301 548 ,
1327 497 1471 553 linguae
1490 498 1668 538 feroces:
1696 511 1818 537 nemo
1838 496 1959 546 scire,

583 564 624 601 δε
639 576 777 602 omnes
796 561 1015 602 adfirmare:
1037 561 1167 602 donec
1183 559 1319 617 inopia
1338 563 1421 601 veri
1436 590 1448 611 ,
1473 565 1513 601 ὅ(
1533 559 1728 601 consensu
1742 559 1961 600 errantium

583 625 707 665 νίἃιιε
720 654 733 675 ,
753 624 911 680 sumpto
932 626 1097 665 thorace
1122 629 1131 645 ¹
1152 654 1165 673 ,
1188 623 1345 673 Galba,
1367 624 1542 665 inruenti
1560 622 1680 663 turbae
1694 652 1707 672 ,
1732 637 1859 676 neque
1875 635 1962 662 aeta-

584 700 624 728 te
638 716 652 738 ,
678 702 807 741 neque
830 702 998 742 corpore
1019 687 1147 726 sistens
1168 690 1182 706 ²
1198 716 1210 737 ,
1242 684 1336 727 sella
1356 685 1567 727 levaretur.
1590 685 1747 727 Obvius
1764 714 1776 735 ,
1798 686 1838 726 in
1859 683 1962 740 pala-

584 751 644 791 tio
666 749 795 794 Julius
818 751 978 790 Atticus
1002 748 1253 805 speculator,
1282 763 1492 790 cruentum
1517 748 1696 803 gladium
1725 749 1922 789 ostentans
1950 757 1965 797 ,¹

591 830 615 850 <t
637 814 817 855 occisum
840 829 861 854 a
880 813 918 852 se
942 813 1151 853 Othonem
1172 829 1193 848 >›
1217 811 1470 852 exclamavit.
1492 811 1543 852 Et
1561 810 1690 852 Galba
1705 841 1717 862 ,
1741 828 1763 847 (ε
1783 810 1966 850 Commi-

586 875 693 917 »lito
717 895 761 927 »,
794 877 951 930 inquit,
978 892 999 911 «
1027 877 1112 929 quis
1133 873 1234 927 jussit
1261 879 1270 903 ³
1295 877 1341 913 »ἲ
1369 875 1511 929 insigni
1534 876 1668 914 animo
1698 874 1746 914 ad
1772 887 1966 914 coercen-

588 939 680 980 dam
710 938 922 980 militarem
945 936 1161 979 *licentiam
1180 967 1193 988 ,
1226 937 1465 979 minantibus
1500 936 1748 993 intrepidus,
1783 935 1969 977 adversus

588 1000 838 1043 blandientes
864 1003 1131 1057 incorruptus.

654 1065 877 1106 XXXVI.
912 1065 1061 1105 HAUD
1090 1062 1215 1105 dubiae
1241 1063 1320 1117 jam
1343 1064 1383 1104 in
1408 1063 1538 1105 castris
1564 1063 1745 1103 omnium
1775 1075 1928 1103 mentes
1955 1075 1967 1109 ;

593 1128 804 1181 tantusque
826 1127 969 1177 ardor,
984 1140 1027 1166 ut
1055 1142 1137 1168 non
1155 1129 1337 1168 contenti
1355 1128 1513 1181 agmine
1529 1156 1541 1176 ,
1568 1130 1609 1166 &
1633 1124 1866 1181 corporibus
1883 1155 1895 1176 ,
1926 1126 1969 1165 in

592 1191 796 1245 suggestu,
814 1191 856 1229 in
878 1205 958 1244 quo
979 1189 1118 1245 paullo
1141 1191 1233 1232 ante
1255 1205 1372 1231 aurea
1393 1188 1530 1230 Galbae
1552 1190 1674 1229 statua
1692 1193 1709 1216 4
1726 1188 1874 1238 fuerat,
1891 1202 1970 1229 me-

591 1254 701 1294 dium
726 1254 831 1294 inter
856 1253 962 1307 signa
990 1253 1198 1293 Othonem
1224 1252 1382 1294 vexillis
1409 1251 1716 1293 circumdarent.
1741 1253 1833 1292 Nec
1852 1250 1974 1291 tribu-

593 1317 680 1367 nis,
707 1329 774 1356 aut
795 1315 1096 1356 centurionibus
1110 1344 1123 1366 ,
1150 1316 1323 1357 adeundi
1343 1314 1480 1356 locus:
1505 1315 1706 1370 gregarius
1728 1312 1842 1354 miles
1870 1331 1891 1350 «
1912 1329 1974 1354 ca-

593 1381 709 1419 »veri
733 1396 752 1415 ιι
776 1379 935 1434 insuper
958 1395 979 1414 «
1005 1379 1229 1434 praepositos
1255 1396 1275 1415 »
1299 1377 1473 1431 jubebat.
1505 1380 1689 1433 Strepere
1721 1378 1861 1417 cun&a
1890 1375 1975 1417 cla-

593 1442 772 1482 moribus
786 1472 798 1492 ,
824 1446 864 1482 8(
885 1440 1062 1482 tumultu
1077 1471 1090 1491 ,
1122 1446 1162 1482 ὅ(
1185 1443 1466 1482 exhortatione
1486 1439 1623 1481 mutua
1636 1470 1648 1490 ,
1671 1455 1754 1480 non
1773 1453 1975 1493 tamquam

596 1507 638 1544 in
662 1503 816 1561 populo
832 1534 844 1555 ,
874 1519 921 1545 ac
948 1502 1092 1559 plebe,
1122 1506 1239 1545 variis
1264 1505 1375 1558 segni
1397 1503 1625 1545 adulatione
1647 1502 1814 1543 vocibus
1831 1532 1842 1552 ,
1873 1502 1940 1543 sed
1962 1532 1978 1553 ,

597 1582 642 1608 ut
662 1582 859 1621 quemque
881 1567 1141 1608 adfluentium
1162 1566 1335 1608 militum
1360 1567 1592 1622 aspexerant
1607 1595 1619 1616 ,
1647 1565 1830 1621 prensare
1851 1566 1979 1605 mani-

600 1631 672 1672 bus
689 1660 701 1680 ,
728 1629 941 1685 compleffl
967 1631 1111 1680 armis,
1140 1629 1345 1671 collocare
1374 1628 1485 1681 juxta
1513 1634 1555 1679 5,
1591 1629 1725 1684 proeire
1754 1628 1981 1669 sacramen-

600 1707 687 1735 tum
706 1692 722 1714 ⁶
735 1724 748 1744 9
775 1693 897 1734 modo
909 1693 1197 1749 Imperatorem
1210 1692 1423 1744 militibus,
1442 1692 1564 1735 mode>
1583 1692 1821 1747 Imperatori
1834 1689 1982 1732 milites

646 1829 653 1843 1
678 1824 806 1853 Sulmo
831 1822 1001 1859 monaca]
1015 1823 1144 1854 Sueton.
1161 1822 1194 1853 in
1203 1822 1275 1853 Gal·
1313 1820 1428 1852 mulam
1440 1821 1554 1852 habere
1570 1820 1648 1850 mihi
1660 1820 1783 1851 videtur
1801 1819 1982 1851 Ammianus

605 1862 646 1893 ba
657 1886 665 1899 ‚
686 1863 769 1892 XIX.
795 1861 923 1890 Loricam
939 1861 1028 1891 induit
1041 1862 1170 1897 linteam,
1186 1873 1276 1900 quam-
1313 1861 1511 1891 Marcellinus
1523 1883 1531 1895 ,
1544 1861 1638 1896 XXI,
1659 1872 1694 1896 4,
1711 1858 1828 1900 Juffique
1848 1859 1983 1898 nniverfi,

607 1912 687 1940 quam
724 1899 796 1929 haud
818 1899 984 1939 diffimulanr
1022 1911 1120 1938 parum
1144 1901 1276 1931 adversus
1314 1900 1428 1930 milites
1442 1924 1450 1936 ,
1475 1900 1502 1929 in
1522 1900 1600 1937 ejus,
1617 1899 1751 1934 Juliani,
1777 1909 1871 1928 nomen
1886 1900 1986 1938 jurare

609 1950 649 1970 tot
668 1949 808 1970 mucrones
829 1939 1009 1976 profuturam.
1306 1939 1481 1977 solemniter,
1494 1938 1600 1978 gladiis
1612 1938 1831 1976 cervicibus-suis
1848 1937 1984 1974 admotis,

646 1985 659 1998 ²
682 1979 835 2016 SISTENS]
856 1979 969 2009 Melius
986 1978 1116 2018 resistens.
1306 1978 1358 2016 fich
1390 1977 1609 2007 execrationibus
1644 1977 1713 2006 diris
1741 1977 1831 2006 verbis
1854 1978 1985 2015 juravere

606 2057 623 2088 s
649 2024 658 2045 ³
675 2021 768 2086 {2522
784 2019 1084 2086 aaz-afflatam
1101 2019 1276 2088 {ffpfflsss
1349 2057 1376 2086 U
1383 2018 1477 2085 &2³15
1490 2016 1641 2087 &lm
1655 2015 1988 2084 {Iissffffn‘kfflss

606 2068 715 2135 simi„
734 2096 832 2134 ὤμοσε,
849 2097 942 2127 tradit
961 2073 1278 2128 p1utaszhu5¹ln⁹⁹⁰52is
1316 2056 1356 2124 ὁρ]
1390 2095 1438 2124 ID
1466 2094 1729 2125 NECESSITAS
1756 2078 1987 2132 EXEGERJTI

607 2136 667 2172 ba,
685 2146 751 2174 pag.
783 2138 869 2174 1065.
894 2137 965 2166 Haec
996 2136 1100 2166 omifit
1130 2137 1256 2167 Tacitus
1269 2159 1277 2172 ‚
1318 2133 1605 2164 PERLATUROS.
1646 2133 1719 2173 Quae
1748 2134 1837 2172 secuti
1874 2133 1988 2163 reffores

608 2185 649 2205 ne
667 2174 802 2205 narratio
823 2175 1052 2213 languesceret,
1071 2176 1104 2206 ὃς
1126 2184 1159 2206 ut
1179 2176 1278 2206 Galba
1317 2175 1452 2219 omnesque
1480 2173 1621 2210 Principis
1651 2172 1768 2210 proximi
1794 2172 1881 2211 fidem
1900 2172 1990 2212 fimili

607 2214 708 2252 major
722 2214 892 2243 videretur.
1318 2213 1448 2251 religione
1466 2212 1629 2250 firmarunt.
1658 2212 1750 2242 Aliud
1778 2212 1818 2242 est
1844 2212 1990 2251 generale

647 2258 662 2276 4
683 2254 800 2283 GALBAE
822 2263 941 2283 STATUA
955 2253 968 2289 ]
982 2253 1029 2283 De
1048 2253 1110 2284 hoc
1132 2253 1185 2284 usu
1205 2254 1278 2284 vide
1319 2253 1438 2283 militiae
1452 2252 1673 2282 sacramentum
1685 2276 1693 2288 ,
1709 2252 1746 2282 de
1760 2262 1823 2290 quo
1841 2251 1990 2290 Vegetius

609 2292 722 2322 Annal.
744 2293 820 2328 XV,
845 2302 896 2328 29.
1319 2293 1363 2328 11,
1386 2302 1401 2331 5
1415 2316 1423 2328 ‚
1439 2291 1606 2321 matriculis
1621 2290 1724 2320 inserti
1735 2314 1743 2327 ,
1755 2291 1854 2328 jurant
1869 2290 1989 2327 milites,

651 2337 659 2358 5
685 2333 884 2362 Cottocmm
907 2341 1006 2363 JuxTA
1024 2333 1037 2369 ]
1069 2333 1159 2362 Juxta
1180 2331 1280 2362 Otho·
1320 2331 1453 2369 omniase
1468 2330 1578 2368 strenue
1588 2329 1731 2366 fa6lur05‚
1751 2339 1809 2367 quae
1829 2329 1990 2366 praeceperit

609 2380 693 2400 nem.
1320 2370 1475 2407 imperator,
1484 2379 1627 2407 numquam
1636 2368 1784 2407 ἄφιππος
1795 2368 1931 2402 militiam,
1940 2377 1991 2397 nec

647 2410 660 2429 ⁶
672 2411 805 2441 Pulsum
822 2411 1089 2449 SACRAMENTUM]
1108 2409 1204 2448 Cujus
1217 2409 1280 2441 for·
1320 2419 1429 2440 mortem
1450 2409 1618 2449 recujizturos
1631 2418 1680 2445 pro
1694 2408 1819 2437 Romani
1843 2407 1992 2444 republicd.

1694 2452 1992 2493 commendare.

2000 814 2053 849 10

2004 1132 2052 1172 ιῐ

2005 1443 2066 1485 2οζ,
