<?xml version="1.0" encoding="UTF-8"?>
<!DOCTYPE html PUBLIC "-//W3C//DTD XHTML 1.0 Transitional//EN"
    "http://www.w3.org/TR/xhtml1/DTD/xhtml1-transitional.dtd">
<html xmlns="http://www.w3.org/1999/xhtml" xml:lang="en" lang="en">
 <head>
  <title>
</title>
<meta http-equiv="Content-Type" content="text/html;charset=utf-8" />
  <meta name='ocr-system' content='tesseract 3.04.00' />
  <meta name='ocr-capabilities' content='ocr_page ocr_carea ocr_par ocr_line ocrx_word'/>
</head>
<body>
  <div class='ocr_page' id='page_1' title='image "./operabro03taciuoft_0373.png"; bbox 0 0 2209 3047; ppageno 0'>
   <div class='ocr_carea' id='block_1_1' title="bbox 1031 295 1539 306">
    <p class='ocr_par' dir='ltr' id='par_1_1' title="bbox 1031 295 1539 306">
     <span class='ocr_line' id='line_1_1' title="bbox 1031 295 1539 306; baseline 0 0"><span class='ocrx_word' id='word_1_1' title='bbox 1031 295 1539 306; x_wconf 95' lang='lat' dir='ltr'> </span> 
     </span>
    </p>
   </div>
   <div class='ocr_carea' id='block_1_2' title="bbox 1031 301 1543 305">
    <p class='ocr_par' dir='ltr' id='par_1_2' title="bbox 1031 301 1543 305">
     <span class='ocr_line' id='line_1_2' title="bbox 1031 301 1543 305; baseline 0 0"><span class='ocrx_word' id='word_1_2' title='bbox 1031 301 1543 305; x_wconf 95' lang='lat' dir='ltr'> </span> 
     </span>
    </p>
   </div>
   <div class='ocr_carea' id='block_1_3' title="bbox 291 323 859 331">
    <p class='ocr_par' dir='ltr' id='par_1_3' title="bbox 291 323 859 331">
     <span class='ocr_line' id='line_1_3' title="bbox 291 323 859 331; baseline 0 0"><span class='ocrx_word' id='word_1_3' title='bbox 291 323 859 331; x_wconf 95' lang='lat' dir='ltr'> </span> 
     </span>
    </p>
   </div>
   <div class='ocr_carea' id='block_1_4' title="bbox 468 333 981 339">
    <p class='ocr_par' dir='ltr' id='par_1_4' title="bbox 468 333 981 339">
     <span class='ocr_line' id='line_1_4' title="bbox 468 333 981 339; baseline 0 0"><span class='ocrx_word' id='word_1_4' title='bbox 468 333 981 339; x_wconf 95' lang='lat' dir='ltr'> </span> 
     </span>
    </p>
   </div>
   <div class='ocr_carea' id='block_1_5' title="bbox 308 335 981 341">
    <p class='ocr_par' dir='ltr' id='par_1_5' title="bbox 308 335 981 341">
     <span class='ocr_line' id='line_1_5' title="bbox 308 335 981 341; baseline 0 0"><span class='ocrx_word' id='word_1_5' title='bbox 308 335 981 341; x_wconf 95' lang='lat' dir='ltr'> </span> 
     </span>
    </p>
   </div>
   <div class='ocr_carea' id='block_1_6' title="bbox 310 335 981 341">
    <p class='ocr_par' dir='ltr' id='par_1_6' title="bbox 310 335 981 341">
     <span class='ocr_line' id='line_1_6' title="bbox 310 335 981 341; baseline 0 0"><span class='ocrx_word' id='word_1_6' title='bbox 310 335 981 341; x_wconf 95' lang='lat' dir='ltr'> </span> 
     </span>
    </p>
   </div>
   <div class='ocr_carea' id='block_1_7' title="bbox 310 340 860 343">
    <p class='ocr_par' dir='ltr' id='par_1_7' title="bbox 310 340 860 343">
     <span class='ocr_line' id='line_1_7' title="bbox 310 340 860 343; baseline 0 0"><span class='ocrx_word' id='word_1_7' title='bbox 310 340 860 343; x_wconf 95' lang='lat' dir='ltr'> </span> 
     </span>
    </p>
   </div>
   <div class='ocr_carea' id='block_1_8' title="bbox 670 365 1441 371">
    <p class='ocr_par' dir='ltr' id='par_1_8' title="bbox 670 365 1441 371">
     <span class='ocr_line' id='line_1_8' title="bbox 670 365 1441 371; baseline 0 0"><span class='ocrx_word' id='word_1_8' title='bbox 670 365 1441 371; x_wconf 95' lang='lat' dir='ltr'> </span> 
     </span>
    </p>
   </div>
   <div class='ocr_carea' id='block_1_9' title="bbox 207 171 1591 665">
    <p class='ocr_par' dir='ltr' id='par_1_9' title="bbox 207 171 1591 665">
     <span class='ocr_line' id='line_1_9' title="bbox 207 171 1591 665; baseline 0 2382"><span class='ocrx_word' id='word_1_9' title='bbox 207 171 1591 665; x_wconf 95' lang='lat' dir='ltr'> </span> 
     </span>
    </p>
   </div>
   <div class='ocr_carea' id='block_1_10' title="bbox 210 742 1595 952">
    <p class='ocr_par' dir='ltr' id='par_1_10' title="bbox 210 742 1595 952">
     <span class='ocr_line' id='line_1_10' title="bbox 210 742 1595 808; baseline -0.001 0"><span class='ocrx_word' id='word_1_10' title='bbox 210 743 530 808; x_wconf 88' lang='lat' dir='ltr'>NOTAE</span> <span class='ocrx_word' id='word_1_11' title='bbox 575 743 711 807; x_wconf 92' lang='lat' dir='ltr'>ET</span> <span class='ocrx_word' id='word_1_12' title='bbox 753 742 1595 807; x_wconf 86' lang='lat' dir='ltr'><strong>EMENDATIONES</strong></span> 
     </span>
     <span class='ocr_line' id='line_1_11' title="bbox 413 891 1405 952; baseline -0.004 0"><span class='ocrx_word' id='word_1_13' title='bbox 413 895 551 952; x_wconf 86' lang='lat' dir='ltr'>AD</span> <span class='ocrx_word' id='word_1_14' title='bbox 602 892 967 952; x_wconf 88' lang='lat' dir='ltr'><em>LIBRUM</em></span> <span class='ocrx_word' id='word_1_15' title='bbox 1014 891 1405 951; x_wconf 86' lang='lat' dir='ltr'><em>PRIMUM</em></span> 
     </span>
    </p>
   </div>
   <div class='ocr_carea' id='block_1_11' title="bbox 209 1026 1596 1276">
    <p class='ocr_par' dir='ltr' id='par_1_11' title="bbox 209 1026 1596 1276">
     <span class='ocr_line' id='line_1_12' title="bbox 329 1026 1474 1109; baseline -0.003 0"><span class='ocrx_word' id='word_1_16' title='bbox 329 1026 1474 1109; x_wconf 84' lang='lat' dir='ltr'><strong>HISTORIARUM</strong></span> 
     </span>
     <span class='ocr_line' id='line_1_13' title="bbox 209 1181 1596 1276; baseline -0.003 -2"><span class='ocrx_word' id='word_1_17' title='bbox 209 1181 322 1276; x_wconf 86' lang='lat' dir='ltr'>C.</span> <span class='ocrx_word' id='word_1_18' title='bbox 409 1186 879 1275; x_wconf 82' lang='lat' dir='ltr'><em>CORN.</em></span> <span class='ocrx_word' id='word_1_19' title='bbox 971 1181 1596 1274; x_wconf 82' lang='lat' dir='ltr'>TACITI.</span> 
     </span>
    </p>
   </div>
   <div class='ocr_carea' id='block_1_12' title="bbox 208 1396 1599 1566">
    <p class='ocr_par' dir='ltr' id='par_1_12' title="bbox 208 1396 1599 1566">
     <span class='ocr_line' id='line_1_14' title="bbox 211 1396 1599 1468; baseline 0.001 -16"><span class='ocrx_word' id='word_1_20' title='bbox 211 1396 407 1457; x_wconf 77' lang='lat' dir='ltr'>LIBRUM</span> <span class='ocrx_word' id='word_1_21' title='bbox 436 1429 589 1454; x_wconf 55' lang='lat' dir='ltr'>Primum</span> <span class='ocrx_word' id='word_1_22' title='bbox 616 1419 927 1462; x_wconf 73' lang='lat' dir='ltr'>HisTomARUM]</span> <span class='ocrx_word' id='word_1_23' title='bbox 953 1416 1009 1453; x_wconf 84' lang='lat' dir='ltr'>Ita</span> <span class='ocrx_word' id='word_1_24' title='bbox 1035 1418 1171 1468; x_wconf 81' lang='lat' dir='ltr'>Lipsius</span> <span class='ocrx_word' id='word_1_25' title='bbox 1192 1422 1225 1455; x_wconf 71' lang='grc' dir='ltr'>δε</span> <span class='ocrx_word' id='word_1_26' title='bbox 1242 1418 1491 1455; x_wconf 88' lang='lat' dir='ltr'>Recentiores.</span> <span class='ocrx_word' id='word_1_27' title='bbox 1510 1418 1599 1453; x_wconf 91' lang='lat' dir='ltr'>Nul-</span> 
     </span>
     <span class='ocr_line' id='line_1_15' title="bbox 208 1464 1597 1518; baseline 0.001 -18"><span class='ocrx_word' id='word_1_28' title='bbox 208 1464 264 1501; x_wconf 84' lang='lat' dir='ltr'>lus</span> <span class='ocrx_word' id='word_1_29' title='bbox 284 1466 321 1501; x_wconf 89' lang='lat' dir='ltr'>in</span> <span class='ocrx_word' id='word_1_30' title='bbox 351 1466 513 1503; x_wconf 85' lang='lat' dir='ltr'>editione</span> <span class='ocrx_word' id='word_1_31' title='bbox 540 1466 704 1516; x_wconf 85' lang='lat' dir='ltr'>principe</span> <span class='ocrx_word' id='word_1_32' title='bbox 726 1466 862 1504; x_wconf 86' lang='lat' dir='ltr'>titulus.</span> <span class='ocrx_word' id='word_1_33' title='bbox 889 1466 992 1503; x_wconf 84' lang='lat' dir='ltr'>Olim</span> <span class='ocrx_word' id='word_1_34' title='bbox 1010 1468 1048 1503; x_wconf 92' lang='lat' dir='ltr'>hi</span> <span class='ocrx_word' id='word_1_35' title='bbox 1071 1470 1230 1518; x_wconf 84' lang='lat' dir='ltr'>quinque</span> <span class='ocrx_word' id='word_1_36' title='bbox 1253 1468 1489 1504; x_wconf 86' lang='lat' dir='ltr'>Historiarum</span> <span class='ocrx_word' id='word_1_37' title='bbox 1512 1467 1597 1503; x_wconf 82' lang='lat' dir='ltr'>libri</span> 
     </span>
     <span class='ocr_line' id='line_1_16' title="bbox 209 1515 1597 1566; baseline 0.002 -15"><span class='ocrx_word' id='word_1_38' title='bbox 209 1515 407 1551; x_wconf 83' lang='lat' dir='ltr'>Annalium</span> <span class='ocrx_word' id='word_1_39' title='bbox 420 1517 522 1554; x_wconf 81' lang='lat' dir='ltr'>series</span> <span class='ocrx_word' id='word_1_40' title='bbox 534 1516 769 1552; x_wconf 84' lang='lat' dir='ltr'>habebantur.</span> <span class='ocrx_word' id='word_1_41' title='bbox 794 1516 882 1553; x_wconf 88' lang='lat' dir='ltr'>Inde</span> <span class='ocrx_word' id='word_1_42' title='bbox 900 1529 962 1553; x_wconf 86' lang='lat' dir='ltr'>eos</span> <span class='ocrx_word' id='word_1_43' title='bbox 985 1516 1209 1566; x_wconf 82' lang='lat' dir='ltr'>inscripserat</span> <span class='ocrx_word' id='word_1_44' title='bbox 1223 1518 1459 1561; x_wconf 79' lang='lat' dir='ltr'>Puteolanus,</span> <span class='ocrx_word' id='word_1_45' title='bbox 1474 1517 1597 1554; x_wconf 84' lang='lat' dir='ltr'>COR-</span> 
     </span>
    </p>
   </div>
   <div class='ocr_carea' id='block_1_13' title="bbox 210 1563 1599 1673">
    <p class='ocr_par' dir='ltr' id='par_1_13' title="bbox 210 1563 1599 1673">
     <span class='ocr_line' id='line_1_17' title="bbox 210 1563 1599 1604; baseline 0.003 -4"><span class='ocrx_word' id='word_1_46' title='bbox 210 1563 348 1600; x_wconf 73' lang='lat' dir='ltr'><strong>NhLII</strong></span> <span class='ocrx_word' id='word_1_47' title='bbox 374 1566 556 1602; x_wconf 89' lang='lat' dir='ltr'><strong>TACITI</strong></span> <span class='ocrx_word' id='word_1_48' title='bbox 586 1565 842 1602; x_wconf 82' lang='lat' dir='ltr'>ACTORVM</span> <span class='ocrx_word' id='word_1_49' title='bbox 868 1566 1191 1604; x_wconf 83' lang='lat' dir='ltr'><strong>DIVRNALIVM</strong></span> <span class='ocrx_word' id='word_1_50' title='bbox 1219 1568 1495 1604; x_wconf 86' lang='lat' dir='ltr'><strong>HISTORIAE</strong></span> <span class='ocrx_word' id='word_1_51' title='bbox 1515 1567 1599 1604; x_wconf 92' lang='lat' dir='ltr'>AV-</span> 
     </span>
     <span class='ocr_line' id='line_1_18' title="bbox 213 1615 1599 1673; baseline 0.001 -21"><span class='ocrx_word' id='word_1_52' title='bbox 213 1615 416 1652; x_wconf 85' lang='lat' dir='ltr'>GVSTAE</span> <span class='ocrx_word' id='word_1_53' title='bbox 446 1616 589 1651; x_wconf 81' lang='lat' dir='ltr'><strong>LIBER</strong></span> <span class='ocrx_word' id='word_1_54' title='bbox 615 1615 721 1651; x_wconf 87' lang='lat' dir='ltr'>XVII</span> <span class='ocrx_word' id='word_1_55' title='bbox 744 1615 944 1653; x_wconf 88' lang='lat' dir='ltr'><strong>INCIPIT.</strong></span> <span class='ocrx_word' id='word_1_56' title='bbox 969 1618 1029 1653; x_wconf 87' lang='lat' dir='ltr'>Sic</span> <span class='ocrx_word' id='word_1_57' title='bbox 1053 1631 1200 1673; x_wconf 67' lang='lat' dir='ltr'>qnoque</span> <span class='ocrx_word' id='word_1_58' title='bbox 1218 1618 1263 1654; x_wconf 87' lang='lat' dir='ltr'>ad</span> <span class='ocrx_word' id='word_1_59' title='bbox 1279 1618 1414 1655; x_wconf 82' lang='lat' dir='ltr'>calcem</span> <span class='ocrx_word' id='word_1_60' title='bbox 1432 1617 1514 1653; x_wconf 86' lang='lat' dir='ltr'>libri</span> <span class='ocrx_word' id='word_1_61' title='bbox 1539 1616 1599 1654; x_wconf 90' lang='lat' dir='ltr'>III</span> 
     </span>
    </p>
   </div>
   <div class='ocr_carea' id='block_1_14' title="bbox 133 1665 1598 1717">
    <p class='ocr_par' dir='ltr' id='par_1_14' title="bbox 133 1665 1598 1717">
     <span class='ocr_line' id='line_1_19' title="bbox 133 1665 1598 1717; baseline 0.001 -15"><span class='ocrx_word' id='word_1_62' title='bbox 133 1680 137 1684; x_wconf 76' lang='grc'><strong>’</strong></span> <span class='ocrx_word' id='word_1_63' title='bbox 212 1665 454 1702; x_wconf 81' lang='lat' dir='ltr'>Historiarum</span> <span class='ocrx_word' id='word_1_64' title='bbox 471 1666 507 1702; x_wconf 92' lang='lat' dir='ltr'>in</span> <span class='ocrx_word' id='word_1_65' title='bbox 535 1665 612 1701; x_wconf 85' lang='lat' dir='ltr'>Mff.</span> <span class='ocrx_word' id='word_1_66' title='bbox 638 1665 741 1702; x_wconf 88' lang='lat' dir='ltr'>Harl.</span> <span class='ocrx_word' id='word_1_67' title='bbox 762 1665 869 1702; x_wconf 84' lang='lat' dir='ltr'>Bodl.</span> <span class='ocrx_word' id='word_1_68' title='bbox 890 1666 958 1702; x_wconf 84' lang='lat' dir='ltr'>Jes.</span> <span class='ocrx_word' id='word_1_69' title='bbox 983 1667 1223 1717; x_wconf 74' lang='lat' dir='ltr'>adscriptum:</span> <span class='ocrx_word' id='word_1_70' title='bbox 1250 1670 1389 1704; x_wconf 78' lang='lat' dir='ltr'>Cornelii</span> <span class='ocrx_word' id='word_1_71' title='bbox 1409 1669 1511 1704; x_wconf 85' lang='lat' dir='ltr'><em>Taciti</em></span> <span class='ocrx_word' id='word_1_72' title='bbox 1529 1668 1598 1703; x_wconf 82' lang='grc' dir='ltr'>Αε-</span> 
     </span>
    </p>
   </div>
   <div class='ocr_carea' id='block_1_15' title="bbox 209 1716 1599 2119">
    <p class='ocr_par' dir='ltr' id='par_1_15' title="bbox 209 1716 1599 2119">
     <span class='ocr_line' id='line_1_20' title="bbox 210 1716 1598 1765; baseline 0.001 -14"><span class='ocrx_word' id='word_1_73' title='bbox 210 1727 317 1751; x_wconf 81' lang='lat' dir='ltr'>torum</span> <span class='ocrx_word' id='word_1_74' title='bbox 344 1718 553 1751; x_wconf 81' lang='lat' dir='ltr'>Diurnalium</span> <span class='ocrx_word' id='word_1_75' title='bbox 575 1716 724 1762; x_wconf 79' lang='lat' dir='ltr'>Historiae</span> <span class='ocrx_word' id='word_1_76' title='bbox 741 1716 896 1763; x_wconf 64' lang='lat' dir='ltr'>Augustae</span> <span class='ocrx_word' id='word_1_77' title='bbox 921 1718 999 1752; x_wconf 70' lang='lat' dir='ltr'>liber</span> <span class='ocrx_word' id='word_1_78' title='bbox 1020 1720 1157 1753; x_wconf 83' lang='lat' dir='ltr'><strong>XVIIII</strong></span> <span class='ocrx_word' id='word_1_79' title='bbox 1175 1720 1318 1765; x_wconf 82' lang='lat' dir='ltr'><em>explicit.</em></span> <span class='ocrx_word' id='word_1_80' title='bbox 1341 1720 1456 1764; x_wconf 80' lang='lat' dir='ltr'>Incipit</span> <span class='ocrx_word' id='word_1_81' title='bbox 1486 1717 1598 1765; x_wconf 73' lang='lat' dir='ltr'>vicesi-</span> 
     </span>
     <span class='ocr_line' id='line_1_21' title="bbox 210 1765 1598 1818; baseline 0.001 -18"><span class='ocrx_word' id='word_1_82' title='bbox 210 1779 280 1801; x_wconf 82' lang='lat' dir='ltr'>mus</span> <span class='ocrx_word' id='word_1_83' title='bbox 298 1767 452 1814; x_wconf 83' lang='lat' dir='ltr'><em>feliciter.</em></span> <span class='ocrx_word' id='word_1_84' title='bbox 476 1768 556 1803; x_wconf 89' lang='lat' dir='ltr'>Nec</span> <span class='ocrx_word' id='word_1_85' title='bbox 572 1766 673 1803; x_wconf 86' lang='lat' dir='ltr'>aliter</span> <span class='ocrx_word' id='word_1_86' title='bbox 701 1765 832 1803; x_wconf 90' lang='lat' dir='ltr'>dividit</span> <span class='ocrx_word' id='word_1_87' title='bbox 856 1766 922 1803; x_wconf 85' lang='lat' dir='ltr'>Ms.</span> <span class='ocrx_word' id='word_1_88' title='bbox 947 1767 1045 1803; x_wconf 84' lang='lat' dir='ltr'>Flor.</span> <span class='ocrx_word' id='word_1_89' title='bbox 1069 1768 1107 1803; x_wconf 89' lang='lat' dir='ltr'>in</span> <span class='ocrx_word' id='word_1_90' title='bbox 1131 1780 1205 1818; x_wconf 90' lang='lat' dir='ltr'>quo</span> <span class='ocrx_word' id='word_1_91' title='bbox 1235 1768 1279 1803; x_wconf 82' lang='lat' dir='ltr'>ad</span> <span class='ocrx_word' id='word_1_92' title='bbox 1297 1768 1432 1805; x_wconf 80' lang='lat' dir='ltr'><strong>calcem</strong></span> <span class='ocrx_word' id='word_1_93' title='bbox 1456 1767 1539 1803; x_wconf 82' lang='lat' dir='ltr'>libri</span> <span class='ocrx_word' id='word_1_94' title='bbox 1559 1767 1598 1803; x_wconf 91' lang='lat' dir='ltr'>II</span> 
     </span>
     <span class='ocr_line' id='line_1_22' title="bbox 211 1815 1599 1865; baseline -0.001 -12"><span class='ocrx_word' id='word_1_95' title='bbox 211 1815 455 1853; x_wconf 79' lang='lat' dir='ltr'>Historiarum</span> <span class='ocrx_word' id='word_1_96' title='bbox 480 1816 676 1865; x_wconf 66' lang='lat' dir='ltr'>adjeflum:</span> <span class='ocrx_word' id='word_1_97' title='bbox 700 1819 837 1852; x_wconf 81' lang='lat' dir='ltr'>Cornelii</span> <span class='ocrx_word' id='word_1_98' title='bbox 855 1818 956 1852; x_wconf 83' lang='lat' dir='ltr'>Taciti</span> <span class='ocrx_word' id='word_1_99' title='bbox 973 1818 1051 1853; x_wconf 81' lang='lat' dir='ltr'>liber</span> <span class='ocrx_word' id='word_1_100' title='bbox 1067 1820 1196 1854; x_wconf 65' lang='lat' dir='ltr'>oelavus</span> <span class='ocrx_word' id='word_1_101' title='bbox 1217 1818 1351 1853; x_wconf 78' lang='lat' dir='ltr'>decimus</span> <span class='ocrx_word' id='word_1_102' title='bbox 1375 1820 1518 1865; x_wconf 86' lang='lat' dir='ltr'>explicit.</span> <span class='ocrx_word' id='word_1_103' title='bbox 1538 1820 1599 1853; x_wconf 86' lang='lat' dir='ltr'>In-</span> 
     </span>
     <span class='ocr_line' id='line_1_23' title="bbox 209 1866 1595 1917; baseline 0.001 -15"><span class='ocrx_word' id='word_1_104' title='bbox 209 1869 287 1913; x_wconf 78' lang='lat' dir='ltr'>cipit</span> <span class='ocrx_word' id='word_1_105' title='bbox 313 1879 411 1902; x_wconf 80' lang='lat' dir='ltr'>nonus</span> <span class='ocrx_word' id='word_1_106' title='bbox 435 1867 582 1902; x_wconf 79' lang='lat' dir='ltr'>decimus.</span> <span class='ocrx_word' id='word_1_107' title='bbox 608 1867 718 1902; x_wconf 81' lang='lat' dir='ltr'>Vetus</span> <span class='ocrx_word' id='word_1_108' title='bbox 736 1866 881 1916; x_wconf 88' lang='lat' dir='ltr'>quidem</span> <span class='ocrx_word' id='word_1_109' title='bbox 906 1867 968 1903; x_wconf 78' lang='lat' dir='ltr'>illa</span> <span class='ocrx_word' id='word_1_110' title='bbox 992 1868 1164 1917; x_wconf 80' lang='lat' dir='ltr'>partitio,</span> <span class='ocrx_word' id='word_1_111' title='bbox 1192 1867 1212 1902; x_wconf 79' lang='lat' dir='ltr'>sl</span> <span class='ocrx_word' id='word_1_112' title='bbox 1245 1868 1362 1904; x_wconf 78' lang='lat' dir='ltr'>uidem</span> <span class='ocrx_word' id='word_1_113' title='bbox 1385 1869 1432 1904; x_wconf 91' lang='lat' dir='ltr'>D.</span> <span class='ocrx_word' id='word_1_114' title='bbox 1460 1868 1595 1904; x_wconf 85' lang='lat' dir='ltr'>Hiero-</span> 
     </span>
     <span class='ocr_line' id='line_1_24' title="bbox 211 1916 1597 1967; baseline 0.001 -14"><span class='ocrx_word' id='word_1_115' title='bbox 211 1929 362 1965; x_wconf 85' lang='lat' dir='ltr'>nymus,</span> <span class='ocrx_word' id='word_1_116' title='bbox 391 1929 497 1967; x_wconf 87' lang='lat' dir='ltr'>quem</span> <span class='ocrx_word' id='word_1_117' title='bbox 520 1916 604 1953; x_wconf 91' lang='lat' dir='ltr'>vide</span> <span class='ocrx_word' id='word_1_118' title='bbox 634 1916 726 1953; x_wconf 89' lang='lat' dir='ltr'>inter</span> <span class='ocrx_word' id='word_1_119' title='bbox 746 1916 933 1964; x_wconf 73' lang='lat' dir='ltr'>Testimonia</span> <span class='ocrx_word' id='word_1_120' title='bbox 959 1919 1107 1954; x_wconf 83' lang='lat' dir='ltr'>Veterum</span> <span class='ocrx_word' id='word_1_121' title='bbox 1126 1946 1136 1962; x_wconf 84' lang='lat'>,</span> <span class='ocrx_word' id='word_1_122' title='bbox 1156 1931 1206 1966; x_wconf 91' lang='lat' dir='ltr'>po</span> <span class='ocrx_word' id='word_1_123' title='bbox 1261 1917 1461 1967; x_wconf 81' lang='lat' dir='ltr'>Augustum</span> <span class='ocrx_word' id='word_1_124' title='bbox 1486 1918 1597 1966; x_wconf 85' lang='lat' dir='ltr'>usque</span> 
     </span>
     <span class='ocr_line' id='line_1_25' title="bbox 211 1966 1596 2019; baseline 0.001 -17"><span class='ocrx_word' id='word_1_125' title='bbox 211 1966 259 2002; x_wconf 84' lang='lat' dir='ltr'>ad</span> <span class='ocrx_word' id='word_1_126' title='bbox 280 1977 433 2003; x_wconf 86' lang='lat' dir='ltr'>mortem</span> <span class='ocrx_word' id='word_1_127' title='bbox 453 1966 659 2003; x_wconf 84' lang='lat' dir='ltr'>Domitiani</span> <span class='ocrx_word' id='word_1_128' title='bbox 682 1967 774 2003; x_wconf 84' lang='lat' dir='ltr'>vitas</span> <span class='ocrx_word' id='word_1_129' title='bbox 787 1967 966 2003; x_wconf 80' lang='lat' dir='ltr'>Caesarum</span> <span class='ocrx_word' id='word_1_130' title='bbox 992 1968 1140 2019; x_wconf 83' lang='lat' dir='ltr'>triginta</span> <span class='ocrx_word' id='word_1_131' title='bbox 1166 1967 1411 2004; x_wconf 83' lang='lat' dir='ltr'>voluminibus</span> <span class='ocrx_word' id='word_1_132' title='bbox 1429 1981 1448 2003; x_wconf 85' lang='lat' dir='ltr'>a</span> <span class='ocrx_word' id='word_1_133' title='bbox 1461 1968 1596 2003; x_wconf 83' lang='lat' dir='ltr'>Tacito</span> 
     </span>
     <span class='ocr_line' id='line_1_26' title="bbox 211 2015 1597 2067; baseline -0.001 -15"><span class='ocrx_word' id='word_1_134' title='bbox 211 2015 357 2064; x_wconf 82' lang='lat' dir='ltr'>scriptas</span> <span class='ocrx_word' id='word_1_135' title='bbox 374 2028 559 2053; x_wconf 83' lang='lat' dir='ltr'>memorat.</span> <span class='ocrx_word' id='word_1_136' title='bbox 576 2016 715 2054; x_wconf 82' lang='lat' dir='ltr'>Periere</span> <span class='ocrx_word' id='word_1_137' title='bbox 729 2030 816 2067; x_wconf 87' lang='lat' dir='ltr'>ergo</span> <span class='ocrx_word' id='word_1_138' title='bbox 830 2018 939 2054; x_wconf 86' lang='lat' dir='ltr'>ferme</span> <span class='ocrx_word' id='word_1_139' title='bbox 956 2017 1079 2056; x_wconf 87' lang='lat' dir='ltr'>decem</span> <span class='ocrx_word' id='word_1_140' title='bbox 1095 2017 1336 2054; x_wconf 80' lang='lat' dir='ltr'>Historiarum</span> <span class='ocrx_word' id='word_1_141' title='bbox 1349 2018 1449 2060; x_wconf 87' lang='lat' dir='ltr'>libri,</span> <span class='ocrx_word' id='word_1_142' title='bbox 1465 2018 1526 2067; x_wconf 89' lang='lat' dir='ltr'>qui</span> <span class='ocrx_word' id='word_1_143' title='bbox 1537 2017 1597 2054; x_wconf 82' lang='lat' dir='ltr'>vel</span> 
     </span>
     <span class='ocr_line' id='line_1_27' title="bbox 213 2066 1597 2119; baseline 0.001 -19"><span class='ocrx_word' id='word_1_144' title='bbox 213 2066 414 2114; x_wconf 79' lang='lat' dir='ltr'>amplissimi</span> <span class='ocrx_word' id='word_1_145' title='bbox 431 2067 547 2110; x_wconf 84' lang='lat' dir='ltr'>fuere,</span> <span class='ocrx_word' id='word_1_146' title='bbox 575 2067 633 2103; x_wconf 88' lang='lat' dir='ltr'>vel</span> <span class='ocrx_word' id='word_1_147' title='bbox 658 2067 806 2104; x_wconf 85' lang='lat' dir='ltr'>Tacitus</span> <span class='ocrx_word' id='word_1_148' title='bbox 833 2081 911 2104; x_wconf 90' lang='lat' dir='ltr'>non</span> <span class='ocrx_word' id='word_1_149' title='bbox 937 2068 1000 2111; x_wconf 67' lang='lat' dir='ltr'>eit,</span> <span class='ocrx_word' id='word_1_150' title='bbox 1030 2070 1100 2119; x_wconf 56' lang='lat' dir='ltr'>qua</span> <span class='ocrx_word' id='word_1_151' title='bbox 1116 2079 1275 2117; x_wconf 81' lang='lat' dir='ltr'>coeperat</span> <span class='ocrx_word' id='word_1_152' title='bbox 1300 2067 1520 2104; x_wconf 59' lang='lat' dir='ltr'>abundantia</span> <span class='ocrx_word' id='word_1_153' title='bbox 1546 2080 1597 2103; x_wconf 83' lang='lat' dir='ltr'>res</span> 
     </span>
    </p>
   </div>
   <div class='ocr_carea' id='block_1_16' title="bbox 212 2116 1596 2212">
    <p class='ocr_par' dir='ltr' id='par_1_16' title="bbox 212 2116 1596 2212">
     <span class='ocr_line' id='line_1_28' title="bbox 212 2116 1596 2173; baseline 0.003 -23"><span class='ocrx_word' id='word_1_154' title='bbox 212 2116 344 2171; x_wconf 51' lang='lat' dir='ltr'>portin]</span> <span class='ocrx_word' id='word_1_155' title='bbox 358 2127 561 2166; x_wconf 83' lang='lat' dir='ltr'>temporum</span> <span class='ocrx_word' id='word_1_156' title='bbox 577 2128 650 2154; x_wconf 86' lang='lat' dir='ltr'>erat</span> <span class='ocrx_word' id='word_1_157' title='bbox 662 2118 886 2173; x_wconf 72' lang='lat' dir='ltr'>prosecutus.</span> <span class='ocrx_word' id='word_1_158' title='bbox 906 2119 1029 2156; x_wconf 87' lang='lat' dir='ltr'>Minor</span> <span class='ocrx_word' id='word_1_159' title='bbox 1053 2120 1147 2157; x_wconf 67' lang='lat' dir='ltr'>certe</span> <span class='ocrx_word' id='word_1_160' title='bbox 1166 2118 1309 2155; x_wconf 83' lang='lat' dir='ltr'>casuum</span> <span class='ocrx_word' id='word_1_161' title='bbox 1323 2118 1434 2168; x_wconf 84' lang='lat' dir='ltr'>copia</span> <span class='ocrx_word' id='word_1_162' title='bbox 1449 2131 1461 2162; x_wconf 86' lang='lat'>;</span> <span class='ocrx_word' id='word_1_163' title='bbox 1478 2129 1596 2167; x_wconf 81' lang='lat' dir='ltr'>neque</span> 
     </span>
     <span class='ocr_line' id='line_1_29' title="bbox 212 2176 683 2212; baseline 0.008 -12"><span class='ocrx_word' id='word_1_164' title='bbox 212 2178 252 2201; x_wconf 84' lang='lat' dir='ltr'>m</span> <span class='ocrx_word' id='word_1_165' title='bbox 272 2178 315 2201; x_wconf 84' lang='lat' dir='ltr'>us</span> <span class='ocrx_word' id='word_1_166' title='bbox 337 2176 476 2212; x_wconf 63' lang='lat' dir='ltr'>tantum</span> <span class='ocrx_word' id='word_1_167' title='bbox 496 2178 683 2205; x_wconf 84' lang='lat' dir='ltr'>momenti.</span> 
     </span>
    </p>
   </div>
   <div class='ocr_carea' id='block_1_17' title="bbox 268 2265 1596 2319">
    <p class='ocr_par' dir='ltr' id='par_1_17' title="bbox 268 2265 1596 2319">
     <span class='ocr_line' id='line_1_30' title="bbox 268 2265 1596 2319; baseline 0.001 -17"><span class='ocrx_word' id='word_1_168' title='bbox 268 2265 379 2302; x_wconf 90' lang='lat' dir='ltr'><strong>CAP.</strong></span> <span class='ocrx_word' id='word_1_169' title='bbox 406 2267 435 2303; x_wconf 91' lang='grc' dir='ltr'>Ι.</span> <span class='ocrx_word' id='word_1_170' title='bbox 466 2267 628 2304; x_wconf 79' lang='grc' dir='ltr'>ΙΝιτῐυΜ</span> <span class='ocrx_word' id='word_1_171' title='bbox 658 2272 773 2314; x_wconf 76' lang='lat' dir='ltr'>mim]</span> <span class='ocrx_word' id='word_1_172' title='bbox 795 2270 854 2305; x_wconf 84' lang='lat' dir='ltr'>Sic</span> <span class='ocrx_word' id='word_1_173' title='bbox 879 2270 990 2319; x_wconf 67' lang='lat' dir='ltr'>vulgo</span> <span class='ocrx_word' id='word_1_174' title='bbox 1015 2269 1091 2307; x_wconf 89' lang='lat' dir='ltr'>Mss.</span> <span class='ocrx_word' id='word_1_175' title='bbox 1116 2270 1248 2308; x_wconf 87' lang='lat' dir='ltr'>&amp;libri</span> <span class='ocrx_word' id='word_1_176' title='bbox 1273 2283 1398 2308; x_wconf 84' lang='lat' dir='ltr'>omnes</span> <span class='ocrx_word' id='word_1_177' title='bbox 1423 2269 1522 2307; x_wconf 87' lang='lat' dir='ltr'>editi.</span> <span class='ocrx_word' id='word_1_178' title='bbox 1552 2267 1596 2304; x_wconf 89' lang='lat' dir='ltr'>In</span> 
     </span>
    </p>
   </div>
   <div class='ocr_carea' id='block_1_18' title="bbox 131 2316 1001 2364">
    <p class='ocr_par' dir='ltr' id='par_1_18' title="bbox 131 2316 1001 2364">
     <span class='ocr_line' id='line_1_31' title="bbox 131 2316 1001 2364; baseline 0.003 -12"><span class='ocrx_word' id='word_1_179' title='bbox 131 2317 136 2321; x_wconf 83' lang='lat'>&#39;</span> <span class='ocrx_word' id='word_1_180' title='bbox 213 2316 281 2353; x_wconf 87' lang='lat' dir='ltr'>Ms.</span> <span class='ocrx_word' id='word_1_181' title='bbox 306 2317 423 2352; x_wconf 86' lang='lat' dir='ltr'>Vatic.</span> <span class='ocrx_word' id='word_1_182' title='bbox 458 2318 570 2364; x_wconf 69' lang='lat'>1864.</span> <span class='ocrx_word' id='word_1_183' title='bbox 594 2321 627 2353; x_wconf 64' lang='grc' dir='ltr'>ἃ</span> <span class='ocrx_word' id='word_1_184' title='bbox 647 2317 684 2353; x_wconf 91' lang='lat' dir='ltr'>in</span> <span class='ocrx_word' id='word_1_185' title='bbox 703 2319 768 2354; x_wconf 86' lang='lat' dir='ltr'>Ms.</span> <span class='ocrx_word' id='word_1_186' title='bbox 794 2319 907 2355; x_wconf 88' lang='lat' dir='ltr'>Corb.</span> <span class='ocrx_word' id='word_1_187' title='bbox 931 2323 1001 2355; x_wconf 83' lang='lat' dir='ltr'>mci.</span> 
     </span>
    </p>
   </div>
   <div class='ocr_carea' id='block_1_19' title="bbox 214 2366 1598 2470">
    <p class='ocr_par' dir='ltr' id='par_1_19' title="bbox 214 2366 1598 2470">
     <span class='ocr_line' id='line_1_32' title="bbox 267 2366 1596 2416; baseline 0.002 -15"><span class='ocrx_word' id='word_1_188' title='bbox 267 2366 314 2401; x_wconf 91' lang='lat' dir='ltr'>T.</span> <span class='ocrx_word' id='word_1_189' title='bbox 331 2367 467 2403; x_wconf 69' lang='lat' dir='ltr'>vimus</span> <span class='ocrx_word' id='word_1_190' title='bbox 488 2371 504 2413; x_wconf 96' lang='lat'>]</span> <span class='ocrx_word' id='word_1_191' title='bbox 532 2367 719 2416; x_wconf 75' lang='lat' dir='ltr'>Perperan]</span> <span class='ocrx_word' id='word_1_192' title='bbox 745 2369 819 2405; x_wconf 74' lang='grc' dir='ltr'>ΜΠ.</span> <span class='ocrx_word' id='word_1_193' title='bbox 841 2369 941 2405; x_wconf 86' lang='lat' dir='ltr'>Harl.</span> <span class='ocrx_word' id='word_1_194' title='bbox 957 2370 1064 2406; x_wconf 89' lang='lat' dir='ltr'>Bodl.</span> <span class='ocrx_word' id='word_1_195' title='bbox 1086 2371 1153 2408; x_wconf 86' lang='lat' dir='ltr'>Jes.</span> <span class='ocrx_word' id='word_1_196' title='bbox 1172 2375 1205 2408; x_wconf 86' lang='lat'>&amp;</span> <span class='ocrx_word' id='word_1_197' title='bbox 1231 2382 1367 2408; x_wconf 86' lang='lat' dir='ltr'>veteres</span> <span class='ocrx_word' id='word_1_198' title='bbox 1390 2369 1596 2410; x_wconf 82' lang='lat' dir='ltr'>editiones,</span> 
     </span>
     <span class='ocr_line' id='line_1_33' title="bbox 214 2415 1598 2470; baseline 0.002 -20"><span class='ocrx_word' id='word_1_199' title='bbox 214 2415 251 2451; x_wconf 84' lang='grc' dir='ltr'>Τ.</span> <span class='ocrx_word' id='word_1_200' title='bbox 277 2416 401 2454; x_wconf 79' lang='lat' dir='ltr'>Iunius.</span> <span class='ocrx_word' id='word_1_201' title='bbox 425 2417 469 2454; x_wconf 87' lang='lat' dir='ltr'>In</span> <span class='ocrx_word' id='word_1_202' title='bbox 483 2418 597 2456; x_wconf 85' lang='lat' dir='ltr'>veteri</span> <span class='ocrx_word' id='word_1_203' title='bbox 617 2418 753 2456; x_wconf 64' lang='lat' dir='ltr'>laminir</span> <span class='ocrx_word' id='word_1_204' title='bbox 779 2421 879 2458; x_wconf 55' lang='lat' dir='ltr'>ncne&amp;</span> <span class='ocrx_word' id='word_1_205' title='bbox 900 2421 996 2470; x_wconf 81' lang='lat' dir='ltr'>apud</span> <span class='ocrx_word' id='word_1_206' title='bbox 1015 2420 1073 2459; x_wconf 85' lang='lat' dir='ltr'>Cl.</span> <span class='ocrx_word' id='word_1_207' title='bbox 1086 2421 1282 2466; x_wconf 82' lang='lat' dir='ltr'>Muratori,</span> <span class='ocrx_word' id='word_1_208' title='bbox 1300 2424 1409 2457; x_wconf 68' lang='lat' dir='ltr'><em>Nomas</em></span> <span class='ocrx_word' id='word_1_209' title='bbox 1426 2421 1598 2467; x_wconf 72' lang='lat' dir='ltr'>&#39;llzefizurus</span> 
     </span>
    </p>
   </div>
  </div>
 </body>
</html>
