2209 3047
1465 180 1556 216 217

301 355 1414 431 BREVIARIUM

428 525 747 576 LIBRI
840 523 1266 589 QUARTL

170 677 205 722 I.
337 688 575 722 ICTORES
602 671 826 721 Flaviani
855 672 903 720 in
934 672 1053 721 Urbe
1063 672 1278 738 saeviunt.
1305 675 1360 720 II.
1387 672 1440 721 L.
1467 674 1552 723 Vi-

168 759 319 808 tellius
333 797 346 818 ,
370 759 479 808 licet
505 759 677 807 deditus
692 796 705 818 ‚
740 758 1020 823 interficitur.
1041 764 1118 808 III.
1138 760 1388 827 Compofitd
1417 760 1551 809 Cam-

161 847 309 913 panid
323 883 337 904 ,
359 844 611 912 obsequium
609 845 798 912 stnacds
821 846 869 894 in
892 847 947 895 V
939 846 1224 913 effrastanum.
1250 848 1336 894 IV.
1355 845 1549 894 Mucia-

169 932 246 990 ni,
270 931 490 990 Antonii,
522 951 845 1000 ceterorumque
875 932 980 980 belli
999 933 1159 982 ducum
1180 934 1374 982 honores.
1397 933 1550 999 Resti-

168 1020 321 1067 tuendi
356 1019 573 1087 Capitolii
604 1020 802 1087 constlia.
832 1019 1051 1068 Libertati
1081 1020 1272 1087 consulit
1300 1022 1549 1070 Helvidius

169 1104 364 1173 Prifius.
386 1112 445 1155 V.
464 1105 671 1173 Hujusce
687 1106 780 1154 viri
802 1106 898 1155 vita
928 1107 969 1156 ἃ
990 1126 1140 1156 mores.
1179 1110 1264 1156 VI.
1298 1107 1424 1156 Inter
1453 1127 1552 1156 eum

171 1192 213 1242 ἐξ
239 1192 435 1261 Eprium
452 1193 728 1241 Marcellum
758 1212 855 1241 acre
869 1194 1090 1261 jurgium.
1111 1197 1192 1241 DQ.
1226 1193 1311 1243 De
1346 1195 1553 1262 impensis

159 1279 360 1347 publicis
374 1275 587 1350 dff'lsto·
604 1283 664 1327 X.
683 1279 926 1342 Musonius
942 1279 1096 1347 Rufiis
1115 1280 1163 1328 in
1183 1280 1240 1328 P.
1263 1281 1455 1330 Celerem
1482 1282 1553 1330 in-

169 1368 360 1416 vehitur.
394 1371 478 1416 XI.
515 1367 799 1426 Mucianus,
843 1364 1005 1414 Urbem
1035 1362 1248 1436 ingreſjus
1273 1406 1288 1426 ,
1322 1368 1475 1418 czcnc't'a
1503 1370 1552 1418 in.

151 1455 212 1522 st
232 1454 384 1505 trahit.
417 1454 655 1523 Calpurnii
679 1453 918 1503 Galeriani
939 1454 1089 1502 caea'es.
1127 1452 1163 1500 S
1167 1456 1304 1503 ervile
1323 1456 1517 1521 Astatici
1534 1494 1550 1516 ,

169 1540 344 1600 liberti,
359 1541 659 1610 supplicium.
691 1545 792 1590 XII.
815 1541 960 1588 Initia
987 1540 1093 1588 belli
1127 1541 1418 1601 Germanici,
1443 1543 1552 1592 duce

169 1628 358 1678 Claudio
369 1628 524 1678 Civili.
537 1631 668 1678 XIV.
682 1628 831 1676 Primi
848 1629 896 1676 in
912 1647 1033 1676 arma
1045 1646 1178 1676 ruunt
1192 1628 1363 1678 Batavi
1378 1630 1418 1679 ἐξ
1433 1631 1552 1679 Can-

170 1713 401 1783 ninefates.
421 1717 532 1763 XV.
546 1715 722 1764 Accitis
738 1714 897 1781 Frisiis
915 1752 929 1774 ‚
953 1734 1166 1783 occupata
1185 1718 1370 1764 duarum
1396 1718 1553 1766 cohor-

170 1801 283 1848 tium
299 1800 492 1849 hiberna.
515 1806 646 1852 XVI.
674 1803 812 1850 Parta
841 1803 1003 1851 Civilis
1025 1804 1125 1851 a'olo
1144 1804 1194 1851 de
1220 1804 1443 1853 Romanis
1460 1805 1554 1854 vic-

169 1887 298 1936 toria.
322 1891 473 1938 XVII.
499 1887 619 1954 Ejus
631 1887 774 1954 famei
789 1889 946 1938 excitae
968 1888 1218 1938 Germanice
1235 1890 1418 1938 auxilia
1434 1891 1552 1940 ultro

171 1973 368 2042 offerunt.
406 1975 569 2024 Civilis
592 1975 847 2026 Galliarum
863 1976 1126 2043 fficiecacem
1154 1976 1358 2044 adfec‘Zat.
1376 1981 1552 2028 XVIII.

169 2061 423 2111 Hordeonii
460 2062 617 2112 Flacci
645 2063 868 2132 segnitia.
905 2063 959 2114 V
954 2062 1033 2112 ic‘Zi
1068 2063 1267 2112 Romani
1299 2063 1348 2111 in
1388 2064 1554 2114 Vetera

169 2147 308 2216 castra
323 2147 534 2216 fugiunt.
558 2154 686 2198 XIX.
717 2151 996 2199 Batavorum
1019 2149 1059 2199 ὃ·
1088 2149 1449 2216 Canninefatium
1480 2170 1553 2199 co-

128 2300 132 2305 ⁴
170 2235 313 2284 lzortes
327 2272 339 2294 ,
360 2255 454 2302 quae
480 2236 527 2284 in
555 2236 716 2284 Urbem
727 2237 969 2304 pergebant
985 2276 998 2296 ‚
1018 2254 1228 2303 corruptae
1245 2274 1258 2296 ,
1280 2235 1422 2285 Civili
1433 2238 1553 2304 jun-

153 2316 370 2388 ⁴guntum
410 2321 451 2370 (ᾗ
488 2322 723 2390 Bonnenst
743 2323 910 2391 proelio
938 2324 1244 2373 Romanorum
1285 2323 1424 2372 aciem
1447 2342 1557 2391 per-

300 2423 337 2462 T
334 2439 406 2463 om.
425 2424 503 2464 III.
1309 2424 1342 2464 E
1362 2438 1384 2466 c
