2230 3047
117 833 131 860 1
146 835 169 861 0

109 1467 168 1494 2<2

349 170 825 217 HISTORIARUM
862 169 1057 211 LIBER
1096 171 1391 215 TERTIUS.
1498 178 1580 223 167

259 253 444 295 XVIII.
478 255 552 295 AD
575 266 759 308 quartum
777 257 787 274 ¹
808 267 829 293 a
846 250 1049 292 Cremona
1068 250 1243 307 lapidem
1258 285 1270 304 ‚
1292 253 1436 295 fulsere
1451 252 1582 310 legio-

195 332 293 358 num
308 318 415 372 figna
429 348 442 369 ,
467 318 642 374 Rapacis
662 330 780 369 atque
798 314 945 356 Italicae
963 318 977 335 ²
993 345 1006 365 ‚
1028 313 1120 354 laeto
1142 316 1244 355 inter
1266 319 1378 358 initia
1401 320 1580 372 equitum

196 380 359 421 suorum
382 380 552 436 proelio,
572 380 671 421 illuc
693 380 815 433 usque
841 379 1038 435 prove3a.
1057 377 1137 418 Sed
1160 378 1227 418 ubi
1257 380 1418 422 fortuna
1441 380 1580 422 contra

197 443 275 484 fuit
288 473 300 494 ,
322 459 404 484 non
421 438 553 485 laxare
571 443 729 483 ordines
748 447 758 471 ³
771 472 783 492 ‚
806 457 888 482 non
904 443 1081 498 recipere
1096 440 1274 482 turbatos
1288 472 1300 492 ‚
1321 459 1403 484 non
1421 444 1582 485 obviam

198 506 255 547 ire
269 536 282 557 ,
306 506 493 562 ultroque
509 506 673 561 adgredi
689 507 842 546 hostem
854 536 867 556 ,
887 519 1044 546 tantum
1057 519 1126 561 per
1144 505 1313 560 spatium
1328 508 1443 547 cursu
1461 512 1500 549 ὅ(
1517 523 1586 564 pu-

198 570 363 624 gnando
377 571 538 611 fessum:
566 569 671 609 forte
690 570 782 608 vitii
798 574 816 597 4
829 599 842 618 ,
866 568 971 609 haud
987 567 1150 624 perinde
1166 567 1282 609 rebus
1297 569 1494 625 prosperis
1510 572 1585 612 du-

197 647 289 673 cem
305 633 618 674 desideraverant
633 636 645 663 5
655 661 668 682 ,
683 644 800 686 atque
814 633 855 671 in
871 632 1037 672 adversis
1051 630 1178 671 deeffe
1194 630 1487 686 intelligebant.
1502 636 1586 674 Nu-

199 708 352 737 tantem
374 698 503 737 aciem
519 697 645 737 vietor
660 696 858 748 equitatus
873 695 1069 736 incursat:
1089 698 1128 734 ὅ(
1145 695 1372 750 Vipstanius
1390 696 1554 737 Mess'ala
1571 728 1584 747 ,

198 758 407 810 tribunus,
433 775 525 800 cum
546 758 726 799 Moeficis
752 757 1009 799 auxiliaribus
1030 758 1281 811 adsequitur,
1308 773 1407 812 quos
1435 759 1585 799 militire

199 820 328 876 gloria
342 821 594 877 legionariis,
615 836 854 876 quamquam
872 822 1017 877 raptim
1034 821 1192 871 duelos,
1207 821 1397 875 aeqtiabat.
1413 822 1474 863 Ita
1489 824 1586 862 mix·

197 898 261 925 tus
275 886 394 941 pedes
408 886 604 940 equesque
614 915 627 935 ‚
644 900 785 940 rupere
801 884 1009 939 legionum
1026 883 1244 938 agmen.Et
1258 887 1482 941 propinqua
1491 885 1586 926 Cre-

198 949 446 989 montensium
461 950 612 989 moenia
624 979 637 999 ,
657 951 808 1002 quanto
823 947 911 1004 plus
925 948 1007 1004 spei
1024 947 1073 987 ad
1089 948 1305 1002 effugium,
1325 955 1438 991 tanto
1454 951 1585 989 mino-

196 1025 281 1052 rem
302 1012 351 1053 ad
367 1012 619 1054 resistendum
635 1013 810 1052 animum
828 1011 988 1052 dabant.

261 1074 391 1116 XIX.
422 1078 530 1117 NEC
553 1077 756 1116 Antonius
778 1073 882 1115 ultra
902 1075 1040 1115 institit
1053 1104 1065 1125 ,
1093 1089 1249 1114 memor
1268 1074 1414 1116 laboris
1431 1091 1477 1117 ac
1493 1074 1585 1116 vul-

197 1152 362 1189 nerum,
391 1139 532 1193 quibus
552 1152 632 1180 tam
658 1153 804 1193 anceps
825 1136 958 1193 proelii
978 1138 1138 1178 fortuna
1152 1167 1164 1187 ‚
1185 1140 1364 1191 quamvis
1394 1139 1584 1195 prospero

196 1201 277 1242 fine
294 1231 306 1252 ,
329 1203 481 1256 equites
501 1201 702 1256 equosque
719 1202 998 1242 adflictaverat.
1015 1199 1273 1241 Inumbrante
1290 1201 1450 1257 vespera
1466 1232 1478 1253 ,
1502 1203 1586 1242 uni-

197 1265 355 1306 versum
363 1264 545 1308 Flaviani
559 1265 756 1306 exercitus
768 1263 889 1305 robur
898 1264 1214 1317 advenit.thue
1229 1264 1414 1305 cumulos
1422 1265 1537 1321 super
1551 1263 1585 1316 ⁶,

198 1331 241 1369 &
260 1331 437 1370 recentia
465 1329 570 1370 caede
597 1329 760 1383 vestigia
787 1327 984 1368 incessere
997 1358 1010 1378 ,
1039 1327 1144 1382 quasi
1171 1325 1417 1368 debellatum
1443 1328 1548 1369 foret
1572 1358 1585 1379 ,

203 1406 228 1428 «
243 1403 411 1447 pergere
427 1391 670 1433 Cremonam
685 1421 698 1442 ,
720 1395 760 1432 &
786 1392 911 1432 νίἃοε
938 1393 980 1430 in
1007 1391 1257 1432 deditionem
1285 1392 1469 1447 accipere
1483 1422 1495 1442 ,
1517 1406 1585 1432 aut

196 1469 459 1511 »expugnare
475 1472 496 1492 »
511 1456 749 1511 deposcunt.
770 1455 871 1495 Haec
890 1456 933 1494 in
959 1454 1094 1495 medio
1119 1459 1156 1504 ⁷,
1179 1452 1348 1509 pulchra
1370 1455 1488 1495 dietu.
1509 1454 1584 1495 Illa

197 1516 266 1558 fibi
282 1519 469 1573 quisque:
492 1535 513 1555 <‹
539 1519 652 1560 Poffe
673 1516 876 1559 coloniam
893 1516 1014 1573 plano
1040 1517 1147 1557 sitam
1165 1518 1319 1572 impetu
1347 1519 1449 1573 capi.
1470 1518 1584 1558 Idem

196 1581 401 1623 »audaciae
415 1596 485 1638 per
500 1581 683 1623 tenebras
698 1580 1018 1637 inrumpentibus
1034 1611 1046 1631 ‚
1071 1585 1111 1620 &
1128 1579 1320 1632 majorem
1338 1581 1517 1636 rapiendi
1532 1580 1583 1620 li-

197 1660 220 1682 >›
232 1646 426 1686 centiam:
441 1645 550 1699 quod
567 1645 591 1684 fi
607 1644 741 1686 lucem
755 1646 1014 1701 opperiantur
1027 1674 1040 1694 ,
1053 1641 1133 1696 jam
1148 1658 1308 1699 pacem,
1324 1642 1401 1695 jam
1419 1658 1556 1700 preces
1569 1673 1582 1695 ,

198 1711 272 1748 »ὃς
287 1723 360 1764 pro
375 1708 511 1749 labore
530 1724 576 1750 ac
590 1707 842 1758 vulneribus,
863 1707 1121 1749 clementiam
1139 1711 1179 1747 ὅ(
1202 1706 1371 1761 gloriam
1386 1737 1398 1757 ‚
1420 1708 1552 1748 inania
1568 1736 1583 1758 ,

198 1787 221 1808 2>
231 1769 395 1813 laturos:
412 1772 480 1813 sed
495 1787 591 1828 opes
605 1771 959 1821 Cremonensium,
979 1773 1020 1811 in
1038 1771 1120 1810 sinu
1137 1770 1406 1826 prefer-storum
1426 1770 1584 1825 legato-

198 1849 398 1889 »rumque
418 1835 518 1876 fore.
543 1835 789 1891 Expugnatae
806 1834 912 1876 urbis
932 1834 1121 1891 praedam,
1143 1833 1190 1874 ad
1204 1832 1396 1881 militem3
1415 1833 1555 1874 deditae
1570 1862 1584 1883 ,

197 1914 221 1936 2>
231 1898 281 1939 ad
294 1898 414 1940 duces
431 1900 630 1955 pertinere
647 1916 668 1935 >›
680 1930 689 1939 .
715 1900 964 1954 Spernuntur
989 1898 1244 1939 centuriones
1260 1896 1508 1950 tribunique,
1536 1911 1583 1937 ac

199 1976 250 2003 ne
262 1975 345 2003 vox
359 1960 589 2017 cujusquam
607 1962 787 2003 audiatur
801 1992 813 2014 ,
828 1963 1012 2016 quatiunt
1029 1976 1135 2002 arma
1147 1990 1160 2012 ,
1180 1961 1333 2016 rupturi
1347 1961 1558 2016 imperium
1569 1988 1582 2010 ,

198 2025 240 2067 ni
265 2026 473 2067 ducantur.

241 2123 249 2138 ¹
275 2119 323 2148 Ar>
347 2120 528 2157 Qum-rum]
552 2119 596 2148 Ac
618 2118 872 2158 proinde-prope
910 2119 952 2147 111
967 2139 976 2151 ‚
995 2119 1040 2147 18.
1557 2155 1562 2159 ”

201 2157 328 2194 locum,
343 2158 396 2197 qui
414 2168 496 2188 nunc
510 2158 624 2188 dicitur
635 2158 668 2188 S.
682 2156 825 2195 Ambrosio.
953 2162 960 2183 5
984 2156 1102 2187 Ducem
1126 2165 1418 2187 nesinERAva-RANT
1440 2157 1454 2193 ]
1483 2156 1581 2185 Creti-

241 2201 253 2216 ²
275 2197 409 2228 RAPAcls
433 2208 534 2233 ATQUE
556 2199 714 2232 lmucae]
729 2197 776 2226 De
799 2196 872 2236 qui-
911 2206 1000 2231 nam,
1023 2196 1072 2226 cui
1095 2195 1221 2225 vincula
1237 2194 1428 2233 injecerant,
1446 2202 1479 2225 ut
1500 2194 1582 2223 vidi-

201 2237 259 2267 bus
276 2236 362 2275 supra
380 2236 453 2266 Hist.
467 2238 512 2273 11,
531 2248 596 2267 100.
911 2245 978 2264 mus
1000 2234 1086 2273 supra
1108 2245 1174 2272 cap.
1194 2244 1238 2272 ¹4-

244 2281 253 2301 ³
279 2277 416 2307 LAXARE
441 2277 605 2313 orzmnns]
624 2277 663 2306 Ut
677 2275 817 2305 turbatos
827 2285 874 2304 re·
951 2276 963 2293 ⁶
986 2275 1140 2304 comoros
1162 2273 1285 2309 supra]
1311 2274 1581 2312 Super‘armorum

200 2314 352 2355 ciperem.
912 2323 1143 2352 corporumque
1159 2312 1310 2343 cumulos.

241 2359 256 2378 4
276 2355 385 2385 Fon-rs
417 2365 513 2386 vrcrr
539 2355 552 2390 ]
575 2354 686 2385 Melius
723 2352 872 2392 pugnando
951 2359 963 2377 7
986 2354 1059 2383 Hffic
1083 2364 1112 2382 lu
1135 2352 1362 2388 mo10]Haec‚
1380 2350 1504 2389 pulchra
1517 2349 1581 2378 dic-

194 2392 227 2430 fe
247 2394 368 2431 umforre
383 2393 584 2423 vieturi.-}1aud
601 2393 732 2431 perinde,
745 2394 807 2424 &0
820 2392 872 2423 Vi·
911 2400 944 2422 tu
958 2416 966 2427 ,
989 2393 1020 2422 in
1046 2391 1152 2422 medio
1180 2392 1368 2428 jactabantur
1388 2401 1395 2420 :
1424 2390 1477 2420 ‘rua
1506 2389 1583 2419 vcro

226 2442 242 2463 c
268 2434 366 2466 Notas
394 2435 428 2467 6<
455 2433 702 2466 Emendationes
729 2433 767 2464 ad
797 2431 871 2463 Hist,
912 2431 1042 2472 quisque
1060 2431 1223 2463 sentiebat,

1607 306 1638 331 Α.
1649 308 1677 331 U.
1691 309 1721 333 C.

1627 360 1699 388 822.

1633 416 1654 439 J,
1668 415 1697 439 c.

1641 463 1693 497 69.
