2209 3047
468 274 581 314 λικε.

488 339 559 372 823.

490 390 513 412 J.
526 389 555 412 c.

498 445 553 472 70.

874 157 923 197 C.
989 156 1381 199 CORNELII
1444 154 1734 199 TACITI

605 238 802 294 »ignaviae
831 237 968 278 datum
992 255 1035 279 2).
1060 237 1144 278 Alii
1172 255 1193 275 ‹<
1219 239 1416 279 honorem
1446 251 1538 278 eum
1565 238 1738 277 Saturno
1764 237 1900 281 haberi
1929 249 1940 265 ¹
1975 260 1988 285 ς

603 303 732 352 »seu,
762 302 958 357 principia
984 300 1191 358 religionis
1225 299 1470 342 tradentibus
1500 299 1640 350 Idaeis,
1671 315 1769 354 quos
1797 317 1890 342 cum
1915 306 1987 345 Sa-

604 379 755 406 »turno
783 363 945 420 pulsos,
973 369 1013 406 &
1044 366 1272 406 conditores
1304 365 1435 420 gentis
1466 365 1724 420 accepimus,
1755 364 1850 415 seu,
1882 368 1989 419 quod

605 443 659 469 »e
682 428 833 484 septem
854 427 1062 479 sideribus,
1084 428 1168 482 quis
1188 428 1377 469 mortales
1396 441 1609 483 reguntur,
1631 426 1814 468 altiffimo
1835 427 1931 469 orbe
1952 434 1990 479 ²,

606 496 680 533 »&
707 489 903 548 praecipua
941 491 1119 548 potentia
1135 520 1149 542 ,
1182 490 1293 533 stella
1322 492 1484 533 Saturni
1511 491 1688 536 feratu13
1717 506 1763 531 ac
1801 490 1989 546 pleraque

605 554 849 596 »caelestium
865 584 879 606 ,
907 556 990 595 vim
1019 555 1126 596 suam
1158 559 1199 595 ὅ(
1223 555 1385 596 cursum
1414 555 1603 611 septimos
1634 567 1704 609 per
1743 568 1931 596 numeros
1974 560 1985 584 ³

606 619 858 660 »conficiant
884 636 926 658 ».

670 683 722 724 V.
754 682 819 722 H1
842 683 963 731 ritus,
984 696 1147 735 quoquo
1162 681 1285 722 modo
1302 681 1474 731 inducti,
1488 680 1751 734 antiquitate4
1766 679 1991 721 defendun-

606 759 671 786 tur
695 762 702 784 :
734 758 865 786 cetera
897 745 1072 785 instituta
1091 745 1257 795 sinistra,
1279 744 1411 794 foeda,
1435 745 1628 800 pravitate
1649 742 1809 784 valuere
1833 749 1861 784 5.
1883 745 1992 784 Nam

607 808 788 864 pessimus
810 808 998 861 quisque,
1023 808 1161 864 spretis
1182 806 1445 863 religionibus
1469 808 1603 863 patriis
1625 804 1643 827 ⁶
1658 836 1671 858 ‚
1701 805 1848 848 tributa
1869 810 1909 847 &
1930 808 1993 847 sti-

609 165 692 210 298

609 919 716 957 rente,
741 921 774 952 in
793 921 839 951 his
857 921 989 952 sabbatis
1005 921 1046 966 ali
1061 922 1165 960 potuit
1180 933 1262 966 ‚gens
1274 946 1281 959 ‚
1317 921 1413 961 gentis
1433 920 1480 960 effe
1501 929 1609 950 naturoe
1622 928 1789 961 putaretur.
1803 919 1883 950 Plin.
1901 923 1946 956 Π,
1963 924 1991 952 8.

610 963 644 992 in
660 962 720 1001 qua
737 970 800 992 erat
814 961 938 991 circiter
948 961 1083 1000 sexagies
1099 961 1282 998 hominum⁷

609 1006 788 1037 6‚000‚000.
803 1002 838 1029 In
850 1000 911 1030 una
924 1001 1000 1030 urbe
1012 1000 1177 1030 Jerusalem
1188 1025 1196 1037 ‚
1213 1004 1283 1031 cum

611 1041 827 1071 celebrabatur
835 1039 945 1069 Pascha
955 1063 962 1076 ,
974 1040 1209 1070 conveniebant
1217 1041 1283 1079 plus

612 1080 706 1118 quam
723 1079 818 1109 vicies
842 1087 974 1109 centena
989 1078 1086 1108 millia
1098 1078 1263 1109 hominum
1274 1103 1283 1117 ‚

612 1128 791 1154 2,000‚000‚
813 1126 848 1148 ut
865 1128 941 1148 mox
962 1118 1082 1148 dicetur
1110 1118 1191 1148 infra
1217 1129 1283 1158 cap.

614 1168 662 1194 13.
679 1160 721 1187 At
743 1157 925 1196 praedixerat
942 1157 1045 1188 Deus:
1061 1156 1285 1195 Facirepraecep-

610 1205 640 1225 ta
660 1206 719 1225 mea
734 1219 741 1226 .
753 1217 762 1226 .
775 1219 782 1226 .
805 1196 889 1236 Qudd
900 1196 929 1236 fi
941 1196 1068 1226 dixeritis
1080 1209 1089 1225 :
1106 1196 1184 1236 Quid
1198 1208 1285 1226 come-

612 1235 705 1264 demus
733 1245 807 1264 anno
821 1237 955 1275 fiprimo,
982 1235 1011 1276 fi
1040 1247 1092 1264 non
1111 1237 1282 1275 ftverimm,

612 1285 696 1313 neque
716 1275 902 1314 collegerimus
920 1275 1017 1315 fruges
1042 1275 1170 1315 nostras?
1199 1276 1284 1306 Dabo

611 1314 822 1344 henediffionem
844 1325 930 1344 meam
945 1315 1021 1344 vobis
1040 1325 1113 1344 anno
1130 1317 1230 1355 sema,
1255 1316 1284 1345 Er

603 1354 696 1390 faciet
720 1353 829 1391 fruc'lus
863 1355 943 1383 trium
972 1365 1115 1384 armorum.
1148 1355 1284 1386 Levitic.

612 1394 719 1429 XXV,
744 1396 778 1423 18
791 1417 800 1430 ‚
823 1404 863 1423 20
878 1394 911 1424 ὃ(
924 1404 974 1423 21.
994 1394 1088 1424 Caius
1108 1395 1205 1424 Julius
1222 1396 1286 1425 Cae-

613 1432 658 1462 sar
670 1454 678 1468 ‚
699 1432 845 1469 dictator,
867 1432 979 1463 Judaeis
992 1433 1123 1464 minime
1140 1434 1264 1473 iniquus
1275 1458 1284 1471 ,

613 1473 685 1502 ciim
703 1482 757 1502 eos
776 1472 892 1502 tributa
909 1472 1033 1511 singulis
1056 1472 1144 1507 annis
1168 1474 1286 1511 pende-

614 1521 646 1540 re
662 1511 799 1548 jussiffet,
825 1512 948 1550 excepit
963 1521 1080 1541 annum
1099 1511 1263 1551 septimum
1276 1536 1285 1549 ‚

614 1560 709 1589 quem
726 1551 925 1581 §abbaticum
944 1550 1102 1589 appellant
1115 1574 1124 1587 ‚
1153 1552 1239 1591 quod
1254 1551 1286 1581 in

616 1599 655 1619 eo
675 1599 778 1628 neque
794 1589 906 1620 fruetus
927 1591 1075 1620 arborum
1091 1590 1217 1629 legunt,
1231 1601 1288 1621 ne—

615 1639 677 1668 que
699 1628 852 1659 seminant
864 1653 872 1665 ‚
887 1639 990 1668 neque
1009 1637 1106 1660 arant.
1126 1629 1215 1663 Ε”ςκσε
1229 1633 1288 1659 κατ’

617 1669 714 1698 ὗνιοιυἹον
737 1668 805 1700 *dm-5
835 1672 926 1698 τελῶσι
930 1684 1012 1698 .....
1029 1683 1114 1706 >stag
1138 1673 1170 1699 τέ
1192 1669 1288 1707 {wopa

616 1708 692 1743 ’ἐπ-ες,
717 1708 741 1736 'Eu
768 1708 921 1738 ΣαζζκἹικὸν
943 1710 1039 1738 ἐνιαυἿον
1056 1723 1076 1737 π
1092 1710 1265 1748 οσαγορεῦεςο-ιν
1278 1732 1287 1745 ‚

618 1747 704 1778 {aad}
719 1748 746 1776 ὧν
763 1751 830 1785 aab&
847 1748 913 1784 paul-n
931 1748 984 1776 ἀπὸ
1005 1751 1051 1777 ret-v
1091 1748 1174 1787 ἑνδρων
1194 1750 1288 1787 καρῇ-[ἀν

617 1786 764 1823 λοιμέοἷνεσι
783 1808 792 1822 ,
817 1788 882 1824 μήτε
907 1787 1026 1825 σπείρει-ι
1037 1810 1044 1816 .
1055 1809 1062 1817 .
1074 1811 1081 1817 .
1095 1810 1102 1817 .
1119 1789 1162 1818 ἔτε
1193 1791 1288 1826 &fago-er.

618 1825 699 1855 Vide
716 1825 813 1864 ipsum
835 1825 958 1856 Caesaris
972 1826 1131 1856 decretum
1147 1828 1227 1865 apud
1239 1829 1290 1858 Jo-

619 1863 763 1903 sephum,
796 1864 904 1904 Antiq.
927 1865 998 1895 Jud.
1013 1867 1103 1903 XIV,
1133 1876 1178 1897 10.
1201 1877 1288 1897 num.

659 1946 668 1961 ¹
692 1943 844 1973 Summo
868 1945 1016 1981 HABERI]
1046 1945 1127 1974 Cum
1156 1943 1290 1974 invaluit

618 1980 707 2015 usus,
726 1989 760 2011 ut
784 1981 848 2012 dies
874 1982 1076 2014 hebdomadae
1104 1994 1121 2013 a
1143 1982 1290 2013 sideribus

619 2029 890 2064 nuncuparentur,
910 2022 1036 2062 diesque
1067 2022 1212 2061 septimus
1237 2024 1291 2052 Sa-

619 2066 714 2089 turno
736 2059 795 2090 fult
817 2061 954 2098 dicatus,
978 2070 1052 2092 tunc
1085 2061 1290 2092 existimatum

620 2098 662 2128 est
685 2098 801 2128 sabbati
825 2099 978 2131 honorem
1007 2103 1140 2132 Saturno
1171 2100 1289 2131 haberi.

621 2137 719 2174 Quod
734 2139 1037 2181 qerifimillimumiis
1054 2141 1153 2171 visum
1164 2141 1221 2177 est,
1237 2140 1291 2179 qui

621 2178 661 2206 ab
683 2177 787 2213 Idam,
808 2178 857 2208 seu
879 2179 1094 2216 Cretensibus,
1119 2188 1152 2210 ut
1177 2180 1292 2210 dictum

622 2215 711 2254 supra
729 2226 796 2254 cap.
821 2228 856 2254 2,
875 2218 1052 2249 Judaeorum
1073 2219 1226 2259 originem
1241 2230 1291 2250 re-

623 2256 782 2294 petebant.

664 2297 675 2310 ²
699 2296 871 2325 Amssmo
894 2307 971 2327 onnia
987 2299 1000 2334 ]
1015 2298 1038 2326 E
1058 2297 1173 2335 septem
1187 2297 1292 2329 fideri-

622 2333 699 2370 bus,
721 2344 798 2373 quos
824 2335 961 2372 planetas
989 2347 1137 2367 vocamus
1157 2361 1165 2374 ,
1194 2337 1293 2368 altissi-

623 2381 690 2402 mus
707 2374 746 2403 est
764 2375 919 2404 Saturnus.
937 2376 1104 2413 Praecipuus
1121 2384 1223 2406 autem
1239 2387 1293 2415 po·

623 2411 722 2443 tentia
745 2411 934 2454 habebatur,
956 2415 1041 2454 quod
1068 2414 1169 2455 gelidae
1193 2425 1226 2444 ac
1255 2415 1293 2445 ri-

1362 966 1372 986 3
1397 962 1554 991 Summos
1584 971 1642 990 PER
1673 971 1817 990 nummos
1838 962 1852 998 ]
1871 961 1912 990 Ea
1935 960 1995 992 fuit

1322 999 1558 1039 AEgyptiorum,
1572 999 1845 1038 Pythagoraeorum
1855 1023 1864 1036 ‚
1879 1010 1913 1030 ac
1925 1001 1996 1038 pos-

1322 1047 1372 1068 tea
1391 1039 1618 1078 astrologorum
1637 1038 1780 1069 omnium
1801 1039 1971 1077 superstitio
1983 1063 1994 1076 ‚

1322 1086 1356 1107 ut
1378 1078 1486 1108 mundi
1506 1087 1649 1116 tempora
1675 1078 1902 1117 hominumque
1932 1078 1995 1109 fata

1323 1118 1439 1155 septem
1457 1116 1591 1147 fiderum
1613 1117 1701 1147 cursu
1730 1117 1795 1156 regi
1821 1118 1994 1148 crederent.

1323 1158 1425 1195 Atque
1451 1164 1485 1186 ut
1508 1156 1672 1187 mendacio
1699 1156 1913 1187 auctoritatem
1939 1157 1996 1186 ad-

1324 1196 1411 1226 deret
1432 1195 1620 1232 obscuritas,
1646 1196 1688 1226 ita
1706 1195 1804 1225 divisa
1831 1197 1871 1226 est
1893 1196 1996 1226 homi-

1325 1245 1401 1265 num
1423 1235 1507 1272 vita,
1528 1243 1562 1265 ut
1588 1234 1713 1274 singulis
1740 1234 1849 1271 annis,
1870 1234 1996 1274 lingulis

1323 1274 1501 1312 mensibus,
1526 1274 1651 1314 singulis
1677 1274 1761 1305 horis
1784 1275 1939 1313 praeessent
1959 1274 1997 1304 fi-

1325 1315 1416 1351 dera,
1439 1315 1570 1353 vimque
1592 1315 1675 1344 suam
1696 1314 1864 1348 maximam
1878 1336 1886 1348 ‚
1909 1314 1996 1344 sicuti

1324 1355 1357 1384 8<
1371 1353 1491 1383 cursum
1504 1377 1513 1390 ‚
1526 1364 1579 1392 per
1599 1353 1746 1392 septimos
1760 1364 1905 1384 numeros
1919 1363 1999 1384 con-

1324 1394 1464 1424 ficerent.
1485 1393 1562 1422 Inde
1578 1401 1645 1423 tota
1660 1392 1908 1431 horoscoporum
1928 1402 1997 1428 ars,

1324 1440 1391 1462 tota
1414 1431 1692 1462 climanericorum
1720 1441 1875 1462 annorum
1903 1431 1997 1462 ratio.

1326 1474 1401 1509 Quae
1420 1471 1554 1502 scientia:
1576 1471 1696 1501 vanitas
1720 1471 1752 1500 in
1773 1470 1829 1501 hac
1850 1470 1935 1500 tanta
1951 1481 1999 1500 re-

1326 1511 1453 1550 ligionis
1471 1511 1691 1549 literarumque
1710 1510 1778 1540 luce
1793 1510 1935 1540 nondum
1948 1520 1999 1548 pe-

1326 1551 1409 1580 nitus
1446 1559 1484 1580 ex
1520 1549 1687 1579 hominum
1720 1549 1831 1579 animis
1868 1548 1998 1579 excidit.

1326 1589 1427 1627 Usque
1458 1589 1536 1619 adeo
1560 1589 1690 1619 timidos
1719 1589 1868 1618 mortales
1903 1596 1998 1619 vexat

1327 1628 1495 1667 caliginosa
1509 1627 1604 1658 futuri
1618 1627 1812 1666 ignorantia!

1365 1672 1380 1691 4
1401 1668 1647 1704 ANTIQUITATE]
1670 1667 1767 1704 Quod
1788 1665 1915 1706 quidem
1937 1667 1999 1696 Ta-

1328 1707 1382 1737 citi
1399 1707 1613 1737 testimonium
1629 1706 1720 1737 Mofis
1740 1706 1876 1746 legisque
1889 1706 1998 1736 judai-

1328 1757 1369 1777 cae
1385 1746 1604 1786 antiquitatem
1624 1747 1822 1785 comprobat.

1371 1791 1379 1813 5
1403 1787 1591 1818 vammz
1610 1783 1928 1822 vALuene]Sinistra,
1941 1782 1999 1814 foe-

1329 1825 1366 1855 da
1387 1824 1559 1856 habeantur
1587 1825 1764 1855 Judaeorum
1797 1823 1954 1859 instituta,
1977 1822 2000 1852 fi

1328 1865 1462 1904 pravitas
1478 1863 1514 1895 sit
1533 1866 1664 1899 Jovem,
1688 1866 1842 1895 Venerem
1854 1885 1863 1899 ,
1879 1870 2001 1892 cetera-

1329 1914 1390 1943 que
1417 1905 1628 1934 Romanarum
1656 1903 1845 1943 religionum
1865 1901 2000 1932 monstra

1329 1952 1469 1974 temnere
1478 1967 1486 1979 ‚
1496 1944 1597 1973 Deum
1609 1953 1705 1973 unum
1716 1966 1724 1978 ‚
1736 1942 1902 1975 summum,
1915 1948 2000 1970 aetcr-

1330 1993 1422 2018 num,
1443 1992 1545 2022 neque
1567 1982 1768 2019 mutabilem,
1789 1989 1891 2020 neque
1913 1979 2000 2010 inte-

1330 2022 1477 2057 riturum,
1499 2021 1615 2052 colere.

1368 2063 1382 2080 ⁶
1403 2063 1532 2092 SPRE‘rrs
1575 2068 1795 2091 Rericrournvs
1835 2066 1956 2088 rannus
1984 2056 2002 2093 ]

1331 2101 1439 2132 Praeter
1456 2101 1595 2136 Judaeos‚
1617 2098 1777 2130 Palaestinae
1794 2097 1930 2133 incolas,
1946 2096 2000 2126 alii

1331 2149 1417 2171 erant
1449 2139 1606 2171 innumeri
1628 2149 1681 2178 per
1710 2146 1813 2168 totum
1850 2144 2000 2179 terrarum

1330 2181 1440 2211 orbem
1465 2179 1575 2210 diffufi.
1595 2179 1718 2217 Ubique
1734 2177 1843 2207 ritibus
1869 2175 1927 2205 suis
1942 2174 2000 2218 ῥᾶ-

1331 2219 1424 2257 diui,
1446 2219 1556 2257 patrias
1588 2219 1752 2250 locorum,
1781 2226 1846 2255 quae
1877 2213 2002 2261 habita-

1329 2259 1427 2296 bant,
1449 2259 1617 2298 religiones
1638 2257 1842 2296 spernebant;
1871 2253 1905 2284 &
1927 2261 2000 2282 cum

1330 2299 1448 2337 templo
1458 2296 1748 2336 Hierosolymitano
1757 2303 1865 2325 omnes
1873 2291 1999 2334 interes-

1330 2338 1374 2372 se,
1390 2338 1514 2368 censum
1526 2338 1666 2372 solvere,
1687 2342 1763 2378 vqta
1775 2332 1902 2374 reddere
1912 2353 1920 2366 ‚
1933 2340 1998 2359 vrc-

1329 2377 1418 2407 timas
1438 2377 1548 2407 offerre
1565 2385 1632 2405 non
1660 2374 1802 2412 possent,
1826 2371 1940 2400 tributa
1963 2370 1997 2399 &

1328 2415 1416 2455 stipes
1428 2414 1659 2455 congerebant,
1675 2422 1742 2451 quae
1755 2410 1920 2442 Jerusalem
1937 2407 1998 2439 sm-

2026 819 2078 845 10
