2230 3047
316 181 785 224 HISTORIARUM
825 180 1021 222 LIBER
1060 180 1351 223 TERTIUS.
1461 184 1535 232 185

154 262 304 304 subitus
341 266 503 320 inrupit.
538 263 646 304 Caesa
687 261 740 302 ibi
776 263 919 303 cohors
941 290 953 311 ,
988 261 1143 315 regium
1177 261 1369 301 auxilium
1409 261 1507 302 olim
1529 291 1542 312 ,

155 341 252 367 mox
272 327 410 368 donati
427 329 590 368 civitate
610 323 795 368 Romana
814 330 823 347 ¹
836 354 849 375 ,
872 324 977 379 signa
993 338 1176 377 armaque
1197 326 1239 363 in
1261 327 1434 365 nostrum
1453 340 1539 366 mo-

154 389 249 430 dum
266 420 279 439 ‚
303 390 487 430 desidiam
506 390 790 442 licentiamque
806 389 1038 428 Graecorum
1057 386 1293 427 retinebant.
1312 388 1429 429 ClasIi
1445 404 1540 443 quo-

155 467 232 506 que
247 453 354 494 faces
370 453 532 503 intulit,
556 467 686 493 vacuo
703 452 799 491 mari
816 450 980 491 eludens
1002 454 1016 470 ²
1031 480 1044 500 ‚
1067 451 1159 503 quia
1180 448 1396 492 leeliffimas
1414 452 1538 492 libur-

156 516 335 556 nicarum
350 546 362 567 ,
385 531 626 569 omnemque
642 513 812 555 militem
828 515 1042 554 Mucianus
1056 513 1295 566 Byzantium
1311 519 1320 541 ³
1342 515 1540 569 adegerat.

155 579 268 632 Quin
302 583 342 620 ὅ(
369 578 522 620 barbari
553 578 818 633 contemptim
847 576 1116 631 vagabantur,
1142 575 1344 617 fabricatis
1375 578 1538 632 repente

153 641 319 682 navibus
337 646 542 692 (camaras
557 654 706 682 vocant
719 644 760 690 4)
777 640 887 680 ardis
903 638 1090 679 lateribus
1105 669 1117 690 ,
1132 637 1209 679 lata
1226 639 1318 680 alvo
1332 669 1344 689 ,
1363 640 1439 679 line
1455 642 1537 680 vin-

155 703 250 744 culo
271 706 352 746 aeris
375 710 387 737 5
406 718 472 746 aut
488 705 581 745 ferri
597 703 802 745 connexa:
824 706 863 743 ὃς
881 703 1037 743 tumido
1055 704 1151 743 mari
1164 733 1177 753 ,
1200 716 1318 758 prout
1331 703 1469 744 fluctus
1484 716 1537 743 at-

152 765 336 818 tollitur,
367 768 520 808 summa
538 768 701 808 navium
718 764 862 807 tabulis
883 778 1029 820 augent
1045 765 1176 806 donec
1192 767 1232 805 in
1256 766 1421 807 modum
1444 767 1538 806 tetii

73 843 88 869 1
100 843 124 868 0
154 828 402 871 claudantur.
417 832 486 872 Sic
500 832 603 871 inter
618 830 742 870 undas
759 827 979 870 volvuntur
992 858 1004 878 ‚
1023 830 1107 884 pari
1123 830 1321 883 utrimque
1336 827 1450 884 prora
1459 859 1472 879 ‚
1497 832 1539 869 δε

73 1156 120 1196 ¹5

66 1470 123 1498 20

151 892 336 934 mutabili
351 895 518 949 remigio
529 894 560 945 ⁶,
569 892 728 948 quando
743 893 839 933 hinc
855 890 921 934 vel
933 890 1048 933 illinc
1062 890 1262 948 appellere
1280 892 1538 934 indiscretum

154 960 196 997 ὅ(
218 957 430 997 innoxium
453 958 518 998 est.

215 1019 440 1061 XLVIII.
476 1021 742 1060 ADVERTIT
766 1034 812 1060 ea
832 1034 892 1060 res
909 1018 1137 1075 Vespasiani
1153 1019 1329 1059 animum
1348 1024 1387 1070 ⁷,
1411 1031 1456 1060 ut
1474 1034 1539 1061 ve-

153 1081 333 1123 xillarios
350 1098 371 1123 e
389 1083 616 1138 legionibus
629 1114 642 1134 ‚
667 1084 892 1137 ducemque
911 1083 1097 1123 Virdium
1119 1083 1365 1133 Geminum,
1393 1083 1541 1138 specta«,

154 1159 201 1187 tae
219 1146 394 1197 militiae,
425 1146 632 1202 deligeret.
655 1146 731 1187 Ille
758 1146 1095 1202 incompositum,
1121 1149 1162 1185 ὅ(
1188 1146 1321 1200 praedae
1348 1146 1539 1201 cupidine

153 1224 328 1264 vagum,
353 1211 503 1251 hostem
536 1210 722 1260 adortus,
747 1211 883 1265 coegit
907 1210 948 1249 in
979 1223 1120 1249 naves:
1147 1209 1372 1262 effeffisque
1393 1212 1537 1264 raptim

152 1270 362 1314 liburnicis
383 1303 396 1324 ,
431 1273 657 1327 adsequitur
681 1274 900 1314 Anicetum
923 1273 964 1312 in
993 1273 1091 1312 ostio
1114 1271 1289 1312 fluminis
1318 1271 1468 1312 Cohibi
1492 1270 1506 1294 ⁸
1523 1302 1537 1323 ,

153 1349 285 1376 tutum
301 1335 369 1375 sub
385 1337 712 1377 Sedochezorum
730 1337 833 1391 regis
850 1341 865 1365 9
882 1333 1032 1376 auxilio
1045 1365 1058 1385 ,
1083 1349 1201 1389 quem
1218 1333 1389 1390 pecunia
1404 1334 1539 1375 donis-

153 1413 230 1453 que
243 1398 291 1439 ad
304 1399 537 1440 societatem
552 1399 790 1455 perpulerat.
808 1399 869 1439 Ac
883 1399 1013 1454 primo
1029 1412 1100 1438 rex
1113 1399 1229 1438 minis
1244 1398 1438 1452 armisque
1453 1398 1538 1454 sup-

153 1460 302 1519 plicem
325 1464 449 1504 tueri:
471 1464 677 1520 postquam
694 1477 846 1504 merces
863 1461 1102 1518 proditionis
1116 1490 1131 1514 ‚
1160 1474 1227 1502 aut
1241 1459 1394 1502 bellum
1412 1463 1538 1503 osten-

866 1571 904 1601 de
924 1570 1074 1608 Traiano.

906 1611 919 1629 ⁶
941 1611 1103 1641 ΜυτΛωιῐ
1126 1609 1288 1645 numicio]
1314 1608 1399 1640 Idem
1413 1609 1450 1639 de
1463 1610 1537 1640 Ger-

866 1660 1029 1680 manorum
1058 1649 1188 1679 navibus
1215 1649 1335 1678 dicetur
1371 1647 1475 1686 infra,
1498 1649 1538 1679 de

866 1689 1006 1720 Moribus
1030 1689 1175 1719 German,
1200 1689 1313 1718 XLIV.

194 1576 203 1590 ¹
231 1571 394 1602 (ἶινιτΑτε
415 1571 555 1602 Romus
568 1573 582 1609 ]
596 1573 644 1602 De
660 1572 726 1611 jure
746 1571 825 1602 civi-

153 1609 223 1641 tatis
238 1611 384 1640 Romanae
397 1610 513 1640 dictum
525 1611 556 1641 in
567 1612 660 1642 Notis
673 1613 825 1643 &Emen-

154 1649 335 1680 dationibus
356 1649 395 1679 ad
415 1650 525 1681 Annal.
547 1652 609 1687 XI,
629 1661 679 1688 23.

194 1694 205 1708 ²
236 1690 418 1727 Etunssns]
459 1690 496 1720 Et
535 1689 682 1720 illudens.
717 1692 824 1722 Vacuo

155 1727 239 1758 enim
253 1728 349 1765 mari,
366 1727 487 1759 securus
504 1730 679 1760 oberrabat.

195 1773 205 1794 3
230 1769 447 1802 ΒγΖΛΝτιυΜ]
468 1769 560 1799 Nunc
578 1767 812 1808 Constantinople.

192 1810 207 1830 ⁴
229 1807 387 1837 CAMARAS
412 1809 569 1844 vocam]
590 1810 729 1845 Quarum
759 1806 826 1837 usus

153 1845 356 1885 perantiquus
371 1869 379 1883 ‚
400 1854 434 1876 ut
456 1847 565 1878 videre
590 1849 629 1878 est
648 1846 729 1885 apud
745 1848 827 1876 Stra-

153 1886 273 1916 bonem
288 1886 351 1921 XI,
367 1895 435 1924 pag.
456 1890 535 1923 496,
554 1886 608 1926 qui
630 1897 678 1917 eas
700 1896 826 1925 quoque

154 1925 284 1965 Κιμάςφς
305 1925 448 1963 appellat.
462 1927 507 1956 Ita
521 1926 604 1956 leves
627 1934 714 1956 erant
729 1935 827 1955 cama-

153 1974 192 1995 rae
209 1988 218 2001 ,
239 1973 271 1996 ut
292 1964 416 1995 barbari
443 1975 492 1996 eas
521 1965 658 1996 humeris
682 1965 827 2003 impone-

154 2012 244 2042 rent,
261 2004 295 2034 &
319 2003 353 2033 in
370 2003 457 2034 filvas
481 2012 659 2044 portarent,
685 2004 758 2034 licet
775 2003 827 2033 vi-

155 2042 235 2082 ginti
262 2042 402 2082 quinque
431 2051 483 2074 aut
509 2044 637 2084 triginta
660 2043 827 2074 hominum

153 2092 278 2120 capaces
289 2105 298 2119 ‚
309 2084 381 2113 teste
400 2083 513 2114 eodem
532 2085 697 2115 Strabone.

196 2126 205 2148 5
228 2122 300 2151 snm
323 2132 464 2153 vmcuzo
486 2134 562 2154 mnis
578 2126 590 2161 ]
608 2122 724 2161 Quales
741 2128 828 2153 erant

154 2159 370 2192 Moscoviticae
385 2169 454 2192 ante
465 2162 735 2194 celebratiffimum
747 2161 827 2192 Petri

154 2199 261 2239 Magni
291 2199 520 2239 principatum:
550 2202 715 2241 qualesque
745 2211 828 2231 nunc

154 2238 397 2269 Groenlandicae
415 2262 423 2276 ,
456 2239 585 2280 aliaeque
624 2241 828 2271 barbarorum

134 2287 271 2315 ,naves,
294 2278 397 2308 nervis
425 2279 640 2319 radicibusque
664 2279 828 2318 colligatae.

157 2318 260 2354 Quam
286 2316 430 2357 frequens
463 2319 545 2357 apud
574 2321 734 2350 Romanos
765 2318 829 2348 aeris

156 2356 224 2386 usus
246 2357 363 2387 docent
386 2365 491 2388 vetera
516 2365 721 2389 monumenta
735 2381 743 2394 ‚
763 2368 829 2396 quae

157 2395 260 2438 paffim
280 2395 312 2426 in
330 2396 526 2428 curiosorum
543 2397 676 2428 cimeliis
702 2397 829 2427 exstant.

158 2434 239 2465 vide
250 2434 283 2467 ὃ(
296 2445 409 2467 navem
427 2437 556 2476 Trajani
571 2438 652 2470 inter
667 2436 831 2470 Anecdota

283 2479 389 2522 Tom.
422 2481 501 2524 III.

904 1734 917 1754 7
940 1731 1126 1759 Vesusmm
1150 1727 1306 1763 nmmum]
1330 1726 1439 1756 Mallet
1460 1726 1538 1765 Lip-

865 1767 943 1804 ssus,
962 1767 1166 1807 Vejpczstanum.
1180 1766 1230 1797 Sic
1248 1766 1334 1805 supra
1354 1765 1465 1796 Annal·
1487 1767 1537 1802 11,

870 1818 917 1844 ¹7·
938 1806 1003 1836 0620
1020 1806 1118 1846 aquilae
1132 1829 1139 1837 .
1156 1828 1164 1835 .
1181 1829 1189 1837 .
1211 1805 1404 1843 Imperatorem
1426 1805 1538 1835 adver-

866 1846 940 1877 tere.

906 1885 917 1905 ⁸
940 1885 1097 1916 Frumxms
1121 1886 1268 1923 Comm]
1290 1882 1539 1923 Meliiisflumim'r

865 1924 943 1954 Cobi,
961 1925 1047 1955 Idem
1078 1925 1161 1955 enim
1182 1925 1240 1961 est,
1267 1924 1304 1954 de
1331 1934 1394 1963 quo
1419 1923 1537 1954 Plinius

866 1965 906 1995 VI
917 1986 925 2000 ,
945 1975 974 2002 4.
994 1964 1107 1993 Flumen
1131 1963 1231 1992 Cohum
1243 1974 1256 1991 e
1272 1963 1394 2002 Causast)
1405 1973 1453 1999 per
1464 1962 1539 1991 Sua-

866 2003 1026 2042 nosfluens.
1042 2003 1185 2033 Arrianus
1203 2003 1235 2032 in
1254 2002 1364 2041 Peripl.
1385 2002 1470 2033 Κῶςος
1489 2016 1540 2031 πα-

866 2043 965 2080 ταμὶς,
979 2053 1061 2072 nunc
1075 2042 1246 2081 Kobidzkali.
1266 2043 1301 2071 In
1325 2043 1458 2073 Pontum
1473 2042 1539 2071 Eu-

867 2082 977 2112 xinum
999 2081 1103 2112 inssuit
1135 2081 1221 2120 supra
1250 2081 1346 2112 Phafis
1362 2105 1371 2119 ,
1388 2080 1412 2110 le
1433 2080 1539 2119 Ptzass,

868 2121 953 2152 ostia.
1509 2142 1511 2144 .

907 2167 919 2185 9
940 2162 1206 2192 SEDocunzonum
1226 2163 1339 2193 neeis]
1354 2159 1447 2189 Error
1456 2160 1539 2189 certe

868 2200 924 2234 est,
947 2201 980 2230 ὅ(
1000 2200 1248 2235 emendandum,
1271 2207 1304 2229 ut
1331 2201 1409 2229 recle
1431 2198 1541 2235 conje-

867 2239 911 2269 cit
928 2238 1134 2277 Colerus‚ficl)
1146 2238 1263 2268 Sedochi
1277 2261 1285 2274 ‚
1296 2237 1338 2266 La
1359 2248 1432 2266 orum
1445 2238 1538 2276 regis,

868 2278 970 2307 auxilio
985 2291 993 2306 .·
1014 2278 1055 2308 ita
1068 2288 1196 2317 quoque
1207 2277 1301 2308 vertit
1319 2278 1345 2307 C
1362 2299 1368 2306 .
1384 2277 1516 2319 Gordon
1527 2299 1538 2312 ,

868 2328 936 2354 upon
952 2317 995 2346 the
1008 2317 1155 2354 proreeiion
1171 2316 1347 2354 ofSedochux
1361 2317 1434 2355 King
1453 2316 1478 2352 ο]
1496 2315 1540 2344 the

870 2356 1005 2395 Lazians.
1022 2356 1106 2387 Vide
1126 2358 1225 2387 Notas
1248 2358 1281 2387 ὅ(
1294 2355 1541 2386 Emendationes

868 2397 904 2426 ad
916 2396 987 2426 Hist.
1002 2396 1042 2426 Ill
1054 2420 1062 2431 ,
1072 2399 1123 2435 48.
1133 2396 1205 2437 Lazi
1220 2420 1228 2434 ,
1240 2406 1322 2427 nunc
1338 2395 1365 2424 la
1375 2395 1541 2431 Priuczfau-

869 2436 895 2467 τέ
910 2435 942 2466 de
961 2435 1068 2468 Guriel.
1338 2476 1376 2517 Α

1563 276 1679 296 Ξ

1563 310 1593 334 Α.
1605 310 1634 333 U.
1647 309 1676 333 C.

1585 357 1657 385 322.

1587 408 1609 431 J.
1629 407 1659 430 C.

1595 457 1647 489 69.
