2209 3047
377 178 459 220 AD
490 178 714 220 LIBRUM
740 179 792 221 V.
815 177 958 220 HIST.
985 179 1033 220 C.
1055 180 1234 222 CORN.
1265 180 1472 225 TACITI.
1534 198 1619 237 549

239 267 360 303 tempus
389 257 426 292 ξφ
459 257 566 292 modus
587 269 656 291 cum
672 257 897 303 Bacchisacris
924 258 1081 303 congruit.
1108 258 1202 301 Quod
1217 261 1299 294 enim
1317 259 1375 307 ipsi
1391 272 1506 296 vocant
1525 265 1622 309 jeju-

239 310 327 342 nium
347 334 356 350 ‚
387 306 419 342 id
438 305 488 354 stc
510 307 667 341 celebrant
688 333 698 349 ‚
720 318 754 340 ut
776 307 915 341 maxime*
939 306 1087 354 fervente
1100 309 1262 343 vindemia*
1274 322 1454 355 proponant
1481 313 1622 358 mensas,

242 358 276 390 in
293 358 403 404 quibus
423 355 568 403 exposita,
585 355 655 402 fint
671 359 767 390 omnis
783 359 904 403 generis
913 356 1054 404 fruge53
1083 355 1120 390 ὃ
1138 358 1198 401 sub
1224 359 1434 395 tabernaculis
1458 361 1595 408 deficient
1612 388 1623 404 ,

239 419 308 454 quae
321 406 512 452 ponstimiim
533 420 547 440 e
562 407 792 449 palmitibus&
811 406 923 440 hedeni
951 417 1186 440 contexuntur:
1203 408 1387 453 &primam
1406 411 1623 457 solemnitatis

241 456 323 490 diem
346 454 596 492 Tabernacula
625 458 801 490 nominans.
835 455 947 490 Paucis
970 459 1043 490 vert)
1067 454 1137 502 post
1157 455 1261 490 diebus
1288 460 1387 493 aliam
1408 460 1624 507 festivitatem

242 518 305 540 non
332 506 454 552 obscure*
470 536 478 547 ,
495 506 554 551 sed
579 508 703 540 omnino
725 505 831 550 aperte
858 506 979 540 Baccho
1004 517 1216 551 nuncupatam
1237 508 1404 544 celebrant.
1442 511 1499 557 Est
1527 514 1625 546 etiam

231 554 373 602 solemne
391 555 477 601 apud
497 554 669 601 eosfestiim
682 555 924 600 Crateroplzoria
936 556 971 590 ξφ
982 556 1211 603 leyrsophoria
1222 582 1232 598 ‚
1243 558 1275 590 in
1292 569 1349 603 qao
1365 560 1483 607 thyrsos
1495 561 1624 608 gestan-

245 617 290 640 tes
315 607 347 639 in
379 606 530 651 templum
553 607 678 638 intrant
705 617 719 637 .·
740 604 815 651 quid
838 606 923 639 intus
941 605 1070 652 faciant
1097 609 1218 652 ignoro.
1251 605 1406 642 Credibile
1435 609 1476 655 est
1504 612 1542 645 ab
1582 614 1623 646 iis

243 654 359 689 Bacchi
373 655 471 701 sacra
486 656 623 701 peragi:
636 654 843 688 nan1&tubis
860 658 984 702 exiguis
997 684 1004 696 ,
1019 654 1510 701 ficietArgiviBacchanalibus,
1526 672 1623 696 utun-2

241 715 296 738 tur
321 704 363 738 ad
393 706 606 738 evocationem
635 705 771 738 numinis
787 718 800 737 :
816 704 852 738 {J
877 706 936 739 alii
958 704 1206 751 progrediuntur
1223 705 1352 739 citharis
1368 706 1507 742 ludentes
1523 735 1531 749 ,
1546 723 1621 757 quos

237 752 300 799 ipfi
327 753 457 788 Leviias
485 754 648 799 appellant
669 781 678 796 ‚
705 753 778 799 sive
807 767 826 788 a
853 754 944 802 Lyfio
961 754 1056 801 ‚stre
1080 755 1117 789 ab
1139 755 1221 788 Evio
1240 757 1254 800 (
1271 766 1400 802 utraque
1419 769 1485 791 vox
1500 759 1621 795 Baccho

239 805 411 850 congruit)
439 806 485 838 iia
508 803 617 838 diHos.
648 804 771 849 Opinor
799 805 895 838 eciam
910 805 1117 850 sabbatorum
1129 804 1233 850 ferias
1261 817 1322 839 non
1342 806 1438 850 plane
1463 819 1481 840 a
1499 806 1621 844 Baccho

239 853 294 900 effe
314 853 447 888 alienas.
471 853 589 888 Sabbos
614 856 695 888 enim
714 856 887 887 etiamnum
910 854 1004 887 multi
1019 855 1154 889 Bacchos
1169 855 1332 900 appellant
1351 881 1359 897 ‚
1384 868 1510 903 eamque
1527 858 1621 893 edunt

238 915 345 937 vocem
370 903 445 937 dum
467 903 572 949 Orgia
591 903 706 936 Bacchi
733 903 901 938 celebrant.
936 902 1034 938 Alias
1058 903 1187 940 deinde
1219 903 1376 940 rationes
1395 905 1514 941 subdit
1534 906 1621 942 Plu-

238 951 382 987 tarchus
396 979 405 994 ‚
436 951 565 1001 quibus
583 951 679 986 suam
701 951 914 988 sententiam
933 951 1206 989 demonstratam
1222 953 1334 990 credit
1353 967 1362 989 :
1381 968 1510 1004 nempe
1528 956 1620 993 festis

239 1001 367 1038 diebus
384 1001 557 1037 summum
576 1001 787 1049 pontificem
803 1002 1008 1039 Judaeorum
1023 1003 1204 1039 mitratum
1225 1003 1390 1041 incedere
1413 1033 1421 1048 ‚
1446 1005 1620 1043 tintinna-

238 1050 333 1086 bulis
362 1065 381 1088 e
407 1050 503 1088 veste
531 1051 841 1099 dependentibus3
864 1053 962 1102 quod
989 1081 998 1095 ‚
1023 1053 1140 1102 inquit
1155 1081 1164 1096 ‚
1186 1053 1277 1088 nulli
1308 1054 1369 1088 alii
1393 1055 1463 1091 deo
1479 1081 1488 1096 ‚
1512 1057 1617 1106 quam

238 1099 388 1137 Baccho
419 1101 594 1138 convenit
629 1115 637 1137 :
670 1101 813 1138 Judceos
847 1102 885 1138 in
910 1103 1089 1139 sacrificiis
1115 1103 1185 1139 mel
1215 1116 1292 1139 non
1311 1103 1508 1148 adhibere3
1535 1107 1620 1156 quia

237 1150 387 1187 adversa
407 1152 495 1187 vino
518 1151 633 1188 mellis
651 1163 776 1188 natura
797 1166 806 1188 :
832 1152 987 1202 denique
1010 1153 1103 1189 inter
1123 1152 1250 1188 multas
1271 1166 1459 1201 poenarum
1475 1155 1620 1201 formas,

235 1200 332 1237 hanc
345 1201 441 1250 apud
456 1201 599 1238 Judaeos
621 1203 774 1238 maxime
793 1202 957 1238 odiosam
973 1203 1038 1239 effe
1049 1231 1057 1246 ‚
1071 1203 1142 1252 qua
1159 1202 1204 1238 ad
1225 1214 1358 1239 certum
1374 1216 1513 1253 tempus
1530 1206 1620 1243 vino

234 1250 462 1288 interdicitur
493 1253 690 1289 damnatus.
719 1254 811 1298 Quae
829 1252 980 1289 retuliffe
1003 1252 1042 1289 s1t
1069 1252 1172 1296 satis,
1201 1266 1268 1289 nec
1286 1253 1501 1291 refutatione
1528 1256 1622 1292 indi--

233 1312 333 1350 gent.
350 1301 574 1338 Manifestum
595 1302 689 1338 enim
719 1301 767 1338 est
783 1303 860 1338 haec
879 1302 1002 1338 omnia
1026 1302 1093 1338 niti
1115 1302 1273 1338 absurdis
1300 1303 1430 1339 rituum
1444 1304 1620 1342 Judaico-

234 1362 315 1386 rum
333 1350 688 1399 interpretationibus
705 1379 714 1394 ‚
746 1355 779 1387 ὃς
800 1352 1024 1388 solemnitate
1042 1352 1375 1388 Tabernaculorum
1405 1353 1441 1388 in
1467 1367 1619 1403 pravum

235 1399 391 1436 detorta.
415 1400 555 1448 Nempe
577 1401 676 1450 quod
694 1400 774 1449 post
795 1401 961 1437 colleetas
980 1401 1095 1451 fruges
1114 1429 1124 1444 ‚
1151 1401 1267 1439 Judaei
1300 1402 1336 1437 in
1360 1403 1621 1450 tabernaculis,

234 1449 405 1486 arborum
427 1450 557 1486 fronde
575 1451 754 1487 contextis
770 1478 778 1493 ,
808 1450 1024 1487 diversantes
1040 1479 1049 1493 ‚
1086 1451 1219 1486 summa
1244 1464 1325 1487 cum
1349 1453 1473 1489 leetitia
1495 1454 1621 1492 festum

236 1498 573 1536 Tabernaculorum
604 1500 662 1536 die
689 1499 965 1550 quintodecimo
991 1500 1114 1536 mensis
1144 1500 1267 1544 Tisri,
1290 1503 1388 1550 juxta
1419 1502 1534 1552 legem
1550 1504 1621 1542 Le-

235 1547 340 1585 vitici
352 1549 476 1584 XXIII
493 1577 501 1592 ,
520 1561 572 1596 40
587 1552 619 1585 ὃς
638 1549 733 1599 seqq.
757 1549 890 1598 septem
914 1550 1037 1586 diebus
1050 1549 1301 1593 celebrabant;
1326 1552 1423 1601 quod
1437 1554 1621 1602 praecipua

237 1611 385 1648 quoque
412 1598 600 1636 festivitate
629 1599 724 1635 diem
746 1600 895 1636 alterum
915 1603 947 1636 &
969 1599 1174 1636 vicesimum
1193 1600 1347 1648 ejusdem
1373 1603 1496 1638 mensis
1524 1604 1622 1640 Tisri

233 1649 476 1685 observabant
492 1676 500 1691 ,
523 1661 662 1692 Γελῶος,
688 1649 748 1686 seu
767 1650 907 1700 thyrsos
922 1679 930 1693 ‚
959 1650 1074 1686 salicis
1099 1650 1317 1700 aliarumque
1347 1651 1514 1689 arborum
1540 1654 1621 1704 ges-

236 1708 352 1735 tantes
367 1727 375 1742 ,
403 1702 437 1735 &
456 1699 575 1735 Deum
586 1700 783 1746 servatorem
801 1700 996 1750 plurimum
1014 1700 1244 1743 invocantes,
1273 1700 1429 1751 ideoque
1459 1702 1532 1739 dies
1556 1704 1619 1742 ille

234 1747 275 1784 in
301 1748 526 1786 Kalendariis
554 1748 711 1786 Judaicis
738 1750 939 1800 appellatur
960 1762 1030 1789 15:1¹5
1057 1761 1199 1790 nnuman
1221 1764 1230 1786 ε
1256 1749 1339 1787 inde
1362 1752 1515 1788 conficta
1539 1753 1621 1790 sunt

233 1798 297 1833 illa
330 1799 453 1835 omnia
484 1800 746 1844 Bacchanalia3
771 1813 791 1836 a
818 1801 945 1849 quibus
971 1801 1022 1836 ita
1045 1800 1286 1837 abhorrebant
1311 1800 1422 1837 Judoei
1440 1830 1448 1845 ‚
1468 1814 1508 1839 ut
1537 1804 1620 1839 cum

231 1847 317 1884 illos
339 1850 382 1885 ad
412 1849 450 1884 id
474 1849 667 1898 impietatis
691 1851 909 1899 compellere
930 1851 1040 1887 vellet
1052 1850 1259 1887 Antiochus
1277 1850 1483 1899 Epiphanes
1499 1881 1508 1896 ‚
1525 1853 1620 1889 mori

233 1899 384 1947 potius,
413 1900 519 1949 quam
546 1900 676 1936 foedari
703 1901 903 1938 maluerint.
946 1900 1040 1937 Vide
1072 1900 1108 1936 11
1138 1900 1304 1937 Machab.
1326 1901 1398 1943 VI,
1417 1915 1452 1949 7.
1472 1903 1618 1952 &seqq.

234 1948 373 1986 Confer
407 1963 576 1999 quoque,
603 1949 627 1985 fi
653 1951 836 1993 volueris,
861 1964 942 1987 cum
969 1950 1163 1987 Plutarcho
1202 1951 1419 1986 Athenaeum
1444 1952 1507 1988 lib.
1534 1952 1618 1992 Vll.

233 2010 318 2047 pag.
336 2000 425 2045 276.
442 2000 530 2036 lnde
549 2000 734 2037 evidenter
755 2001 946 2050 perspicies
961 2013 1023 2037 cur
1041 2000 1163 2037 festum
1188 2000 1278 2036 illud
1292 2000 1500 2037 Plutarchus
1518 2001 1620 2038 dixe-

235 2047 284 2083 rit
316 2049 598 2099 craterophoria.
631 2051 750 2090 Σαέζίζκς
782 2062 899 2088 autem
925 2062 1125 2094 memorat,
1153 2050 1252 2101 quod
1273 2050 1386 2087 Judoei
1407 2052 1524 2088 Deum
1552 2054 1620 2088 Sa-

232 2097 349 2135 baoth
365 2127 374 2142 ,
403 2112 516 2140 metm*
538 2112 616 2139 mm
632 2129 643 2143 ,
674 2102 732 2138 seu
751 2103 853 2137 Deum
875 2105 1068 2137 exercituum
1094 2101 1327 2137 invocabant.

291 2147 475 2191 VITISQUE
510 2154 679 2197 AUREA]
726 2152 820 2200 Quae
852 2151 957 2189 fuerit
984 2151 1047 2187 illa
1068 2151 1151 2188 vitis
1177 2163 1309 2198 aurea,
1335 2150 1373 2188 in
1403 2151 1538 2202 templo
1556 2163 1618 2189 re-

238 2207 338 2248 perta
352 2225 362 2244 ‚
396 2200 661 2250 explicandum.

711 2289 808 2346 De
839 2292 944 2347 vice
979 2293 1152 2347 (zared.

286 2399 376 2438 Cum
412 2401 452 2439 in
482 2402 620 2453 templo
655 2402 826 2442 interiore
864 2403 987 2442 omnia
1028 2415 1116 2441 auro
1152 2402 1381 2440 coruscarent
1407 2426 1419 2445 ,
1461 2410 1501 2439 ut
1538 2401 1617 2451 ejus
