2230 3047
340 166 811 211 HISTORIARUM
851 166 1046 208 LIBER
1084 167 1433 211 SECUNDUS.
1508 182 1587 221 105

208 249 436 305 principatu
445 250 657 304 quaesitum.
669 252 767 290 Non
779 247 983 289 discessere
999 247 1045 287 ab
1061 250 1177 289 armis
1193 252 1232 288 in
1241 249 1438 290 Pharsalia
1448 265 1493 291 ac
1502 251 1592 290 Phi·
1610 264 1726 287 Ξ

207 311 326 368 lippis
353 318 359 334 ¹
385 315 536 354 civium
556 312 764 367 legiones3
791 312 936 352 nedum
955 311 1134 351 Othonis
1158 327 1203 351 ac
1213 313 1370 352 Vitellii
1390 315 1589 354 exercitus
1612 300 1725 376 Ag?-

209 375 349 430 sponte
368 377 530 430 posituri
549 375 700 415 bellum
717 376 876 415 fuerint.
899 373 1049 414 Eadem
1076 372 1168 414 illos
1192 374 1309 414 deum
1337 377 1391 416 ira
1406 407 1416 425 ‚
1451 377 1589 417 eadem
1635 368 1705 422 ὣς]

206 438 419 477 hominum
449 438 596 487 rabies,
624 438 768 477 eaedein
793 437 986 478 scelerum
1003 437 1125 477 causae
1144 438 1185 475 in
1201 436 1438 478 discordiam
1460 441 1590 494 egere.
1645 447 1697 480 69·

157 501 179 541 5
211 500 335 554 Quod
353 500 511 556 singulis
528 499 640 540 velut
653 499 791 539 ietibus
811 500 1000 540 transaCta
1015 501 1104 539 sunt
1120 498 1245 549 bella,
1266 499 1425 554 ignavia
1438 503 1594 543 Princi-

207 578 304 618 pum
327 563 472 604 faCtum
495 564 560 604 est.
581 562 661 603 Sed
683 577 746 603 me
769 576 949 603 veterum
968 577 1245 616 novorumque
1261 577 1419 602 morum
1436 579 1596 620 reputa-

209 627 268 666 tio
284 625 442 680 longius
457 624 571 666 tulit:
596 640 703 666 nunc
718 625 766 666 ad
780 640 911 665 rerum
932 626 1114 666 ordinem
1131 626 1265 666 venio.

252 688 455 730 XXXIX.
481 689 704 729 PROFECTO
719 688 941 728 Brixellum
960 689 1149 738 Othone,
1165 690 1296 729 honor
1307 689 1463 744 imperii
1478 705 1600 744 penes

210 750 418 792 Titianum
436 752 621 801 fratrem,
649 753 707 792 vis
730 767 777 792 ac
798 752 1008 807 potestates
1028 766 1150 807 penes
1170 751 1387 792 Proculum
1402 782 1414 802 ,
1437 753 1601 808 praefec-

211 826 298 854 tum
314 818 342 854 ².
363 812 503 855 Celsus
520 819 560 855 &
579 813 782 855 Paullinus
796 844 809 864 ,
829 817 920 855 cum
943 813 1152 870 prudentia
1169 829 1307 855 eorum
1325 830 1444 855 nemo
1466 828 1601 856 utere-

211 890 291 928 tur,
305 878 414 918 inani
429 879 591 918 nomine
606 878 769 928 ducum,
786 876 921 918 alienae
939 876 1063 932 culpae
1078 877 1434 934 praetendebantur:
1451 877 1601 918 tribuni

215 941 548 995 centurionesque
559 940 757 996 ambigui³
776 971 788 991 ,
805 941 913 994 quod
927 971 939 990 ,
957 941 1095 996 spretis
1119 939 1371 991 melioribus,
1398 942 1601 982 deterrimi

215 1003 416 1044 valebant:
428 1003 541 1045 miles
550 1003 679 1046 alacer
688 1035 700 1055 ,
710 1006 777 1058 qui
791 1018 923 1045 tamen
932 1002 1029 1055 jussa
1041 1004 1189 1044 ducum
1204 1005 1451 1060 interpretari
1462 1004 1600 1058 ,quam

216 1067 398 1121 exsequi,
421 1066 570 1108 mallet.
586 1068 821 1108 Promoveri
841 1067 888 1108 ad
906 1081 1087 1121 quartum
1103 1082 1123 1107 a
1137 1066 1333 1108 Bebriaco
1348 1073 1365 1095 4
1379 1068 1499 1108 castra
1514 1066 1603 1123 pla-

217 1131 320 1180 cuit,
343 1130 444 1170 adeo
465 1132 669 1186 imperite,
691 1144 735 1171 ut
751 1145 989 1185 quamquam
1009 1145 1133 1170 verno
1150 1143 1332 1185 tempore
1348 1132 1461 1180 anni,
1485 1135 1524 1172 &
1541 1144 1605 1172 tot

218 1193 370 1234 circum
385 1192 565 1234 amnibus
584 1199 596 1225 5
606 1223 619 1244 ,
640 1193 804 1250 penuria-*1
819 1209 925 1248 aquae
940 1193 1213 1248 fatigarentur.
1229 1192 1289 1233 Ibi
1306 1194 1354 1234 de
1374 1193 1520 1250 proelio
1538 1194 1606 1234 du-

217 1254 387 1297 bitatum
396 1286 408 1307 ,
418 1257 586 1298 Othone
600 1272 670 1314 per
678 1256 811 1298 literas
821 1258 1026 1312 flagitante
1035 1287 1047 1306 ‚
1057 1270 1101 1296 ut
1116 1269 1357 1297 maturarent
1367 1272 1376 1303 3
1388 1256 1581 1298 militibus
1590 1286 1603 1307 ,

218 1331 263 1360 ut
279 1320 500 1376 Imperator
516 1316 656 1376 pugnae
673 1320 818 1361 adesset
829 1351 840 1371 ,
855 1319 1129 1376 poscentibus:
1152 1318 1330 1375 plerique
1345 1321 1481 1376 copias
1498 1333 1605 1361 trans

218 1382 370 1424 Padum
380 1397 541 1438 agentes
556 1382 949 1440 acciripostulabant.
961 1384 1052 1423 Nec
1063 1383 1225 1438 perinde
1235 1381 1579 1438 dijudicaripotest
1592 1412 1606 1433 ,

136 1459 192 1486 20
218 1446 313 1500 quid
323 1448 521 1503 optimum
530 1447 633 1488 faCtu
640 1446 778 1497 fuerit,
789 1445 905 1501 quam
914 1445 1118 1502 pessimum
1128 1445 1238 1485 fuisse
1247 1476 1258 1494 ,
1268 1446 1375 1499 quod
1384 1446 1528 1486 facium
1538 1447 1609 1486 est.

284 1510 384 1551 XL.
419 1512 532 1552 NON
562 1524 605 1551 ut
625 1510 674 1551 ad
693 1525 869 1566 pugnam
884 1541 895 1560 ‚
922 1509 987 1550 sed
1023 1508 1070 1549 ad
1101 1507 1334 1549 bellandum
1357 1508 1373 1530 ⁶
1398 1509 1564 1564 profeffl
1592 1539 1605 1559 ,

223 1573 474 1614 confluentes
499 1574 595 1614 Padi
615 1578 656 1615 ὅ(
676 1574 826 1614 Addua:
847 1579 861 1601 ⁷
882 1574 1114 1621 fluminum,
1130 1572 1302 1612 sedecim
1324 1573 1417 1612 inde
1435 1571 1609 1612 millium

223 1637 351 1692 spatio
368 1636 573 1687 distantes,
590 1636 791 1692 petebant.
807 1634 928 1677 Celso
943 1633 1175 1676 &Paullino
1191 1634 1475 1685 abnuentibus,
1497 1653 1518 1671 a
1532 1636 1610 1674 mi-

223 1698 369 1740 »litem
383 1701 524 1740 itinere
539 1700 677 1740 feffum
692 1730 704 1750 ,
728 1700 888 1740 sarcinis
902 1713 1086 1754 gravem,
1103 1695 1278 1749 objicere
1298 1699 1399 1738 hosti
1414 1727 1425 1747 ,
1449 1713 1530 1738 non
1547 1698 1610 1738 ad-

226 1779 248 1800 »
260 1763 440 1814 missuro,
456 1764 668 1818 quominus
685 1763 892 1819 expeditus
906 1792 918 1813 ,
939 1767 979 1802 ὅ(
996 1763 1064 1802 vix
1077 1774 1246 1815 quatuor
1260 1760 1385 1801 millia
1400 1761 1579 1816 passuum
1593 1759 1608 1782 ³

136 825 185 851 10

138 1139 185 1179 15

267 1878 276 1892 ¹
301 1874 483 1904 Pansam
506 1883 544 1903 Ac
565 1874 720 1903 Pmupms
739 1873 815 1911 ]De
830 1873 899 1912 qui-

226 1913 285 1945 bus
304 1913 365 1950 jam
383 1912 469 1950 supra
484 1911 558 1941 Hist.
578 1914 611 1947 1,
637 1922 685 1951 50.

267 1955 279 1967 ²
302 1953 519 1986 Paffivflcrum]
540 1951 716 1984 Praefectum
739 1951 897 1991 praetorii,

227 1999 264 2023 ut
282 1991 357 2030 saepe
381 1990 495 2021 dietum
515 1991 565 2020 est.

269 2036 279 2057 3
303 2033 444 2060 Ammoni
458 2031 470 2067 ]
486 2030 521 2060 ld
538 2030 596 2066 est,
613 2029 723 2061 incerti
735 2030 812 2070 quid
830 2041 899 2071 age-

228 2077 320 2108 rent;
338 2078 371 2101 ut
388 2069 521 2109 explicat
542 2070 650 2100 lllustr.
668 2070 810 2100 Huetius.

268 2114 283 2133 4
304 2112 352 2139 Ar>
386 2120 540 2145 QUARTUM
568 2121 586 2139 Α
621 2110 782 2140 ΒΕΒΜΛεο
806 2110 820 2146 ]
859 2110 900 2139 Ac

254 2148 365 2180 roinde
400 2159 475 2187 rope
495 2149 601 2179 locum
619 2148 672 2188 qui
688 2159 770 2178 nunc
790 2149 902 2178 dicitur

231 2159 287 2218 {br
296 2159 427 2225 Anzolini
440 2211 448 2224 ‚
460 2187 541 2218 inter
558 2198 663 2218 amnes
675 2187 746 2217 Ollio
765 2188 799 2218 ὅ(
819 2187 901 2216 Der-

233 2237 323 2258 mona.
342 2226 518 2258 Plutarchus
541 2227 575 2256 in
601 2227 675 2258 Oth.
708 2237 773 2265 pag.
802 2237 874 2265 1071
893 2250 901 2261 ‚

234 2267 277 2298 ait
293 2267 460 2298 Proculum
480 2266 569 2296 castra
586 2273 733 2296 metatum
758 2265 843 2295 fuisso
864 2266 903 2295 ad

234 2307 352 2337 sextum
379 2305 475 2336 ferme
491 2305 624 2343 lapidem
639 2327 647 2339 ‚
671 2307 700 2334 ‘0
720 2305 833 2342 Πρόκλος
853 2319 904 2334 κοι-

234 2345 449 2385 τεςροιἼοπέδὶυα-εν
463 2346 514 2374 ἐπὶ
533 2346 673 2376 mv7n'xov7oe
687 2344 790 2376 ‹52qu-

277 2391 285 2412 5
310 2386 382 2415 Tor
404 2395 527 2414 curcum
556 2388 717 2418 AMNIBUS]
737 2384 797 2415 Vix
819 2383 903 2414 enim

235 2422 270 2455 in
289 2424 354 2456 ullo
373 2432 522 2454 terrarum
547 2426 643 2456 tractu
665 2424 765 2464 plures
780 2447 790 2463 ‚
811 2424 904 2463 quam

361 2468 470 2508 Tom.
503 2468 583 2511 HI.

935 1871 1002 1908 hic,
1031 1880 1147 1901 amnes.

974 1912 987 1930 ⁶
1010 1912 1057 1940 Αι)
1083 1920 1272 1941 nummum
1293 1913 1304 1943 ]
1327 1909 1373 1939 Ad
1397 1909 1610 1940 decretorium

936 1959 1114 1984 certamen,
1145 1960 1209 1987 quo
1239 1949 1358 1979 bellum
1384 1949 1611 1988 profligaretur.

937 1991 1033 2020 Forte
1054 1989 1199 2027 scriptum
1219 1988 1295 2018 olim
1312 1987 1347 2015 ad
1363 1987 1559 2018 debellandum.

976 2035 989 2053 7
1013 2031 1236 2059 CONFLUENTES
1270 2029 1348 2057 Pam
1384 2039 1420 2058 ετ
1458 2029 1610 2066 Annum]

939 2070 1032 2099 Nunc
1048 2068 1138 2097 Boea-a
1154 2065 1283 2103 d'Adda,
1303 2077 1400 2105 prope
1414 2066 1498 2105 Qffel
1514 2077 1612 2097 nuovo.

940 2107 1117 2138 Plutarchus
1136 2114 1276 2137 numerat
1302 2108 1423 2136 tantum
1445 2106 1613 2136 duodecim

941 2147 1039 2177 mlllla
1062 2146 1195 2185 pulsuum]
1208 2169 1216 2182 ‚
1240 2148 1303 2174 Ὀυκ
1318 2145 1431 2175 {mationa
1447 2145 1538 2177 qadim
1552 2148 1614 2174 ἐκοι-

941 2188 990 2216 τόν.
1028 2186 1115 2225 quod
1139 2195 1204 2215 non
1230 2184 1430 2214 intervallum
1451 2185 1545 2223 usquc
1574 2184 1613 2214 ad

943 2226 1137 2256 confluentes
1166 2224 1237 2254 Padi
1259 2225 1292 2255 ὃς
1318 2224 1434 2253 Adduae
1457 2224 1615 2262 defignat,

943 2265 993 2296 sed
1008 2265 1169 2304 quousque
1182 2263 1350 2302 procedere
1360 2263 1499 2294 voluerit
1523 2273 1616 2292 exer-

943 2305 1022 2335 citus
1045 2303 1258 2334 Othonianus.

983 2343 994 2363 ²³
1018 2346 1080 2374 le
1104 2353 1253 2379 QUATUOR
1290 2353 1402 2372 ΜιιιῐΛ
1436 2351 1573 2371 missuum
1600 2341 1616 2377 ]

945 2382 1130 2414 Vitellianus
1150 2381 1301 2411 exercitus
1319 2380 1480 2420 expeditus
1492 2403 1506 2423 .‘
1520 2379 1618 2422 &alix

946 2430 1078 2463 quatuor
1101 2421 1200 2454 millia
1228 2420 1390 2461 pass'uuma
1414 2420 1514 2450 castris
1536 2422 1593 2449 luis
1608 2441 1620 2458 ‚

1396 2463 1439 2509 O
