2209 3047
482 292 595 307 ΕΞ

482 326 510 349 Α.
524 326 552 347 L'.
565 324 594 348 C.

502 369 572 403 823.

502 424 524 447 J.
537 424 566 447 C.

510 476 562 505 70.

623 202 712 238 294
890 184 938 226 C.
1004 184 1407 229 CORNELII
1469 185 1756 231 TACITI

619 268 721 322 regis
741 264 967 317 Antiochi,
991 264 1202 322 validaque
1218 296 1231 318 ‚
1258 270 1299 309 ὃ(
1311 296 1324 318 ,
1352 265 1472 308 solito
1493 267 1596 308 inter
1615 266 1776 310 accolas
1796 265 1917 323 odio,
1939 270 1997 316 in-

616 330 725 371 fensa
750 329 894 374 Judaeis
917 329 1097 371 Arabum
1122 345 1282 372 manus:
1309 329 1452 381 multi,
1480 345 1579 385 quos
1603 331 1711 373 Urbe
1742 346 1861 388 atque
1881 334 1997 378 Itali&

617 394 685 434 sua
712 407 910 448 quemque
930 393 1015 451 spes
1036 395 1262 445 acciverat,
1284 394 1514 450 occupandi
1533 395 1761 452 Principem
1782 396 1914 439 adhuc
1932 413 1995 440 va-

616 471 752 499 cuum.
770 457 848 499 His
871 471 963 498 cum
986 459 1114 514 copiis
1137 458 1234 499 fines
1254 458 1426 498 hostium
1447 457 1637 512 ingressus
1652 487 1666 509 ‚
1689 460 1913 516 composito
1932 475 1996 516 ag-

614 521 724 560 mine
738 549 751 571 ,
773 522 913 562 cuntsta
939 520 1150 577 explorans
1166 550 1179 571 ,
1203 521 1439 577 paratusque
1459 521 1700 574 decernere,
1722 522 1830 564 haud
1851 521 1995 580 procul

613 583 908 638 Hierosolymis
936 586 1056 625 castra
1078 584 1175 624 facit
1207 589 1233 622 ¹.

675 646 734 687 ΙΙ.
766 648 859 688 SED
887 648 977 700 quia
1004 646 1161 687 famosae
1188 644 1296 686 urbis
1329 645 1559 702 supremum
1585 647 1691 688 diem
1717 648 1901 690 tradituri
1930 647 1997 688 su-

611 723 699 750 mus
716 738 730 760 ‚
761 724 988 764 congruens
1017 709 1174 750 videtur
1199 709 1414 766 primordia
1439 708 1522 761 ejus
1557 712 1722 766 aperire.
1751 728 1773 748 <t
1803 711 1962 756 Judaeos
1979 739 1996 762 ‚

612 769 767 813 »Creta
797 771 925 812 insul-a
957 776 970 793 ²
1001 772 1221 828 profugos,
1257 771 1462 813 novissima
1490 772 1625 826 Libyae
1651 774 1832 815 insedisse
1858 791 1881 811 >›
1906 788 1994 814 me-

611 849 798 884 morant,
823 832 900 888 qua
924 836 1154 891 tempestate
1180 836 1372 876 Saturnus
1403 839 1414 863 ³
1434 864 1448 886 ,
1477 837 1519 876 vi
1543 836 1658 880 Jovis
1683 835 1818 892 pulsus
1833 865 1847 886 ,
1877 836 1993 878 cesse-

612 899 664 938 rit
690 898 820 952 regnis
847 914 889 937 >›.
914 898 1211 952 Argumentum
1236 912 1257 938 e
1282 898 1446 939 nomine
1475 899 1650 954 petitur,
1686 916 1708 936 «
1731 897 1919 939 inclitum
1951 900 1994 941 in

613 959 769 1001 »Creta
790 959 903 1000 Idam
930 974 1141 1011 montem,
1181 959 1341 1001 accolas
1380 960 1532 1010 Idaeos,
1564 962 1679 1002 auCto
1711 962 1753 1000 in
1786 959 1995 1002 barbarum

614 1035 925 1077 »cognomento
938 1051 951 1072 ,
981 1022 1139 1066 Jud-aeos
1168 1024 1339 1064 vocitari
1357 1039 1402 1062 ».
1423 1022 1602 1077 Quidam
1619 1052 1634 1074 ,
1664 1039 1686 1060 (ε
1713 1037 1905 1078 regnante
1926 1023 1995 1064 Ifi-

611 1086 714 1135 mle,
739 1085 1006 1126 exundantem
1027 1100 1096 1142 per
1113 1086 1340 1142 AEgyptum
1360 1084 1683 1136 multitudinem,
1705 1085 1874 1128 ducibus
1892 1087 1995 1128 Hie-

613 1147 849 1202 »rosolymo
867 1164 913 1190 ac
930 1147 1032 1192 Judfi.
1047 1178 1061 1199 ‚
1076 1150 1277 1204 proximas
1298 1150 1340 1188 in
1358 1162 1479 1190 terras
1492 1153 1511 1177 4
1524 1161 1782 1190 exoneratam
1807 1166 1829 1186 »
1841 1180 1850 1190 .
1875 1149 1996 1191 Pleri-

614 1225 691 1265 que
718 1228 739 1248 «
766 1213 1007 1268 AEthiopum
1031 1210 1188 1268 prolem
1212 1217 1226 1243 5
1241 1241 1256 1263 ,
1282 1226 1381 1266 quos
1396 1241 1410 1262 ,
1438 1226 1534 1267 rege
1561 1212 1757 1268 Cepheo,
1782 1225 1910 1253 metus
1935 1227 1994 1254 at-

612 1289 722 1328 »que
752 1275 889 1315 odium
923 1289 1074 1315 mutare
1104 1274 1214 1317 sedes
1245 1273 1465 1331 perpulerit
1493 1291 1537 1316 ».
1564 1276 1668 1316 Sunt
1701 1276 1768 1329 qui
1793 1275 1951 1317 tradant
1978 1307 1995 1327 ,

620 1353 643 1373 c<
669 1336 846 1391 Assyrios
881 1352 1082 1379 convenas
1110 1336 1129 1360 ⁶
1142 1367 1157 1390 ,
1185 1338 1369 1393 indigum
1401 1353 1590 1393 agrorum
1626 1337 1852 1395 populum,
1881 1354 1995 1395 parte

611 1400 815 1456 »AEgypti
836 1402 988 1457 potitos
1003 1431 1017 1452 ,
1042 1395 1139 1442 mox
1157 1403 1335 1458 proprias
1355 1401 1471 1442 urbes
1489 1401 1755 1455 Hebraeasque
1775 1414 1898 1443 terras
1911 1431 1926 1452 ,
1952 1405 1995 1460 ὅς

610 1465 831 1519 »propiora
855 1466 974 1520 Syriae
989 1464 1154 1506 coluiffe
1169 1482 1212 1506 ».
1240 1464 1431 1506 «Clara»
1459 1463 1528 1505 alii
1554 1481 1577 1502 (ε
1606 1464 1835 1509 Judaeorum
1848 1465 1991 1506 initia:

610 1524 832 1581 »Solymos
853 1532 868 1554 ⁷
882 1557 897 1579 ‚
925 1527 1166 1569 carminibus
1184 1529 1358 1570 Homeri
1380 1526 1832 1582 celebratam‘gentem,
1857 1527 1994 1575 condif

611 1603 689 1630 »τε
716 1589 805 1630 urbi
823 1589 1150 1644 Hierosolymam
1171 1606 1323 1633 nomen
1349 1605 1371 1631 e
1396 1591 1467 1630 suo
1494 1590 1628 1631 feciffe
1652 1607 1696 1632 ³2.

674 1652 762 1695 III.
796 1654 893 1695 Prt-
905 1666 1011 1694 R1Mr
1036 1656 1214 1697 auctores
1238 1651 1252 1676 8
1275 1653 1564 1706 consentiunt,
1591 1670 1613 1692 <c
1635 1651 1722 1696 orta
1742 1668 1813 1711 per
1834 1654 1996 1713 AEgyp-

612 1767 772 1799 Antiocho
786 1791 797 1805 ,
823 1769 1045 1808 Commagenae
1060 1768 1183 1809 regibus
1193 1793 1203 1808 ,
1221 1769 1283 1808 jam
1323 1770 1459 1809 AEgypto
1479 1768 1668 1808 proximam.
1685 1769 1734 1800 De
1747 1768 1929 1808 AEgyptiaca
1943 1769 1997 1800 Ju-

613 1809 730 1837 dic‘tum
745 1807 833 1846 supra
851 1808 926 1838 Hifl.
943 1810 991 1844 ΙΙ,
1010 1811 1060 1838 81.
1209 1823 1213 1828 -
1323 1809 1462 1839 daeorum
1481 1809 1603 1848 origine
1615 1809 1690 1839 vide
1709 1810 1809 1840 Notas
1826 1809 1861 1840 δε
1874 1809 1995 1839 Emen-

653 1852 660 1865 ¹
687 1848 816 1877 Celsi-M
837 1849 952 1885 meu]
976 1847 1112 1878 Primum
1131 1848 1221 1879 castra
1234 1848 1288 1879 fea
1324 1848 1468 1878 dationes
1489 1849 1527 1878 ad
1550 1847 1624 1878 Hist.
1639 1850 1665 1879 V
1680 1871 1689 1885 ‚
1707 1859 1736 1878 2.

614 1885 658 1916 cit
680 1885 710 1915 in
733 1887 895 1923 Spinarum
919 1887 1022 1923 valle,
1049 1897 1147 1926 prope
1178 1888 1283 1918 vicum
1365 1893 1373 1914 ἱ
1399 1889 1581 1918 AETHIOFUM
1609 1898 1738 1918 rnorem
1766 1891 1778 1922 ]
1807 1885 1995 1925 AEthiopicae

613 1925 820 1956 Gabath-Saul
835 1949 843 1963 ,
861 1926 1024 1956 distantem
1046 1927 1084 1956 ab
1105 1927 1286 1967 Hierosoly-
1321 1927 1500 1957 Judaeorum
1529 1926 1659 1966 originis
1680 1926 1779 1957 causas
1809 1925 1995 1963 explanabi-

613 1964 671 1993 mis
697 1965 818 1996 circiter
839 1965 933 1996 stadia
955 1965 1093 2004 triginta.
1114 1966 1284 2005 Josephus,
1323 1976 1390 1996 mus
1414 1965 1448 1994 in
1474 1966 1568 1997 Notis
1590 1966 1624 1998 ὃ(
1643 1964 1925 1996 Emendationibus
1951 1964 1992 1995 ad

612 2003 690 2033 Bell.
710 2005 779 2033 Jud.
806 2007 852 2041 V,
875 2016 905 2035 2.
930 2014 1018 2036 num.
1042 2015 1069 2035 1.
1089 2006 1132 2036 Ea
1156 2006 1284 2046 propius
1322 2004 1396 2035 Hist.
1418 2007 1466 2041 V,
1488 2016 1517 2035 2.

611 2042 727 2072 deinde
747 2043 901 2074 admovit.
1362 2045 1376 2064 ⁶
1398 2045 1554 2075 Assnzms
1581 2054 1746 2076 coxvrms
1770 2045 1784 2082 ]
1813 2044 1851 2072 In
1875 2042 1995 2082 Affyrii

655 2084 666 2097 ²
691 2083 799 2113 Carra
830 2094 939 2114 msera
963 2085 978 2121 ]
1018 2084 1112 2115 Nunc
1150 2083 1222 2124 PIfle
1252 2083 1284 2114 de
1323 2084 1501 2114 Judaeorum
1527 2082 1648 2122 origine
1671 2083 1805 2113 multum
1835 2081 1996 2113 veritatis:

611 2119 734 2150 candia.
1321 2123 1373 2153 sed
1391 2123 1519 2154 obscura
1532 2122 1636 2152 Taciti
1654 2123 1801 2153 brevitas.
1821 2121 1902 2152 Vide
1919 2122 1995 2152 No-

652 2165 662 2185 3
685 2161 844 2191 Suum-us
859 2163 872 2199 ]
889 2161 988 2192 Graeci
1005 2173 1022 2193 a
1040 2164 1172 2193 Saturno
1186 2162 1284 2194 &Jo-
1321 2171 1365 2193 tas
1386 2163 1420 2193 ὃς
1437 2162 1682 2192 Emendationes
1701 2162 1739 2192 ad
1759 2161 1832 2191 Hist.
1853 2162 1899 2196 V,
1922 2171 1953 2190 2.

613 2208 674 2234 ve,
695 2208 729 2229 ut
748 2201 849 2238 postea
861 2201 995 2231 Romani
1011 2212 1029 2232 a
1044 2202 1142 2239 Troja'
1155 2202 1190 2233 ὃς
1202 2203 1283 2233 Tro·
1360 2207 1373 2227 7
1394 2203 1540 2232 Sor-uros
1555 2203 1568 2239 ]
1590 2201 1735 2239 Solymos
1763 2200 1892 2239 quidem
1915 2198 1993 2229 cele-

614 2237 694 2275 J'anis
725 2239 832 2268 omnia
865 2242 1057 2278 repetebant.
1092 2241 1168 2271 Inde
1202 2242 1282 2281 apud
1320 2240 1424 2271 bravit
1442 2241 1614 2277 Homerus,
1635 2240 1686 2270 sed
1704 2239 1837 2272 Pifidiae‚
1861 2245 1913 2268 aut
1935 2247 1992 2276 po-

613 2277 740 2308 Graecos
756 2278 890 2308 invaluit
908 2279 1060 2310 Cretensis
1082 2280 1146 2310 haec
1159 2281 1282 2312 Judaeo-
1321 2280 1382 2310 tius
1402 2279 1568 2319 AEthiopiae
1580 2299 1590 2313 ‚
1610 2290 1676 2310 non
1695 2280 1816 2310 Judaeae.
1833 2280 1919 2308 Vana
1931 2286 1992 2320 ‘eth

613 2316 808 2360 rumpi-igo,
830 2317 868 2347 de
895 2318 956 2357 qua
975 2319 1117 2350 dicentur
1140 2320 1228 2358 plura
1249 2320 1281 2350 in
1321 2330 1361 2359 go
1374 2319 1716 2359 8015⁷maeundaeorum
1732 2318 1843 2356 origo,
1858 2323 1892 2345 ut
1904 2315 1992 2359 ιἀιεῑεῗ-

613 2355 708 2386 Notis
728 2356 762 2387 ὃς
785 2357 1066 2389 Emendationibus
1085 2358 1125 2389 ad
1142 2358 1217 2389 Hist.
1234 2360 1281 2396 V,
1320 2368 1369 2388 tur
1388 2358 1480 2388 fufius
1504 2359 1537 2388 in
1570 2358 1664 2388 Notis
1688 2358 1722 2389 ὃς
1747 2354 1993 2386 Emendatlonl-

613 2405 644 2425 2·
1319 2398 1377 2427 bus
1410 2398 1449 2427 ad
1468 2397 1541 2426 Hist.
1564 2399 1613 2432 V,
1636 2407 1666 2426 2.
1850 2433 1855 2439 .

650 2437 666 2457 4
685 2435 855 2467 Pnoxnms
871 2447 904 2468 lu
918 2446 1042 2468 TERRAS
1053 2436 1068 2474 ]
1081 2437 1117 2467 In
1125 2436 1279 2474 Judaeam,
1360 2435 1372 2456 ⁸
1393 2437 1531 2468 Panum
1555 2435 1746 2474 merens]
1766 2435 1811 2466 Ex
1834 2434 1873 2465 iis
1890 2435 1994 2466 aueto-

2025 853 2079 882 10

2021 1474 2081 1509 20[
