2230 3047
310 178 790 225 HISTORIARUM
821 177 1022 221 LIBER
1054 179 1413 224 SECUNDUS.
1488 194 1567 234 125

244 264 392 306 LXX.
425 264 550 305 INDE
573 261 764 304 Vitellius
789 261 1033 302 Cremonam
1059 260 1200 311 flexit,
1227 267 1267 303 ὃς
1288 263 1462 319 spe&ato
1482 277 1569 303 mu-
1594 279 1710 300 Ξ

184 342 279 369 nere
299 328 466 369 Caecinae
479 359 492 378 ,
520 327 688 367 insistere
710 323 1035 367 Bebriacenfibus
1059 326 1209 379 campis
1226 356 1239 375 ,
1266 342 1312 366 ac
1336 328 1498 382 vestigia
1513 341 1570 367 re·
1594 313 1708 390 Ag‘zc'

182 393 312 432 centis
328 392 500 431 vinitoriae
517 389 675 430 lustrare
693 388 821 430 oculis
835 418 847 438 ,
869 388 1119 443 concupivit.
1135 388 1307 428 Foedum
1325 403 1440 443 atque
1455 404 1569 431 atrox
1616 414 1639 437 J,
1651 383 1688 437 c..

184 453 473 509 spetlaculum:
504 454 606 492 intra
627 452 967 506 quadragesimum
990 465 1131 507 pugnae
1154 450 1261 491 diem
1285 457 1319 501 ¹,
1339 451 1468 493 lacera
1485 469 1569 495 cor·
1626 463 1678 495 69.

129 524 155 569 5
184 531 304 572 pora,
326 517 460 558 trunci
479 529 583 556 artus
593 546 606 566 ,
622 528 757 571 putres
772 516 950 554 virorum
965 528 1239 568 equorumque
1255 513 1411 564 formae,
1428 516 1571 558 inseeta

183 579 281 620 tabo
303 582 472 629 humus,
496 579 675 634 protritis
699 577 904 618 arboribus
925 592 970 618 ac
983 576 1185 631 frugibus,
1202 577 1286 618 dira
1298 578 1472 619 vastitas:
1494 596 1572 621 nec

183 644 314 684 minus
330 644 547 682 inhumana
569 645 583 662 ²
605 655 692 696 pars
714 642 806 691 viae,
825 655 944 694 quam
961 639 1253 681 Cremonenses
1270 639 1385 681 lauru
1400 642 1570 696 rosisque

184 707 506 755 constraverant,
532 705 730 744 exstruffls
751 702 964 754 altaribus,
992 704 1171 758 caesisque
1193 705 1362 744 victimis
1377 734 1391 754 ,
1416 707 1570 759 regium

184 769 227 808 in
251 782 426 808 morem:
453 782 536 821 quae
556 765 644 808 laeta
665 768 706 807 in
727 766 894 823 praesens
908 796 921 817 ,
949 781 1045 807 mox
1069 768 1290 822 perniciem
1310 767 1399 823 ipsis
1423 767 1570 808 fecere,

102 841 158 868 10
185 831 366 872 Aderant
388 829 539 873 Valens
565 834 605 871 ὃς
638 830 824 880 Caecina,
861 829 1211 884 monstrabantque
1248 845 1390 886 pugnae
1420 829 1535 872 locos
1563 849 1571 870 :

192 911 215 932 <c
237 895 334 935 hinc
357 893 523 950 erupisse
545 891 756 948 legionum
773 907 916 948 agmen
930 922 944 943 ,
970 894 1066 945 hinc
1086 894 1238 947 equites
1265 908 1451 935 coortos:
1479 894 1574 935 inde

185 957 479 998 »circumfusas
504 957 745 997 auxiliorum
775 971 916 997 manus
942 973 984 996 2).
1004 957 1094 1000 Jam
1116 956 1264 997 tribuni
1286 958 1534 1013 praefeffique
1560 988 1574 1007 ,

184 1021 254 1062 sua
270 1020 434 1074 quisque
450 1020 550 1060 facta
565 1018 828 1070 extollentes,
846 1018 942 1060 falsa
955 1049 968 1070 ,
990 1035 1104 1070 vera,
1126 1033 1193 1061 aut
1207 1018 1359 1073 majora
1374 1036 1471 1062 vero
1488 1021 1575 1060 mis-

186 1082 345 1125 cebant.
358 1081 518 1138 Vulgus
532 1098 691 1138 quoque
705 1083 881 1124 militum
893 1113 906 1133 ,
926 1081 1104 1124 clamore
1119 1087 1160 1124 ἃ
1172 1084 1341 1138 gaudio,
1363 1085 1574 1125 defleSoere

107 1155 156 1195 15
184 1144 270 1197 via,
285 1146 408 1202 spatia
418 1148 682 1188 certaminum
691 1147 1002 1201 recognoscere,
1016 1161 1203 1202 aggerem
1219 1162 1440 1198 armorum,
1455 1150 1574 1188 strues

186 1224 405 1265 corporum
428 1210 601 1259 intueri,
626 1211 772 1250 mirari.
793 1209 846 1250 Et
866 1222 1005 1260 erant,
1031 1225 1131 1263 quos
1159 1211 1265 1250 varia
1293 1210 1529 1251 sors'rerum
1561 1240 1574 1260 ,

184 1272 436 1327 lacrimaeque
453 1276 494 1313 ὅ(
514 1273 785 1314 misericordia
803 1272 970 1314 subiret:
991 1285 1030 1313 at
1045 1288 1128 1313 non
1143 1273 1334 1314 Vitellius
1351 1274 1462 1315 flexit
1479 1289 1573 1315 ocu-

184 1336 263 1387 los,
276 1350 352 1378 nec
361 1349 423 1377 tot
434 1334 860 1392 milliainsepultorum
872 1337 1022 1377 civium
1037 1337 1245 1376 exhorruit
1261 1341 1292 1376 ³:
1311 1335 1421 1378 lectus
1437 1336 1545 1378 ultro
1559 1366 1574 1388 ,

185 1397 228 1441 &
241 1412 323 1441 tam
337 1400 568 1455 propinqua:
584 1399 700 1440 sortis
715 1400 875 1454 ignarus
890 1430 903 1449 ,
917 1398 1154 1440 instaurabat
1177 1399 1332 1441 sacrum
1348 1400 1421 1441 diis
1440 1399 1524 1441 loci
1542 1405 1574 1441 4.

101 1473 158 1501 20
246 1462 423 1504 LXXI.
455 1461 580 1502 EXIN
601 1462 795 1503 Bononiae
814 1478 836 1503 a
851 1462 977 1504 Fabio
996 1461 1169 1504 Valente
1183 1463 1450 1518 gladiatorum
1467 1464 1575 1519 spec-

184 1525 367 1568 taculum
382 1525 514 1567 editur
525 1555 538 1576 ,
558 1526 725 1566 advecto
742 1541 793 1566 ex
808 1525 915 1566 Urbe
932 1524 1058 1567 cultu.
1079 1526 1328 1580 Quantoque
1344 1528 1470 1582 magis
1488 1542 1575 1582 pro-

185 1588 423 1647 pinquabat,
450 1591 564 1630 tanto
579 1590 804 1645 corruptius
819 1590 915 1640 iter,
934 1590 1127 1629 immixtis
1147 1589 1401 1631 histrionibus
1419 1595 1458 1630 ὅ(
1482 1591 1570 1645 spa-

186 1654 338 1694 donum
361 1652 573 1707 gregibus,
597 1657 638 1693 &
659 1666 795 1693 cetero
812 1654 1053 1693 Neronianae
1071 1650 1167 1693 aulae
1185 1654 1370 1707 ingenio:
1399 1668 1572 1707 namque

185 1720 226 1757 ὃ(
248 1717 459 1757 Neronem
479 1715 610 1772 ipsum
631 1714 822 1758 Vitellius
843 1716 1107 1757 admiratione
1124 1714 1350 1758 celebrabat
1371 1721 1383 1748 5
1398 1747 1411 1767 ,
1434 1717 1571 1758 sedari

271 1809 563 1845 QUADRAGESHAUM
600 1818 707 1837 rumim
743 1807 859 1844 mma]
899 1806 1009 1843 Optime
1033 1807 1104 1836 olere
1132 1807 1246 1846 occificm
1277 1807 1395 1846 hostem,
1423 1806 1453 1836 Cr·
1476 1807 1573 1837 melii'cr

185 1846 443 1886 Quadragefimus
477 1857 587 1886 pugnae
628 1847 693 1877 dies
724 1845 785 1877 fuit
819 1857 859 1885 24
898 1847 994 1876 civem.
1010 1846 1073 1876 Nec
1090 1849 1118 1875 εὐ
1128 1848 1222 1885 secius
1232 1846 1268 1875 ad
1282 1846 1572 1886 leniendnmgravita-

187 1885 298 1918 mensis
322 1886 412 1917 Maii.
897 1895 949 1915 tem
961 1885 1052 1915 odoris
1068 1886 1213 1922 plurimum
1230 1886 1297 1915 meri
1310 1886 1451 1923 propalam
1465 1886 1571 1925 hausit,

227 1931 240 1945 ²
262 1926 333 1956 Nnc
356 1937 450 1957 Minus
474 1925 669 1961 munimus]
690 1926 790 1964 AEque
807 1925 859 1954 in—
894 1936 931 1962 pa
951 1935 1036 1964 imque
1052 1924 1153 1993 (stifft.
1172 1925 1241 1955 Pari
1267 1926 1412 1962 vanitate,
1429 1935 1508 1964 atque
1526 1927 1572 1955 in·

184 1964 321 1996 humana
338 1975 404 2004 pars
419 1966 477 1996 viae
497 1973 624 2004 propter
645 1964 789 1995 exstrue‘ta
818 1965 860 1994 al·
889 1966 920 2004 fh
933 1965 1009 1994 εηεὶᾱ
1031 1964 1087 2001 lapi
1108 1976 1148 1994 em
1170 1966 1304 1995 memorioe
1327 1965 1445 1994 Othonis
1455 1966 1572 2004 inscrIp-

186 2005 288 2042 tatia,
313 2005 460 2045 caesasque
485 2004 647 2039 vietimas,
678 2003 711 2033 in
738 2013 860 2034 morem
898 2014 953 2033 tum
978 2004 1110 2041 intuens,
1125 2005 1238 2043 dignum
1253 2014 1282 2033 eo
1295 2003 1433 2043 Mausoleo
1447 2005 1498 2035 ait.

185 2052 367 2076 exterorum
377 2046 650 2083 ,barbarorumque
674 2053 791 2082 regum.
808 2042 860 2074 Vi·
937 2048 952 2067 4
972 2044 1043 2074 D11s
1061 2045 1163 2081 ιοει]
1184 2045 1230 2074 De
1248 2043 1306 2074 diis
1331 2044 1397 2089 loci
1417 2044 1479 2081 jam
1504 2044 1571 2075 dic-

187 2091 281 2123 gente
302 2083 380 2114 olim
395 2084 511 2115 virtute
529 2081 670 2113 Romanii
683 2106 692 2119 ‚
709 2090 859 2112 terrarum
898 2091 965 2113 tum
985 2083 1071 2122 supra
1087 2083 1199 2113 Annal.
1218 2084 1274 2113 XII
1287 2106 1296 2120 ,
1320 2094 1367 2121 13.
1385 2083 1454 2114 Alia
1466 2083 1570 2114 Vitel-

187 2123 274 2153 orbis
293 2122 420 2154 viarice
433 2147 442 2160 ,
465 2121 636 2154 maximum
661 2120 721 2152 fuit
748 2121 859 2152 servati
899 2122 987 2153 lianae
1003 2122 1166 2161 religionis
1178 2123 1333 2153 dedecora
1342 2123 1570 2153 recensetSue-

187 2162 266 2193 civis
286 2162 398 2192 decus:
420 2169 452 2192 at
470 2162 503 2192 in
520 2161 580 2192 hoc
598 2160 742 2192 civilium
757 2161 860 2191 bello·
898 2162 1004 2192 tonius
1030 2161 1062 2191 in
1084 2161 1189 2192 Vitell.
1214 2163 1251 2191 X.
1285 2161 1434 2201 Pugionem
1464 2173 1512 2201 quo
1535 2163 1567 2201 se

188 2212 258 2232 rum
278 2200 383 2232 furore
403 2222 411 2236 ,
435 2201 584 2231 immensa
613 2200 731 2230 civium
762 2201 858 2231 caedes
899 2201 985 2231 Otho
1005 2199 1164 2237 occiderat,
1191 2201 1220 2230 in
1245 2200 1469 2246 Agrigpinenssm
1499 2202 1570 2229 rolo-

186 2240 271 2272 inter
291 2240 371 2271 sacra
389 2240 560 2279 divinaque
577 2240 802 2270 celebrabatur.
898 2240 973 2269 niam
986 2263 993 2276 ‚
1013 2250 1097 2271 nunc
1118 2239 1254 2280 Cologne,
1277 2251 1311 2268 ηιι
1324 2250 1356 2271 tt.
1383 2240 1417 2269 In
1444 2240 1568 2276 Apenni-
1617 2268 1620 2271 ⁴

229 2286 238 2306 ³
263 2281 459 2311 ExnoRRuir
472 2281 485 2316 ]
497 2281 599 2310 Immo
614 2279 647 2308 in
665 2279 789 2309 efferam
802 2289 860 2309 vo-
900 2280 929 2308 ni
943 2279 1046 2318 quidem
1054 2279 1130 2319 jugis
1141 2280 1223 2309 etiam
1232 2279 1407 2319 pervigilium
1417 2280 1486 2319 egit.

189 2329 260 2350 cem
286 2318 407 2357 erupit,
423 2320 496 2351 teste
515 2318 670 2349 Suetonio
698 2318 731 2347 in
751 2318 858 2349 Vitell.
942 2325 949 2347 5
974 2321 1207 2350 ADMIRATIONE
1225 2330 1426 2349 CELEBRABAT
1441 2320 1454 2356 ]
1471 2319 1567 2355 Inde,

189 2359 231 2388 X.
255 2358 293 2388 Ut
307 2368 434 2395 campos,
462 2358 490 2388 irz
512 2358 607 2397 quibus
622 2367 775 2396 pugnatum
803 2357 858 2396 est,
901 2360 970 2389 cum
992 2359 1123 2388 Romam
1147 2358 1293 2393 venisset,
1320 2359 1391 2388 teste
1413 2358 1567 2388 Suetonio

189 2396 277 2435 adiit,
298 2397 473 2428 abhorrentes
489 2397 613 2437 quosdam
634 2396 797 2426 cadaverum
816 2406 859 2426 ta·
900 2398 932 2427 in
950 2397 1079 2428 Vitellio
1094 2399 1136 2427 Xl
1150 2421 1158 2431 .
1171 2409 1205 2427 ne
1222 2399 1263 2426 cui
1284 2397 1488 2434 dnbiumjhrer,
1502 2396 1570 2435 quus!

189 2436 248 2466 bem
257 2460 268 2477 ,
289 2436 437 2478 detestabili
448 2448 512 2470 voce
528 2437 688 2477 confirmare
705 2437 784 2477 aufies
805 2435 858 2476 esi.-
873 2469 875 2471 ,
900 2436 1038 2475 exemplar
1051 2436 1178 2478 regendae
1196 2437 1348 2475 reipublicae
1363 2436 1475 2477 eligerer
1487 2460 1495 2476 ‚
1513 2446 1572 2466 me·
