2209 3047
317 175 398 216 AD
431 175 656 217 LIBRUM
682 175 735 215 H.
759 173 902 216 HIST.
930 174 977 215 c,
1005 175 1185 217 CORN.
1215 172 1424 216 TACITI.
1491 186 1578 226 435

239 250 435 306 ‘Turnum‘
463 264 512 288 NE
537 264 732 288 PERICULo
747 280 754 287 .
775 282 782 289 .
800 279 808 287 .
829 256 1112 296 ADFECTARET]
1145 251 1241 288 Bene
1266 251 1334 288 Ms.
1349 250 1438 301 Reg.
1466 249 1581 287 editio

193 314 360 351 princeps
375 305 407 338 ὃς
422 302 650 339 recentiores.
667 303 726 338 Sic
738 302 932 343 Horatius,
956 299 973 336 Ι
990 299 1064 336 Od.
1083 299 1140 344 ΙΙ,
1158 313 1193 347 5.

434 363 545 393 Terruit
566 374 684 404 gentes,
704 374 792 403 grave
812 374 846 393 ne
863 361 965 393 rediret

433 403 571 432 Saeculum
593 403 719 443 Pyrrlzae.

195 452 274 488 Mff.
289 451 392 488 Harl.
408 451 515 489 Bodl.
535 456 567 488 ὃς
582 452 802 488 Puteolanus
815 478 824 493 ‚
846 453 961 486 terruit
976 464 991 485 e
1007 447 1146 495 periculo
1162 474 1170 482 .
1187 472 1195 481 .
1215 473 1222 483 .
1237 448 1392 493 affefflare.
1409 448 1476 485 Ms.
1492 449 1579 499 Agr.

196 505 310 598 ιῗὲαἰε
332 515 495 552 tamquam
513 517 527 538 e
543 503 685 550 periculo
699 530 706 538 .
720 527 728 538 .
743 529 751 539 .
769 501 943 547 affeblaret.
962 499 1156 536 Rhenanus
1168 524 1178 541 ,
1207 500 1320 532 terruit
1336 502 1478 544 periculo
1495 528 1502 535 .
1521 528 1528 536 .
1544 527 1551 535 .
1570 526 1578 536 .

196 564 216 586 a
244 553 370 590 efflaret.

251 650 362 687 CAP.
389 651 517 687 LXIV.
547 651 820 695 DEVERTERE]
850 647 948 685 Bene
977 649 1053 686 ΜΠ.
1077 647 1175 684 Flor.
1195 645 1285 695 Agr.
1314 643 1427 682 Corb.
1465 647 1581 685 editio

197 700 365 750 princeps
379 704 413 737 ὃς
428 702 654 738 recentiores,
673 700 717 735 In
732 699 810 735 aliis
824 699 899 735 Mss.
918 703 951 735 &
965 698 1072 735 editis
1085 697 1184 734 libris
1201 725 1210 742 ,
1243 696 1411 731 divertere.

251 751 573 796 INTERAMNIUM]
609 749 665 786 Ita
676 749 753 785 Mff.
769 748 857 799 Reg.
870 748 1064 799 Flor.Agr.
1082 747 1189 784 Bodl.
1207 749 1241 783 ὃς
1254 745 1433 782 editiones
1455 758 1582 782 recen-

197 799 318 836 tiores.
347 799 537 850 Perperam
555 800 594 836 in
612 799 775 836 editione
791 799 956 848 principe
970 825 979 842 ,
1001 802 1087 834 intra
1107 799 1259 834 Annium.
1285 795 1360 831 Mff.
1386 794 1488 831 Harl.
1514 795 1581 832 Jes.

196 852 429 886 Interannium.
448 850 666 887 Puteolanus
695 849 902 886 emendavit
933 851 1162 885 Interamnam.
1182 847 1241 883 Sic
1259 845 1356 882 enim
1377 844 1469 881 infra
1489 845 1582 881 Hist.

195 899 277 944 ΙΙΙ,
301 903 363 950 63.
378 903 568 937 Interamnae
581 899 747 948 ficbfistere
768 899 910 950 legitur.
937 898 991 934 Ut
1005 909 1045 934 ut
1059 897 1107 935 est
1121 925 1130 939 ,
1156 894 1414 934 Interamnium
1437 893 1486 931 est
1506 894 1583 944 ipsa

197 949 424 995 Interamna,
441 950 555 988 hodie
577 951 688 995 Terni,
712 962 791 1000 quae
822 950 860 985 in
885 948 1066 985 Antonini
1090 946 1281 985 Itinerario
1312 945 1465 990 dicitur,
1493 947 1584 982 Inte-

199 1013 326 1036 ramma
342 1013 469 1038 czvltas.

253 1050 377 1087 VrsUM
394 1065 402 1087 :
422 1063 462 1087 IN
482 1053 673 1096 ITINERE]
720 1050 818 1087 Bene
850 1048 931 1085 libri
954 1047 1078 1097 scripti
1102 1051 1135 1084 &
1154 1047 1267 1091 editi,
1291 1056 1420 1096 praeter
1443 1044 1585 1083 Rhena-

198 1112 285 1138 nurn
299 1128 310 1144 ,
339 1101 401 1151 qui
419 1101 568 1138 invertit
582 1127 591 1143 ,
618 1104 651 1135 in
667 1103 779 1136 itinere
798 1101 912 1147 vificm.

252 1148 346 1187 NON
374 1163 545 1187 1MM1xTA
565 1154 790 1196 Tssrsrnws]
831 1151 886 1186 Ita
914 1148 1148 1185 Recentiores
1177 1160 1196 1184 e
1232 1147 1438 1194 conjestura
1480 1145 1510 1182 J.
1545 1145 1586 1183 F.

199 1199 387 1237 Gronovii
400 1230 409 1245 ‚
429 1205 464 1238 δε
492 1202 663 1250 corrupta
676 1200 849 1250 scriptura
863 1199 928 1236 Ms.
946 1198 1045 1235 Flor.
1064 1212 1125 1234 non
1143 1200 1258 1233 immix
1277 1197 1441 1244 tristibus;
1462 1199 1495 1233 &
1510 1195 1588 1232 edi-

197 1249 310 1287 tionis
331 1251 505 1301 principis
521 1280 529 1295 ‚
556 1265 617 1287 non
643 1252 903 1287 immixtricibns.
930 1248 1090 1285 Pichena
1115 1247 1367 1285 emendaverat
1389 1274 1399 1290 ‚
1435 1259 1496 1282 non
1528 1250 1589 1282 im-

199 1303 288 1336 mitis
316 1302 470 1350 tristibus.
495 1301 570 1338 Mss.
592 1301 694 1337 Harl.
710 1301 818 1338 Bodl.
833 1300 900 1338 Jes.
915 1298 1036 1336 Guelf.
1056 1298 1322 1335 &Puteolanus
1344 1324 1354 1341 ,
1388 1310 1448 1332 non
1474 1299 1588 1333 minax

198 1351 352 1398 tristibus.
374 1352 416 1388 ln
437 1352 504 1388 Ms.
524 1352 636 1388 Corb.
656 1365 716 1387 non
732 1355 844 1387 minus.
863 1350 1057 1386 Rhenanus
1069 1349 1232 1385 tentabat
1251 1376 1260 1391 ‚
1290 1360 1351 1382 non
1369 1350 1474 1382 minis.

253 1401 301 1437 IN
322 1414 508 1438 GAUDIUM
537 1405 710 1446 Evrc‘rA]
746 1401 843 1437 Bene
866 1400 943 1435 Mss.
957 1398 1054 1434 Flor.
1077 1398 1180 1435 Harl.
1196 1398 1265 1434 Jes.
1282 1397 1367 1447 Agr.
1386 1397 1462 1432 Jac.
1487 1396 1590 1433 Gro-

199 1450 332 1487 novius
354 1454 388 1487 &
415 1450 660 1488 Recentiores.
683 1450 726 1486 ln
754 1451 830 1487 ΜΠ.
848 1450 936 1499 Reg.
955 1448 1062 1486 Bodl.
1081 1451 1114 1485 &
1132 1447 1355 1485 editionibus
1381 1446 1561 1483 veteribus
1579 1474 1590 1489 ‚

202 1502 321 1536 eveHa.
360 1501 489 1538 Mallet
516 1501 693 1538 Nicolaus
727 1500 894 1537 Heinfius
920 1527 930 1543 ‚
962 1501 1075 1534 ereffa.
1108 1499 1178 1535 Sed
1203 1500 1306 1534 ενίἑῖα
1336 1497 1396 1533 hie
1427 1496 1590 1545 usurpari

198 1550 344 1587 videtur
360 1579 369 1595 ‚
390 1562 430 1587 ut
443 1552 546 1600 supra
560 1550 692 1587 Annal.
717 1550 785 1595 XI,
805 1563 864 1600 37.
891 1551 1052 1597 Supremis
1076 1551 1142 1597 ejus
1164 1548 1391 1595 neceffitau‘bus
1405 1548 1447 1583 ad
1459 1549 1592 1594 misera-

203 1603 321 1637 tionem
341 1603 444 1638 evifla
464 1613 544 1639 erat.

254 1700 361 1737 CAP.
391 1700 501 1738 LXV.
526 1701 942 1745 INTERPRETABATUR]
975 1698 1102 1735 Mallet
1126 1697 1313 1740 Ernestus,
1343 1697 1378 1733 ἶς’
1402 1699 1591 1744 Interpreta-

203 1750 299 1786 batur
316 1778 326 1794 ‚
349 1750 409 1787 vel
423 1753 763 1799 interpretabaturque.

257 1799 312 1836 Ex
338 1806 630 1848 ORATIONIBUS]
669 1802 766 1838 Bene
791 1799 986 1837 Rhenanus
1019 1801 1053 1835 &
1085 1796 1330 1835 Recentiores.
1361 1796 1421 1832 Sic
1446 1807 1594 1845 quoque

204 1850 435 1887 emendatum
462 1852 501 1887 in
533 1852 599 1889 Ms.
631 1851 733 1887 Harl.
758 1846 947 1900 Perperam
965 1848 1043 1886 Mff.
1059 1851 1093 1886 &
1107 1860 1242 1886 veteres
1258 1846 1438 1885 editiones
1451 1874 1462 1890 ,
1479 1848 1594 1882 exhor-

205 1902 394 1937 talionibus.

258 1950 400 1988 Pomm
430 1956 595 1999 ULTRo]
627 1951 954 1998 Ms.C0rb.pun1·ri
977 1951 1029 1985 vel
1059 1950 1156 1984 ultro.

260 2001 490 2039 COMITATUI
518 2002 744 2048 Pssmcnus]
779 2001 836 2037 Ita
855 2001 932 2038 ΜΠ.
954 2000 1053 2037 Flor.
1070 1997 1179 2035 Bodl.
1205 1996 1319 2033 Corb.
1337 1995 1531 2032 Rhenanus
1559 1998 1594 2032 ὃς

207 2050 453 2089 Recentiores.
467 2052 511 2088 In
522 2053 589 2088 Ms.
608 2052 696 2102 Reg.
714 2055 748 2088 ὃς
765 2051 988 2088 editionibus
1001 2048 1182 2087 veteribus
1199 2075 1209 2091 ,
1231 2050 1394 2082 comitatu.

261 2101 352 2137 EUM
376 2103 591 2149 TlssERIUs]
627 2103 725 2139 Bene
740 2101 897 2138 Pichena
912 2105 946 2138 δε
966 2099 1210 2137 Recentiores.
1232 2097 1275 2132 In
1290 2096 1368 2134 Mff.
1386 2095 1482 2132 Flor.
1503 2095 1593 2143 Reg.

208 2153 243 2187 &
268 2150 432 2189 editione
453 2153 618 2202 principe
632 2179 641 2194 ‚
664 2155 857 2187 Arruntium
874 2152 1017 2186 Tiberius
1032 2165 1045 2184 .·
1066 2149 1202 2185 duabus
1223 2160 1352 2195 nempe
1374 2144 1528 2182 vocibus
1557 2145 1595 2178 in

208 2212 318 2236 unam
341 2201 530 2245 conflatis,
557 2206 709 2239 Arruntii
729 2218 743 2238 .·
760 2215 841 2238 eum.
872 2201 917 2238 In
940 2200 1016 2238 Mss‘.
1036 2199 1138 2236 Harl.
1163 2197 1351 2235 Bodl.Jes.
1371 2199 1405 2233 &
1428 2194 1595 2232 Puteola-

211 2263 294 2294 πως,
315 2265 405 2300 quem
422 2253 576 2289 Tiberius.
1530 2292 1536 2298 .
1559 2291 1566 2297 ψ

265 2301 449 2338 BOLANUS
471 2315 492 2338 E
521 2315 799 2340 PRAESENTIBUS.
816 2302 1031 2346 ANGEBAT]
1061 2300 1159 2336 Bene
1181 2297 1256 2333 Mff.
1269 2296 1365 2333 Flor.
1381 2293 1596 2345 Reg.ed1t10

204 2350 381 2448 Jringeps
395 2355 429 2388 &
446 2353 676 2390 recentiores.
700 2353 798 2389 Male
816 2352 1022 2389 distinxerat
1045 2347 1265 2387 Puteolanus
1278 2376 1288 2392 ‚
1310 2349 1464 2383 Bolanus.
1478 2346 1506 2379 E
1516 2354 1599 2389 prae-

228 2403 289 2436 enti
313 2415 347 2437 us
365 2430 376 2447 ,
406 2405 472 2439 &c.

1207 2464 1386 2518 'Iliij
