2209 3047
651 223 737 269 376
832 217 1050 258 NOTAE
1099 215 1185 256 ET
1236 214 1827 260 EMENDATIONES

634 297 809 343 specimina
822 292 1008 341 propofiitſje
1022 320 1032 336 ,
1058 293 1094 328 ἓν
1117 292 1332 340 illustriffimis
1360 295 1448 328 Petri
1463 294 1623 329 Corneille
1637 305 1730 342 atque
1748 295 1878 331 Ioannis
1900 296 2020 335 Racine

636 346 790 391 exemplis
803 375 810 386 ‚
831 344 927 379 docTae
942 344 1131 379 imitationis
1147 346 1283 379 rationes
1301 343 1337 377 ξφ
1356 344 1512 380 utilitates
1527 344 1753 392 adprobaviffiu

688 445 930 480 ADULTERIA
945 468 955 487 ,
985 454 1239 480 MArmmoNiA
1265 448 1282 489 ]
1302 442 1438 479 Frustra
1455 442 1667 479 Gronovius
1685 452 1818 488 tentat,
1839 444 2017 489 adulteria,

632 495 845 541 pedagogia:
870 493 1028 543 Ryckius
1044 520 1052 534 ,
1078 495 1237 529 adulteria
1263 505 1493 529 matronarum.
1530 493 1604 529 Hic
1640 493 1802 530 Othonis
1822 493 1940 529 intimi
1963 494 2016 542 ip-

636 545 709 580 sam
730 543 885 581 Neronis
905 544 942 581 in
965 542 1201 579 matrimoniis
1224 542 1407 579 licentiam
1429 553 1592 591 arguunt.
1617 543 1660 578 In
1682 543 1749 579 Ms.
1772 543 1862 579 Bud.
1891 544 2015 579 adulte-

633 608 670 629 ra
693 597 924 635 matrimonia;
949 593 1049 643 quod
1075 592 1253 642 probabat
1281 592 1427 642 Lipsius.
1449 593 1542 629 Mox
1570 592 1691 629 mallet
1718 606 1876 642 ceteraque
1901 606 2014 642 regno-

631 657 729 686 rum,·
751 643 845 694 quasi
867 643 1014 693 glossam
1036 642 1214 691 praeferret
1230 670 1238 686 ,
1267 645 1440 692 ceterafilue
1464 656 1630 690 regnorum
1655 643 1812 679 libidines.

685 693 1013 730 COMPUTANTIUM
1042 697 1058 738 ]
1079 693 1214 728 Tentat
1235 693 1295 729 CL·
1317 692 1501 736 Ernestus,
1528 696 1790 740 comparantium.
1814 692 1882 730 Sed
1905 691 2012 728 mini·

630 744 688 780 me
710 743 919 786 necessario,
947 753 986 778 ut
1009 742 1083 791 ipse
1106 742 1245 778 fatetur.

680 793 883 830 Luam-nus
911 805 1078 829 ouscuua
1107 803 1324 828 CREDEN‘rrs
1349 796 1366 838 ]
1393 792 1437 829 In
1461 793 1538 829 Mss.
1563 797 1597 830 ὃ(
1626 791 1805 829 veteribus
1836 791 2011 828 editioni-

623 845 689 880 bus
703 872 712 887 ‚
737 844 830 879 credi.
855 841 1037 886 Ernestus,
1064 855 1083 879 e
1102 843 1306 890 conjecturis.
1322 841 1489 880 Pichenae
1503 871 1512 887 ,
1537 843 1651 880 edidit
1668 870 1676 883 ‚
1705 842 1859 877 credendi.
1878 841 2011 878 Melius

624 895 775 929 credentis
790 918 799 934 ,
821 902 860 928 ut
878 904 992 928 rerum
1010 892 1131 935 series,
1151 904 1193 928 ac
1211 892 1404 928 verborum
1422 895 1580 941 junctura
1599 891 1765 942 postulat.
1785 891 1844 926 Sic
1863 904 2010 941 quoque

625 943 799 981 volebant
820 941 951 979 eruditi
971 942 1063 986 viri,
1087 941 1252 978 Petavius
1277 945 1310 978 ὃς
1334 943 1501 980 Huetius.
2038 946 2040 949 ’

674 1045 782 1082 CAP.
808 1043 943 1080 XXIII.
973 1043 1260 1080 ENITERENTUR
1288 1047 1305 1089 ]
1338 1044 1489 1093 Optime
1519 1044 1594 1080 Mss.
1631 1044 1746 1081 editio
1776 1044 1941 1093 princeps
1975 1045 2010 1079 ὃς

621 1096 854 1133 recentiores.
876 1093 975 1130 Male
1000 1092 1218 1131 Puteolanus
1233 1120 1243 1137 ‚
1268 1097 1496 1130 emitterentur.
1520 1094 1629 1131 Unde
1650 1095 1808 1133 Pichena
1830 1093 1988 1131 tentabat
1996 1119 2010 1138 ,

623 1148 837 1181 emetirentur.

673 1241 783 1281 CAP.
811 1242 943 1281 XXIV.
974 1245 1245 1282 SPECULATORI
1271 1249 1288 1293 ]
1315 1245 1413 1282 Male
1434 1245 1673 1290 Puteolanus,
1689 1246 1894 1292 spiculatori.

673 1342 779 1379 CAP.
807 1343 918 1382 XXV.
947 1346 1223 1385 TEssr-:RAMUM
1251 1351 1269 1393 ]
1294 1345 1391 1382 Male
1412 1345 1486 1382 Mss.
1517 1346 1619 1383 Harl.
1647 1345 1754 1382 Bodl.
1781 1345 1848 1382 Jes.
1877 1349 1910 1382 &
1933 1344 2005 1380 Pu-

616 1392 804 1437 teolanus,
831 1396 1027 1443 teffiranum.
1051 1398 1141 1432 Mox
1162 1397 1239 1433 ΜΠ.
1258 1395 1365 1432 Bodl.
1394 1395 1516 1431 Guelf.
1541 1399 1574 1432 δε
1596 1395 1837 1440 Puteolanus,
1859 1395 2005 1443 pessime

616 1441 751 1478 habent
777 1445 914 1480 abionem
936 1446 1041 1482 eodem
1064 1459 1131 1494 pro
1156 1450 1310 1493 optionem
1330 1445 1518 1481 eorumdem.

667 1493 789 1529 PAUCI
815 1506 971 1531 ADSCITI
996 1499 1013 1541 ]
1038 1497 1136 1533 Bene
1162 1507 1297 1533 veteres
1316 1499 1349 1532 &
1371 1495 1586 1531 recentiores
1604 1494 1793 1532 editiones.
1813 1494 1857 1530 In
1875 1494 2000 1534 mediis

617 1542 830 1591 quibusdam
845 1571 855 1587 ‚
875 1548 987 1591 paucis
1008 1546 1123 1590 ascicis.

666 1592 935 1630 AccENDERET
962 1598 979 1640 ]
1005 1595 1071 1630 Ms.
1101 1595 1213 1631 Corb.
1238 1595 1448 1631 accenderent.

662 1641 708 1677 IN
736 1655 929 1680 COMMUNE
957 1648 975 1690 ]
998 1644 1053 1680 Ita
1069 1643 1262 1682 Rhenanus
1280 1649 1314 1682 ὃς
1338 1643 1582 1681 Recentiores.
1604 1643 1648 1679 In
1667 1643 1743 1680 Mss.
1763 1645 1798 1679 &
1819 1642 2000 1680 veteribus

614 1691 836 1729 editionibus
850 1721 860 1737 ‚
882 1697 916 1729 in
938 1698 1105 1732 communi.

667 1743 837 1780 MlLlTIAE
865 1755 1153 1781 TERREBANTUR
1181 1749 1198 1791 ]
1235 1744 1394 1780 Pichena
1412 1743 1549 1787 edidit,
1570 1743 1834 1785 exterrebantur3
1864 1752 1899 1779 at
1924 1755 2002 1779 non

614 1790 696 1827 satis
717 1792 814 1830 favet
836 1794 902 1830 Ms.
925 1794 1022 1830 Flor.
1047 1795 1084 1830 in
1108 1808 1181 1844 quo
1195 1795 1311 1844 primii
1324 1807 1431 1830 manu
1453 1794 1521 1830 fuit
1539 1793 1710 1843 scriptum
1734 1795 1832 1829 militi
1857 1794 2004 1828 Erreban-

613 1853 666 1875 tur
680 1858 691 1882 ς
706 1845 739 1878 &
758 1844 960 1880 recentiore
970 1846 1111 1881 tantuin
1128 1858 1236 1882 manu
1248 1844 1511 1895 superpositum
1535 1844 1780 1881 exterrebantur
1796 1871 1806 1888 ‚
1824 1853 1865 1879 ut
1879 1842 2002 1880 obser-

615 1902 675 1927 vat
695 1891 768 1929 Jac.
795 1894 1020 1931 Gronovius.

667 1992 772 2028 CAP.
800 1993 929 2032 XXVI.
956 1996 1216 2033 Anxmormm
1245 2000 1263 2043 ]
1287 1996 1345 2032 Sic
1366 1996 1475 2034 ferme
1494 2009 1619 2034 omnes
1638 1997 1714 2033 Mss.
1734 1997 1951 2034 Puteolanus
1967 1999 2002 2033 ὃς

613 2040 856 2082 Recentiores.
880 2044 924 2080 In
949 2045 1014 2081 Ms.
1040 2045 1128 2096 Reg.
1154 2050 1187 2083 &
1215 2046 1378 2083 editione
1402 2046 1589 2095 principe,
1616 2049 1878 2083 auxiliariorum.

669 2094 847 2130 PosTEuo
877 2095 1016 2132 Inuum
1047 2108 1112 2132 DIE
1139 2100 1157 2143 ]
1184 2095 1239 2132 Ita
1262 2096 1344 2132 libri
1367 2097 1480 2140 editi,
1509 2109 1552 2133 ac
1571 2110 1696 2133 omnes
1712 2097 1821 2133 ferme
1846 2095 1923 2132 Mff.
1955 2096 2000 2132 In

613 2141 682 2178 Ms.
707 2142 804 2179 Flor.
827 2145 947 2191 postero
970 2146 1085 2182 Iduum
1106 2147 1239 2183 dierum.
1258 2147 1308 2183 At
1328 2146 1424 2196 apud
1445 2146 1630 2183 Romanos
1657 2146 1816 2183 insolens
1846 2145 2001 2183 omnino

613 2191 663 2228 est
679 2191 852 2242 loquendi
872 2208 1001 2242 genus,
1017 2197 1139 2244 postero
1161 2197 1275 2232 Iduum
1292 2197 1341 2232 die
1355 2227 1363 2238 ‚
1383 2207 1444 2232 aut
1458 2197 1578 2245 postero
1594 2197 1813 2232 Kalendarum
1830 2197 1890 2233 die.
1907 2195 2000 2232 Ideo

612 2243 774 2279 tentabat
792 2243 850 2279 CI.
870 2244 1050 2288 Ernestus‚
1065 2246 1185 2294 postero
1197 2247 1311 2294 statim
1329 2247 1379 2282 die
1392 2274 1402 2289 ‚
1424 2247 1473 2282 ita
1490 2257 1530 2282 ut
1546 2246 1663 2284 sensus
1680 2246 1740 2291 fit,
1761 2246 1884 2294 postero
1903 2246 1998 2291 adop-

612 2295 708 2328 tionis
729 2294 790 2329 die.
815 2294 929 2338 Quod
950 2295 1095 2344 quidem
1119 2296 1246 2332 durum
1269 2296 1435 2333 videtur:
1457 2297 1632 2333 remotior
1649 2296 1745 2334 enim
1763 2295 1811 2333 est
1827 2294 1998 2344 adoptio-

610 2342 666 2377 nis
683 2343 866 2379 memoria.
888 2344 1013 2394 Itaque
1031 2345 1193 2382 existimo
1215 2346 1385 2395 scriptum
1402 2346 1501 2383 fuisse
1523 2346 1613 2382 olim
1626 2374 1635 2390 ,
1652 2361 1704 2393 pr.
1723 2346 1772 2381 Id.
1811 2345 1895 2381 inde
1913 2357 1999 2381 con-

611 2391 730 2428 fic’tum
765 2393 861 2430 fuisse
893 2394 1122 2431 librariorum
1143 2409 1262 2432 errore
1278 2424 1287 2439 ‚
1310 2396 1433 2443 postero
1455 2397 1570 2431 Iduum
1600 2397 1673 2439 die,
1696 2395 1779 2431 cum
1804 2394 1996 2444 legendum

608 2441 705 2481 foret
715 2470 725 2490 ,
736 2444 842 2491 pridie
857 2444 943 2481 Idus.
962 2444 1077 2497 quue
1092 2445 1211 2483 innuit
1226 2445 1418 2483 Suetonius
1430 2471 1442 2491 ,
1467 2445 1506 2481 in
1522 2444 1665 2483 Othon.
1679 2445 1731 2482 VI
1746 2472 1757 2490 ‚
1774 2446 1857 2482 Erat
1871 2447 1996 2481 animus

1912 2517 1997 2574 post
