2209 3047
595 243 679 283 570
771 224 995 267 NoTAE
1049 219 1137 262 ET
1189 215 1784 264 EMENDATIONES

593 303 746 351 drupliei
772 300 911 349 fastigio
941 297 1100 347 insigne,
1128 297 1265 333 inferne
1289 295 1467 332 clathrato
1498 296 1601 345 septo
1630 324 1639 341 ,
1679 311 1737 334 une
1768 299 1947 346 balastrade
1968 322 1981 346 ‚-

593 355 758 390 cinerum.
786 351 828 386 In
852 349 956 392 area,
982 360 1062 398 quse
1092 347 1139 384 est
1166 358 1247 382 ante
1271 346 1465 394 templum,
1494 359 1662 395 magnum
1693 349 1890 385 tentorium
1923 350 1983 388 die

594 403 682 439 sesto
707 398 1041 437 ”sabernaculorum
1060 398 1219 447 erigitur.
1236 396 1431 445 Templum
1449 397 1536 433 vero
1555 397 1665 433 latum
1681 398 1729 434 est
1745 399 1981 448 quadraginta

594 452 737 489 circiter
762 450 913 499 pedibus
929 477 939 494 ,
967 448 1148 497 sexaginta
1171 446 1334 497 longum.
1360 446 1546 483 Porticum
1570 447 1679 485 habet
1707 448 1846 498 duplici
1874 459 1983 486 tetra-

594 502 686 551 stylo
708 510 882 537 ornatam.

642 551 751 587 Nunc
776 550 949 598 templum
973 549 1180 591 subeamus,
1216 547 1310 584 intus
1342 547 1522 598 utrimque
1557 546 1695 595 duplici
1732 547 1980 587 columnarum

593 601 724 638 ordine
747 600 939 636 suffultum.
968 599 1011 634 In
1042 597 1187 641 medio,
1215 597 1317 647 quod
1339 598 1451 647 vulgo
1487 597 1637 634 dicimus
1663 598 1696 632 la
1720 598 1796 643 nef,
1826 598 1983 646 primum

593 650 754 687 occurrit
769 650 949 686 Cathedra
964 647 1114 696 Moysis,
1135 659 1241 697 quam
1256 647 1396 691 tholus,
1417 661 1458 683 un
1472 648 1560 683 ddme
1572 673 1582 689 ‚
1600 647 1848 695 supereminet.
1864 647 1983 684 Dein-

595 701 641 737 de
666 701 889 747 Van-soui-pai
906 729 914 741 ‚
941 697 999 734 seu
1021 697 1153 734 tabella
1187 697 1417 746 Imperatoris
1433 723 1444 741 ,
1473 699 1505 733 la
1537 698 1668 732 tablette
1691 697 1727 732 de
1750 698 1949 744 l’Empereur
1970 723 1983 741 ‚

601 750 659 787 cui
680 749 881 786 Sinenfibus
899 747 1009 784 literis
1026 747 1138 783 aureis
1154 760 1290 784 nomen
1306 747 1536 796 Imperatoris
1556 746 1765 796 inscriptum
1779 775 1788 790 ,
1816 759 1897 782 cum
1914 747 1982 783 du-

594 800 685 849 plici
717 799 892 836 coronide
917 800 951 833 &
976 796 1170 840 cancellis,
1188 797 1331 833 Gallice
1348 799 1398 833 des
1420 797 1582 845 jaloufies.
1608 796 1722 846 Supra
1750 798 1982 845 Van-soui-pai

598 849 714 886 aureis
733 861 877 898 quoque
897 846 1006 884 literis
1025 846 1207 883 Hebraic'e
1222 847 1431 895 inscriptum
1447 860 1456 883 ε

627 909 688 937 πυτ
713 895 805 937 0¹7in
826 895 955 934 murm
981 905 1066 934 ain:
1082 905 1138 933 niv
1158 906 1246 940 *fii-s:
1265 906 1272 920 ¹
1297 906 1370 933 -τηκ
1391 906 1469 933 mm
1491 893 1612 933 umbre
1632 903 1711 932 mm
1727 893 1846 933 bie-awa
1869 904 1958 934 νων]

596 946 641 982 Id
664 945 732 988 est,
759 945 866 986 Audi,
884 944 1005 990 Israel:
1031 944 1172 979 Jelzovah
1197 945 1286 978 Deus
1298 943 1398 990 noster
1421 944 1564 982 Jehovalz
1585 957 1676 980 unus.
1699 945 1904 981 Benediffbum
1923 957 1982 980 no-

595 1009 664 1032 men
687 996 810 1042 gloriae.
838 994 985 1042 Regnum
1009 996 1076 1040 ejus
1102 996 1135 1028 in
1150 994 1305 1038 saeculum
1321 995 1356 1028 ξφ
1371 996 1404 1028 in
1419 1004 1581 1029 aeternum.

646 1043 727 1079 Post
746 1045 969 1090 Van-foui-pai
985 1071 995 1086 ‚
1011 1042 1074 1080 stat
1096 1055 1195 1079 arcus
1211 1055 1293 1079 curn
1317 1042 1453 1092 triplici
1475 1042 1627 1080 fornice.
1653 1043 1780 1081 Aureis
1801 1043 1908 1082 etlam
1930 1043 1981 1079 li-

595 1094 677 1132 teris
702 1093 757 1129 illi
782 1093 1017 1142 inscriptum:

781 1153 887 1181 maru
911 1152 1019 1179 amn
1037 1141 1141 1180 ‘mm
1163 1140 1235 1179 '7⁸³
1255 1151 1365 1179 'mm
1387 1140 1523 1179 umbem
1547 1141 1633 1180 vu‘m
1652 1152 1753 1180 mm:
1773 1149 1825 1186 3³:

594 1192 637 1228 Id
653 1191 717 1235 est,
734 1193 882 1239 Intellige
899 1192 1038 1227 Jelzovah
1058 1191 1112 1239 effe
1124 1192 1231 1226 Deum
1245 1192 1406 1234 Deorum,
1422 1191 1459 1227 ὅ
1475 1193 1652 1227 Dominum
1663 1218 1674 1235 ‚
1688 1192 1795 1227 Deum
1808 1203 1960 1239 magnum
1971 1214 1985 1236 ,

588 1243 709 1291 fortem
735 1242 772 1277 θ’
797 1243 982 1277 terribilem.

648 1290 731 1328 Post
756 1303 877 1328 arcum
902 1290 951 1327 est
978 1302 1109 1340 magna
1134 1290 1255 1327 mensa
1279 1291 1602 1327 odoramentorum
1619 1317 1630 1334 ‚
1655 1290 1760 1339 supra
1786 1302 1892 1340 quarn
1916 1303 1984 1340 po-

595 1341 658 1378 fita
684 1341 743 1378 sex
770 1341 1005 1378 candelabra:
1030 1341 1069 1376 in
1094 1340 1237 1376 duobus
1260 1341 1382 1389 primis
1406 1341 1650 1384 candelabris,
1678 1340 1757 1377 duae
1790 1341 1915 1377 taedoe:
1944 1340 1983 1377 in

596 1391 737 1428 duobus
761 1391 913 1435 mediis,
942 1391 1021 1427 duae
1044 1390 1229 1427 candelae:
1258 1391 1297 1425 in
1321 1391 1462 1427 duobus
1490 1390 1654 1427 extremis
1679 1418 1688 1434 ‚
1710 1390 1790 1426 duae
1813 1390 1982 1427 lucernae.

594 1442 666 1478 His
694 1441 917 1477 candelabris
942 1451 1010 1476 tres
1038 1439 1185 1476 diverses:
1210 1439 1344 1476 fornice.
1370 1439 1413 1475 In
1438 1453 1563 1477 eorum
1584 1440 1707 1476 medio
1730 1453 1899 1489 magnum
1922 1452 1986 1476 vas

595 1492 920 1528 odoramentorum
944 1491 1053 1539 tripes
1079 1493 1113 1525 &
1137 1488 1309 1525 ansatum.
1334 1491 1452 1538 Prope
1473 1490 1629 1526 mensam
1653 1489 1753 1525 aliud
1775 1503 1836 1526 vas
1864 1489 1983 1526 lavan-

595 1541 649 1578 dis
672 1540 847 1577 manibus.

646 1590 729 1627 Post
753 1590 910 1628 mensam
933 1590 981 1627 est
1002 1590 1135 1631 Bethel,
1164 1588 1202 1624 id
1221 1588 1269 1625 est
1290 1589 1417 1625 domus
1436 1587 1531 1632 Dei,
1557 1588 1677 1625 Sinice
1694 1589 1872 1636 Tien‘tang
1887 1615 1896 1632 ‚
1925 1589 1985 1626 seu

596 1641 770 1690 templum
797 1641 877 1677 caeli
897 1668 906 1683 ‚
947 1639 1034 1676 foris
1067 1638 1302 1689 quadratum,
1337 1638 1432 1674 intus
1464 1639 1673 1675 rotundum.
1707 1638 1800 1675 Haec
1825 1638 1872 1674 est
1906 1651 1986 1687 pars

596 1690 721 1739 templi
740 1690 945 1727 sanetislima
962 1718 971 1734 ,
1002 1701 1109 1739 quam
1134 1701 1224 1724 unus
1244 1690 1473 1738 'schang-Kiao
1489 1716 1498 1732 ‚
1526 1688 1563 1724 id
1583 1688 1632 1725 est
1649 1688 1851 1738 Synagogae
1870 1691 1986 1725 rector

595 1741 687 1777 solet
710 1740 860 1789 ingredi.
889 1739 931 1775 In
956 1740 1029 1776 hoc
1053 1738 1180 1776 Bethel
1202 1739 1307 1788 supra
1337 1738 1510 1775 tredecim
1535 1738 1671 1775 mensas
1694 1737 1784 1774 stant
1812 1738 1985 1775 tredecim

595 1792 786 1836 Ta-Kings,
814 1790 852 1826 id
877 1789 925 1826 est
950 1789 1122 1827 tredecim
1146 1788 1259 1837 legis,
1280 1788 1583 1825 autPentateuchi
1598 1788 1809 1830 ‚volumina
1831 1801 1843 1831 3
1870 1788 1983 1838 fingu-

595 1840 630 1875 la
644 1868 652 1882 ‚
672 1839 761 1876 velis
786 1840 904 1876 sericis
923 1840 1076 1877 obteaa.
1097 1838 1305 1874 Duodecim
1326 1852 1368 1875 ex
1385 1838 1441 1874 his
1458 1838 1706 1874 voluminibus
1724 1838 1881 1875 referunt
1898 1838 1984 1874 duo-

597 1889 715 1925 decim
739 1889 850 1926 tribus
871 1889 990 1926 Israel.
1018 1890 1062 1925 In
1087 1888 1210 1924 medio
1234 1888 1300 1925 stat
1332 1887 1684 1931 tertiumdecimum,
1710 1889 1749 1924 in
1774 1888 1984 1925 memoriam

596 1940 847 1988 honoremque
871 1940 1005 1987 Moysis
1029 1938 1194 1988 pofitum.

645 1988 727 2024 Post
759 1989 909 2033 Bethel,
944 1989 982 2025 in
1013 1989 1090 2038 ipsa
1114 1988 1241 2037 templi
1268 1989 1517 2032 extremitate,
1548 1988 1726 2037 refulgent
1751 1987 1881 2024 tabulae
1918 1987 1985 2025 Le-

595 2037 649 2087 gis
673 2039 784 2075 aureis
809 2039 918 2076 literis
943 2039 1125 2075 Hebraice
1149 2038 1340 2087 inscriptce.
1380 2038 1433 2074 Ex
1457 2049 1612 2088 utroque
1646 2039 1756 2075 latere
1783 2037 1984 2075 tabularum

594 2088 677 2124 sunt
699 2089 870 2125 armaria:
899 2089 936 2125 in
958 2089 1000 2125 iis
1024 2087 1149 2124 inclusi
1166 2087 1272 2131 libri,
1296 2089 1425 2138 quibus
1443 2088 1554 2137 vulgo
1573 2099 1720 2124 utuntur
1738 2087 1864 2124 Judaei.
1885 2089 1984 2124 Ante

594 2136 728 2187 singula
753 2140 901 2175 armaria
924 2138 972 2176 est
995 2138 1137 2182 mensa,
1165 2138 1269 2188 supra
1294 2151 1401 2188 quam
1423 2138 1580 2176 medium
1609 2137 1658 2175 est
1683 2138 1775 2175 inter
1799 2137 1873 2173 duo
1901 2138 1985 2174 vasa

598 2187 862 2224 candelabrum.

647 2237 736 2274 Hoc
759 2237 807 2273 est
831 2239 1026 2287 templum,
1056 2238 1093 2274 in
1118 2238 1219 2288 quod
1243 2238 1358 2275 Judaei
1380 2238 1534 2274 sabbatis
1557 2237 1706 2287 aliisque
1736 2236 1828 2273 festis
1857 2236 1983 2274 diebus

596 2286 843 2333 conveniunt,
859 2287 979 2324 Deum
999 2288 1192 2326 adoraturi.
1215 2288 1248 2325 Ii
1265 2288 1376 2327 latera
1395 2288 1521 2338 templi
1538 2298 1733 2338 occupant.
1747 2287 1872 2324 Media
1886 2286 1981 2325 enim

631 2397 638 2409 τ
659 2389 737 2413 Prima
750 2399 800 2422 pars
818 2392 887 2421 hujus
902 2392 1068 2423 Infri‘iptionis
1086 2400 1180 2424 accepta
1201 2393 1232 2416 est
1254 2400 1266 2416 e
1308 2392 1443 2419 Sinenfibus
1456 2410 1462 2420 ‚
1482 2401 1508 2416 ut
1524 2392 1548 2415 in
1561 2390 1646 2415 nostris
1661 2391 1742 2414 Bibliis
1753 2407 1759 2417 ,
1780 2390 1802 2417 Ἴ
1819 2392 1843 2413 &
1855 2388 1878 2416 Ἡ
1896 2387 1979 2419 scripta

595 2425 791 2448 Deuteronomio
803 2426 852 2452 VI,
873 2433 895 2454 4.
920 2425 951 2449 At
973 2428 996 2449 in
1017 2427 1177 2457 Inl‘ctiptionc
1195 2427 1267 2449 literae
1308 2428 1353 2454 fin(
1365 2431 1496 2460 majoribus
1511 2430 1591 2453 literis.
1611 2429 1696 2452 Cetera
1713 2427 1773 2453 forn}
1786 2432 1881 2457 accepia
1895 2426 1950 2452 sunt
1967 2431 1979 2447 c

599 2465 680 2483 omncs
693 2461 747 2486 lunt
768 2458 870 2491 ejusdem
882 2460 1054 2494 magnitudinis
1064 2477 1071 2489 ,
1088 2460 1144 2488 licet
1160 2460 1185 2485 in
1202 2460 1266 2485 libris
1308 2465 1404 2489 Psalmis
1414 2464 1433 2488 X
1443 2481 1449 2491 ,
1468 2467 1505 2490 16.
1518 2465 1541 2489 ὅ(
1554 2463 1644 2488 LXXII
1654 2479 1660 2490 ,
1672 2469 1711 2491 ¹9·
