2209 3047
628 218 717 256 440
820 198 1041 241 NOTAE
1079 196 1166 237 ET
1212 195 1812 243 EMENDATIONES

680 277 786 312 CAP.
814 273 1021 311 LXXVIII.
1050 273 1212 309 VETERA
1241 284 1366 308 ommia
1394 275 1412 318 ]
1442 272 1539 310 Bene
1569 272 1728 312 Pichena
1758 289 1778 313 e
1804 276 1874 314 Ms.
1904 281 2000 318 Flot,

630 327 750 376 Vulgo
779 326 815 360 in
838 324 955 359 Msst&
979 323 1157 359 veteribus
1187 321 1409 359 editionibus
1436 350 1445 365 ‚
1477 326 1594 359 omnia.

673 376 935 411 VIDEBANTUR
964 377 981 419 ]
1004 372 1059 408 Ita
1080 372 1295 409 Puteolanus
1319 375 1352 407 &
1371 370 1614 410 Recentiores.
1635 373 1694 410 Sic
1719 386 1865 424 quoque
1888 378 2001 424 prima

624 438 732 462 manu
755 424 820 460 Ms.
847 422 949 460 Harl.
979 423 1023 458 In
1049 422 1124 459 Mff.
1148 421 1245 458 Flor.
1282 420 1369 471 Reg.
1395 422 1508 460 Corb.
1531 422 1624 459 Bud.
1652 428 1685 459 δε
1712 424 1874 462 editione
1908 427 2004 474 prin-

624 476 705 523 cipe
730 502 740 518 ,
785 473 962 509 ridebatur.
1003 472 1117 519 Quod
1140 472 1241 521 ecque
1266 471 1339 507 dici
1361 471 1480 520 potest
1496 499 1507 516 ,
1542 472 1567 508 fi
1590 473 1776 510 indefinite
1803 474 1877 510 dici
1901 476 2002 512 aeci-

649 537 709 560 ias.

621 537 646 573 P
676 575 764 610 ARA
792 585 958 610 TANTUM
989 585 1037 608 ET
1068 575 1354 618 εεεΈΒΕΝῚ-ιᾼ]
1391 571 1489 608 Bene
1527 570 1597 607 Ms.
1636 572 1725 622 Agr.
1758 575 1792 609 ὅ(
1827 573 2002 623 Ryckius.

620 625 809 673 Perperam
832 623 871 658 in
899 622 1022 658 ceteris
1045 622 1119 656 Mff.
1147 624 1180 656 δε
1208 621 1386 657 veteribus
1411 621 1654 665 editionibus,
1682 636 1773 657 aram
1805 626 1930 658 tantum
1964 626 2001 660 ξς·

621 677 829 709 reverentiam
844 688 858 707 .·
886 672 971 707 lic‘et
997 671 1168 708 Gruterus
1189 673 1222 707 &
1239 670 1312 708 Jac.
1332 672 1541 708 Gronovius
1557 671 1596 707 id
1616 671 1832 717 defendant,
1859 675 1893 710 δε
1917 685 2001 711 cum

620 724 780 760 tradidere
804 723 1038 769 conjungant.
1580 738 1584 740 Ἴ

673 772 906 810 PssoLATARE
935 782 1058 806 AGRos
1086 773 1103 816 ]
1130 769 1196 808 Ms.
1222 770 1311 821 Agr,
1333 773 1483 818 plantare
1506 785 1611 820 agros.

668 873 774 909 CAP.
802 870 965 906 LXXIX.
993 870 1240 906 Famem...
1269 882 1416 907 mpmzn
1445 874 1463 916 ]
1487 869 1615 906 Mallet
1647 870 1704 906 Cl.
1724 871 1911 916 Ernestus‚
1943 874 1999 910 de-

611 924 795 971 ferendi...
823 924 947 965 imperii
959 935 973 962 ,-
997 919 1099 970 quod
1123 920 1218 955 cert‘e
1240 919 1397 956 usitatius
1414 920 1519 957 foret.
1540 920 1632 956 Mox
1657 920 1713 956 CI.
1736 920 1900 959 Ernestus
1920 934 2002 960 ten-

620 984 671 1009 tat
697 984 832 1018 captum.
858 969 946 1005 Non
970 969 1020 1005 ita
1045 980 1164 1004 tamen
1192 968 1382 1017 displicet,
1416 983 1560 1015 coeprum.

670 1021 726 1056 Eo
756 1032 917 1056 ARDORE
945 1023 963 1065 ]
1001 1018 1057 1054 Ita
1083 1018 1168 1054 libri
1209 1031 1356 1064 omnes,
1388 1030 1516 1069 praeter
1552 1018 1765 1056 Rhenanurn
1788 1047 1800 1064 ‚
1840 1022 1902 1071 qui
1937 1021 2000 1059 illa

622 1070 748 1108 omisit.

669 1122 829 1156 PARATA
859 1131 1056 1156 CONCIONE
1082 1122 1099 1165 ]
1126 1119 1222 1155 Bene
1239 1118 1304 1154 Ms.
1324 1118 1409 1167 Agr.
1427 1117 1587 1168 Ryckius
1606 1121 1639 1155 ὃς
1657 1119 1900 1156 Recentiores.
1917 1122 1999 1157 Per-

616 1182 738 1218 peram
764 1169 801 1204 in
827 1169 902 1206 Mff.
929 1172 962 1205 ὃς
986 1169 1164 1206 veteribus
1189 1168 1411 1205 editionibus
1426 1195 1437 1212 ,
1459 1170 1581 1215 paraui
1609 1173 1794 1218 cognitione.
1818 1169 2000 1208 Emenda-

616 1220 678 1256 bat
700 1219 859 1268 Lipsius,
880 1231 1001 1266 paratu
1028 1233 1063 1254 ac
1087 1222 1239 1254 concione.

670 1321 776 1358 CAP.
807 1320 949 1357 LXXX.
980 1323 1189 1362 LOCUSQUE
1219 1323 1236 1366 ]
1261 1319 1334 1356 Jac.
1360 1321 1571 1358 Gronovius
1595 1321 1712 1358 omisit
1732 1335 1788 1370 que
1804 1334 1818 1363 ,·
1843 1321 1941 1371 quod
1960 1321 1999 1357 in

616 1371 683 1407 ΜΓ.
703 1371 800 1407 Flor.
831 1382 899 1408 tres
926 1371 1112 1420 postremae
1137 1370 1248 1406 literae
1281 1369 1401 1406 defint.
1434 1370 1538 1406 Nihil
1562 1372 1699 1407 mutavi
1723 1371 1774 1408 ob
1800 1383 2000 1408 ceterorum

614 1419 792 1457 librorum
813 1421 1046 1464 consensum,
1075 1419 1219 1462 Taciti,
1241 1418 1537 1470 Scriptorumque
1560 1421 1672 1456 usum.

664 1472 925 1507 ADSISTENTES
956 1482 1104 1507 orzmm-
1131 1474 1148 1515 ]
1170 1469 1267 1505 Bene
1292 1469 1448 1505 Pichena
1468 1474 1500 1505 ὃ(
1520 1470 1751 1506 Recentiores
1769 1483 1788 1507 e
1806 1470 1873 1506 Ms.
1899 1470 1998 1507 flor.

613 1519 712 1556 Male
739 1520 777 1555 in
802 1521 877 1557 Mff.
902 1524 935 1556 δε
957 1519 1136 1556 veteribus
1160 1518 1381 1554 editionibus
1396 1546 1405 1561 ‚
1435 1519 1599 1565 adsistunt.

669 1570 823 1606 TANTAE
852 1580 1137 1606 MULTITUDINIS
1164 1571 1182 1613 ]
1207 1567 1262 1602 Ita
1281 1567 1426 1617 quidem
1449 1567 1531 1603 libri
1556 1581 1689 1604 omnes.
1710 1570 1762 1604 At
1778 1568 1896 1605 sensus
1913 1568 2001 1617 pos-

613 1619 704 1656 tulat
720 1648 730 1663 ‚
757 1631 855 1654 tantae
881 1623 1064 1655 mutationis
1076 1632 1090 1660 ,-
1116 1629 1157 1653 ut
1177 1617 1269 1653 reete
1292 1617 1436 1654 monuit
1461 1617 1490 1654 J.
1514 1617 1553 1653 F.
1575 1618 1798 1654 Gronovius.
1836 1620 1893 1654 Ita
1909 1631 2001 1668 quo-

612 1682 683 1719 que
722 1669 829 1706 vertit
863 1668 920 1705 Cl.
946 1668 1126 1706 Gordon:
1156 1669 1201 1701 As
1217 1669 1296 1714 soem
1320 1681 1354 1702 as
1387 1670 1423 1703 he
1446 1669 1508 1703 had
1534 1671 1697 1704 recovered
1722 1670 1772 1703 the
1790 1669 1861 1716 full
1891 1673 1940 1716 use
1967 1669 2009 1717 of

613 1719 778 1768 hisfight,
802 1720 937 1766 daqqled
952 1719 1072 1766 atfirst
1091 1720 1130 1767 by
1150 1720 1200 1752 the
1214 1719 1306 1764 glare
1323 1717 1393 1765 ofa
1411 1719 1708 1766 changesbsudden
1725 1719 1835 1765 andfh
1853 1720 2000 1767 mighry,

613 1771 649 1803 lie
666 1769 761 1815 spoke
785 1781 816 1804 to
839 1771 922 1804 them
944 1772 976 1803 in
999 1770 1049 1804 the
1072 1769 1229 1815 languafge
1252 1767 1315 1801 and
1331 1768 1431 1814 spirit
1453 1769 1493 1814 of
1509 1781 1529 1802 α
1544 1769 1674 1815 soldier.
1705 1767 1831 1804 Mallet
1854 1768 2001 1818 quidem

613 1818 810 1860 Trillerus,
837 1831 934 1854 tantae
959 1818 1166 1858 altitudinis5
1192 1816 1385 1866 laudatque
1421 1817 1566 1854 Livium
1597 1817 1742 1861 XXVI,
1770 1831 1817 1865 45
1836 1845 1847 1862 ,
1873 1817 1936 1853 ubi
1960 1817 2000 1854 in

615 1868 845 1905 describenda
877 1868 1098 1904 moeniorum
1129 1867 1407 1916 oppugnatione
1433 1867 1504 1904 ait:
1534 1868 1673 1912 Quidum
1690 1867 1852 1914 stantibus
1870 1869 1969 1914 scalis
1988 1893 2003 1910 ,

614 1920 682 1952 cum
708 1919 846 1953 altitudo
871 1920 1039 1966 caliginem
1068 1918 1166 1952 oculis
1202 1918 1375 1966 officdiffet,
1412 1918 1454 1952 ad
1479 1930 1596 1953 terram
1627 1918 1726 1953 delati
1743 1918 1835 1964 sunt.
1863 1917 1999 1954 Verum

615 1967 754 2003 diversa
780 1979 976 2004 narrantur.
999 1967 1046 2003 Et
1070 1967 1165 2004 certe
1190 1971 1326 2002 mutatio
1341 1998 1349 2009 ,
1373 1968 1479 2017 quam
1500 1968 1660 2011 altitudo,
1685 1967 1807 2003 Taciti
1827 1967 1915 2004 Ioco
1939 1980 1998 2003 ac-

613 2017 1086 2055 commodatior.Jamenim
1103 2017 1262 2053 dixerat:
1289 2019 1382 2052 Mens
1407 2031 1427 2052 a
1457 2029 1540 2052 metu
1561 2018 1604 2052 ad
1618 2018 1790 2065 fortunam
1815 2018 1999 2064 transterat.

611 2067 704 2103 Sunt
726 2079 865 2111 tamen,
895 2068 957 2118 qui
985 2080 1081 2102 tancae
1113 2067 1327 2102 multitudinis
1353 2066 1554 2109 retineant,
1590 2070 1624 2103 δε
1661 2067 1776 2103 velint
1808 2067 2000 2117 caliginem

613 2117 714 2152 tanta
739 2118 892 2154 militum
913 2116 1144 2153 multitudine
1171 2116 1288 2153 oculis
1309 2116 1513 2165 Vespafiani
1536 2116 1635 2153 fuisse
1660 2116 1822 2153 offusam.

667 2165 839 2208 NAMQUE
868 2172 885 2214 ]
910 2168 1007 2205 Bene
1029 2166 1106 2204 Mff.
1128 2166 1226 2205 Flor.
1245 2166 1332 2215 Reg.
1354 2166 1465 2202 Corb.
1488 2166 1601 2203 editio
1628 2167 1815 2216 princeps,
1841 2165 2000 2203 Pichena

613 2218 647 2252 &
668 2217 911 2254 Recentiores.
934 2218 978 2253 In
1006 2216 1084 2252 Mss‘.
1113 2215 1218 2252 Harl.
1251 2215 1358 2253 Bodl.
1383 2216 1448 2253 Jes.
1475 2219 1509 2252 δε
1531 2215 1772 2261 Puteolanus,
1800 2230 1886 2252 nam.
1911 2217 2001 2265 Lip-

614 2265 681 2301 ssus
695 2294 704 2308 ,
727 2270 810 2313 jam.

664 2315 905 2352 GERMANXCA
932 2327 1101 2352 HIBERNA
1121 2341 1130 2357 ,
1162 2328 1272 2353 CAELO
1302 2320 1319 2362 ]
1338 2315 1393 2353 Ita
1408 2315 1601 2353 Rhenanus
1617 2319 1651 2352 δε
1674 2316 1905 2353 Recentiores
1921 2327 1999 2350 om-

609 2378 695 2408 nes,
725 2377 852 2413 praeter
873 2365 945 2402 Jac.
972 2365 1206 2401 Gronovium
1227 2394 1236 2409 ,
1275 2367 1337 2415 qui
1368 2378 1529 2403 veterum
1562 2366 1763 2402 editionum
1792 2366 2003 2412 scripturam

611 2415 771 2454 defendit
791 2443 803 2462 ,
848 2415 1040 2453 Germanica
1081 2417 1207 2451 hiberno
1243 2418 1318 2452 caelo
1344 2431 1359 2451 .·
1387 2415 1435 2452 fic
1469 2427 1615 2466 quoque
1639 2415 1775 2454 habent
1799 2415 1876 2452 Mff.
1908 2414 2002 2450 Vera

1865 2499 2002 2528 tamen
