2230 3047
592 181 645 227 38
858 174 906 214 C.
966 174 1369 217 CORNELII
1427 176 1709 218 TACITI

584 256 688 296 tibus
710 284 723 303 ,
751 255 956 310 increpare
984 255 1183 307 Galbam,
1214 256 1374 298 laudare
1395 256 1569 297 militum
1602 255 1824 308 judicium,
1852 259 1961 299 exos-

446 309 560 384 Λέξις·
585 318 709 360 culari
734 318 912 359 Othonis
944 334 1128 360 manum:
1156 321 1384 374 quantoque
1421 320 1545 374 magis
1581 318 1677 360 falsa
1705 333 1844 369 erant,
1877 336 1961 374 quae

467 375 537 431 „cs
582 380 730 421 fiebant
746 409 758 430 ,
779 383 892 421 tanto
916 380 1029 437 plura
1044 383 1188 423 facere.
1209 385 1302 425 Nec
1325 382 1603 438 aspernabatur
1622 382 1796 437 singulos
1817 383 1932 423 Otho
1946 412 1961 433 ,

474 454 525 487 69.
581 443 742 484 avidum
764 447 803 484 ὅ(
827 445 1025 486 minacem
1045 445 1220 486 militum
1244 447 1419 486 animum
1434 475 1448 496 ,
1471 460 1574 487 voce
1593 444 1787 499 vultuque
1807 459 1959 502 tempe-

580 521 682 547 rans.
703 506 878 548 Marium
901 507 1064 548 Celsum
1079 538 1091 558 ‚
1115 507 1323 550 consulem
1343 509 1588 563 designatum
1614 513 1624 530 ¹
1643 538 1656 558 ,
1686 512 1726 549 &
1744 507 1881 549 Galbae
1897 508 1959 548 us-
2016 519 2041 558 5

581 584 658 624 que
673 570 715 609 in
735 583 930 612 extremas
956 586 1016 612 res
1034 574 1207 612 amicum
1224 571 1425 625 fidumque
1439 572 1510 622 ,ad
1526 570 1764 627 supplicium
1784 571 1962 626 expostu-

580 631 743 681 labant,
778 633 971 673 industriae
1000 632 1083 685 ejus
1114 635 1463 687 innocentiaeque‚
1491 634 1595 688 quasi
1624 634 1745 675 malis
1770 633 1916 674 artibus
1945 663 1960 684 ,

578 695 730 736 infensi.
751 695 877 736 Caedis
902 701 940 736 &
962 697 1176 752 praedarum
1196 698 1380 746 initium,
1407 700 1447 737 &
1478 698 1634 752 optimo
1665 698 1809 750 cuique
1834 697 1962 752 perni-

580 760 685 800 ciem
709 760 826 812 quaeri
852 759 1083 814 apparebat:
1113 759 1181 799 sed
1202 760 1362 800 Othoni
1383 759 1564 799 nondum
1591 761 1799 800 au&oritas
1831 761 1960 800 inerat

580 822 631 862 ad
657 821 952 876 prohibendum
979 822 1131 869 scelus3
1159 820 1295 873 jubere
1314 820 1394 873 jam
1409 835 1578 877 poterat.
1593 823 1673 872 Ita,
1708 821 1957 862 simulatione
1991 835 2041 863 10

578 885 642 924 irae
655 913 668 934 ,
699 901 720 920 <c
744 885 887 925 vinciri
908 902 929 921 »
952 883 1093 935 jussum
1108 914 1120 934 ,
1147 889 1187 925 ὅ(
1215 901 1236 921 (ε
1257 883 1426 937 majores
1450 900 1588 940 poenas
1609 885 1791 926 daturum
1806 902 1827 922 >2
1850 885 1959 925 adfir-

579 961 716 997 mans,
746 947 924 1002 praesenti
948 949 1072 987 exitio
1101 947 1305 988 subtraxit.

643 1010 814 1050 XLVI.
850 1010 965 1049 ΟΜΝ
976 1024 987 1049 1
998 1024 1022 1049 A
1044 1010 1187 1051 deinde
1204 1009 1366 1051 arbitrio
1381 1009 1555 1051 militum
1569 1012 1663 1052 aaa.
1677 1011 1851 1051 Praetorii
1868 1025 1959 1067 prae-

579 1072 701 1112 fectos
717 1071 784 1111 fibi
799 1072 869 1127 ipsi
883 1071 1037 1126 legere3
1052 1071 1227 1113 Plotium
1243 1074 1445 1123 Firmum,
1467 1088 1489 1113 e
1507 1072 1816 1130 manipularibus
1836 1088 1958 1126 quon-

580 1135 698 1184 dam,
725 1148 811 1175 tum
834 1135 1023 1189 vigilibus
1044 1136 1290 1192 praepositum
1306 1166 1318 1187 ,
1341 1140 1408 1186 &,
1429 1136 1627 1178 incolumi
1649 1137 1780 1177 adhuc
1801 1135 1957 1186 Galba,
1993 1147 2040 1188 ις

580 1211 708 1253 partes
724 1198 902 1238 Othonis
917 1198 1110 1239 secutum.
1126 1197 1371 1254 Adjungitur
1386 1199 1566 1240 Licinius
1582 1199 1798 1249 Proculus,
1817 1197 1959 1239 intima

579 1259 848 1301 familiaritate
863 1261 1060 1312 Othonis,
1083 1262 1279 1318 suspectus
1300 1260 1463 1303 confilia
1479 1261 1562 1315 ejus
1582 1262 1734 1303 fovisse.
1751 1261 1848 1302 Urbi
1864 1261 1959 1303 Fla-

579 1323 691 1363 vium
709 1323 902 1364 Sabinum
923 1328 937 1344 ²
957 1325 1166 1379 praefecere
1178 1354 1191 1375 ,
1214 1323 1409 1377 judicium
1425 1326 1601 1366 Neronis
1618 1325 1768 1375 secuti,
1791 1324 1860 1364 sub
1878 1339 1958 1378 quo

580 1386 762 1426 eamdem
782 1401 918 1427 curam
939 1385 1167 1428 obtinuerat
1181 1417 1194 1438 ,
1218 1387 1414 1443 plerisque
1431 1388 1713 1444 Vespasianum
1731 1387 1892 1428 fratrem
1914 1389 1957 1426 in

579 1463 628 1489 eo
648 1449 964 1504 respicientibus.
979 1450 1011 1491 F
1014 1448 1223 1505 lagitatum
1236 1480 1248 1500 ,
1272 1467 1293 1486 «
1308 1464 1351 1491 ut
1365 1452 1594 1491 vacationes
1617 1456 1626 1479 ³
1643 1480 1657 1501 ,
1678 1452 1842 1507 praestari
1863 1465 1958 1491 cen·
1985 1461 2042 1490 20

579 1511 835 1552 »tutionibus
856 1511 999 1563 solitae,
1019 1515 1315 1554 remitterentur
1329 1531 1350 1550 »
1362 1545 1370 1554 .
1387 1516 1575 1568 Namque
1590 1515 1792 1568 gregarius
1815 1512 1927 1554 miles
1943 1542 1957 1563 ‚

578 1587 623 1614 ut
643 1573 832 1614 tributum
850 1590 1050 1626 annuum,
1074 1575 1282 1631 pendebat.
1306 1578 1458 1630 Quarta
1480 1592 1566 1632 pars
1586 1576 1806 1632 manipuli,
1830 1576 1957 1632 sparsa

581 1651 651 1692 per
671 1650 917 1677 commeatus
930 1667 943 1687 ,
970 1652 1036 1678 aut
1055 1639 1095 1677 in
1112 1639 1199 1694 ipsis
1217 1639 1346 1679 castris
1363 1654 1462 1693 vaga
1475 1669 1488 1688 ,
1512 1639 1606 1679 dum
1625 1639 1850 1681 mercedem
1868 1654 1958 1680 cen-

580 1701 731 1740 turioni
747 1698 996 1748 exsolveret3
1018 1716 1146 1756 neque
1161 1702 1326 1742 modum
1345 1703 1475 1743 oneris
1495 1702 1699 1756 quisquam
1713 1732 1727 1753 ,
1747 1716 1877 1757 neque
1892 1716 1956 1757 ge-

625 1830 633 1843 ¹
657 1826 830 1856 Cossum
854 1838 1056 1858 Dtsrcunum
1076 1829 1090 1865 ]
1114 1827 1161 1857 De
1185 1838 1248 1867 quo
1289 1838 1392 1868 neque
1422 1838 1518 1868 genus
1546 1829 1671 1869 quaestus
1695 1828 1778 1869 penfi
1809 1828 1955 1860 habebat.

583 1864 669 1901 supra
692 1866 763 1895 Hist.
781 1867 814 1901 Ι,
835 1877 880 1903 ¹4·
1289 1869 1343 1897 Per
1364 1868 1546 1905 latrocinia,
1566 1879 1618 1907 per
1644 1877 1764 1907 raptus,
1787 1878 1841 1906 per
1862 1868 1955 1898 servi-

624 1907 633 1919 ²
657 1903 812 1935 Fmvum
833 1906 1000 1942 Samuun]
1015 1906 1152 1935 Fratrem
1170 1905 1248 1936 Ves-
1289 1907 1330 1936 lia
1350 1907 1787 1943 ministeria,conniventibus
1800 1907 1953 1937 centurio-

581 1941 712 1981 pafiani‚
731 1944 887 1974 laudatum
907 1954 925 1974 a
939 1944 1092 1975 Suetonio
1114 1944 1147 1973 in
1169 1945 1247 1975 Ves-
1289 1946 1379 1976 nibus
1396 1970 1406 1982 ,
1438 1946 1571 1977 militare
1605 1947 1705 1977 otium
1744 1946 1953 1976 redimebant.

581 1981 640 2020 pas.
664 1983 675 2010 Ι
689 1993 698 2019 ·,
717 1983 751 2013 ὃς
766 1983 841 2021 saepe
862 1982 942 2014 infra
960 1984 1207 2014 memorandum.
1287 1986 1369 2014 Tum
1386 1985 1636 2024 locupletiffimus
1651 1985 1779 2025 quisque
1790 1985 1878 2015 miles
1890 2009 1898 2021 ,
1914 1985 1954 2015 la-

621 2022 700 2063 ³·Ur
724 2032 921 2053 vatin-murs
944 2023 958 2059 ]
983 2024 1060 2053 Non
1086 2032 1247 2066 perpetuas
1286 2025 1364 2055 bore
1380 2035 1414 2055 ac
1434 2024 1548 2055 saevitia
1573 2024 1714 2064 fatigari,
1736 2025 1838 2055 donec
1859 2034 1955 2055 vaca-

579 2059 699 2102 militiae
713 2082 721 2095 ,
737 2061 786 2090 sed
798 2071 962 2091 munerum
982 2070 1183 2101 temporarias
1197 2073 1248 2092 va·
1267 2084 1270 2090 .
1286 2062 1407 2094 tionem
1425 2072 1550 2093 emeret.
1569 2064 1629 2094 Ubi
1649 2072 1757 2103 emptae
1780 2063 1954 2094 vacationis

579 2106 718 2142 cationes
740 2100 774 2130 ὃ(
788 2110 804 2130 a
819 2100 996 2139 graviffimis
1021 2101 1169 2132 oneribus
1189 2101 1247 2130 irn-
1286 2102 1454 2141 sumptibus
1473 2102 1629 2133 exhaustus
1640 2127 1648 2137 ‚
1664 2104 1697 2134 8<
1714 2103 1835 2141 insuper
1851 2103 1953 2132 socor-

579 2146 764 2175 mumtates,
786 2139 905 2178 ingenti
927 2140 1027 2178 pretio
1051 2141 1247 2170 centurioni-
1286 2141 1335 2171 diti
1348 2143 1541 2180 elanguerat,
1559 2143 1679 2172 redibat
1692 2143 1723 2172 in
1740 2142 1952 2179 manipulum,

579 2177 636 2206 bus
664 2177 806 2208 exsoluto
835 2179 1031 2209 redimebant
1059 2179 1192 2217 milites;
1212 2181 1246 2210 8:
1285 2181 1318 2211 &
1330 2182 1368 2211 ad
1389 2181 1507 2211 militiae
1524 2191 1651 2211 munera
1663 2205 1670 2215 ,
1688 2181 1778 2219 inops
1796 2191 1850 2219 pro
1866 2181 1953 2211 locu-

579 2215 652 2245 ideo
672 2216 754 2254 quasi
777 2217 928 2247 tributum
947 2229 1083 2248 annuum
1111 2220 1246 2257 pendere
1285 2220 1384 2257 plete,
1404 2221 1438 2251 ὃ(
1466 2220 1546 2250 iners
1572 2231 1626 2259 pro
1654 2220 1787 2250 strenuo.
1809 2219 1951 2250 Vidimus

580 2256 776 2285 tenebantur.
801 2257 897 2294 Quod
918 2257 990 2287 dum
1009 2258 1246 2288 centurionibus
1284 2259 1369 2297 supra
1387 2259 1522 2289 militum
1539 2260 1677 2298 querelas
1691 2260 1732 2290 ob
1749 2258 1950 2289 vacationum

580 2293 758 2331 solverent,
776 2304 882 2333 quarta
901 2305 966 2334 pars
983 2296 1129 2335 cujusque
1146 2297 1245 2327 mani·
1284 2299 1398 2336 pretia,
1421 2298 1534 2329 Annal.
1555 2300 1588 2334 1,
1614 2310 1649 2337 17
1669 2300 1703 2329 ὃς
1734 2308 1789 2337 35:
1812 2297 1951 2327 infirma-

580 2332 646 2375 puli
665 2333 680 2362 s
697 2334 858 2372 argebatur
871 2345 923 2372 per
938 2345 1128 2366 commeatus
1144 2361 1152 2372 ‚
1172 2337 1245 2367 Gal·
1283 2346 1326 2367 tas
1355 2348 1483 2377 quoque
1501 2337 1586 2368 fuisse
1607 2338 1747 2376 legiones
1769 2336 1950 2375 promiscuis

580 2372 641 2402 lice
682 2383 711 2401 er
723 2374 836 2412 conge's,
855 2374 949 2404 autin
960 2373 1028 2413 ipfis
1045 2375 1142 2405 castris
1155 2386 1244 2414 vaga·
1283 2376 1420 2407 militum
1436 2377 1660 2408 commeatibus
1686 2377 1800 2407 dictum
1811 2376 1870 2413 est,
1887 2377 1951 2407 An·

580 2411 684 2443 batur:
695 2422 796 2452 neque
807 2413 937 2445 modum
949 2413 1052 2446 oneris
1064 2414 1224 2455 quisquam
1233 2437 1243 2452 ,
1281 2416 1341 2446 nal.
1361 2418 1435 2453 XV,
1460 2426 1506 2446 10.
