<?xml version="1.0" encoding="UTF-8"?>
<!DOCTYPE html PUBLIC "-//W3C//DTD XHTML 1.0 Transitional//EN"
    "http://www.w3.org/TR/xhtml1/DTD/xhtml1-transitional.dtd">
<html xmlns="http://www.w3.org/1999/xhtml" xml:lang="en" lang="en">
 <head>
  <title>
</title>
<meta http-equiv="Content-Type" content="text/html;charset=utf-8" />
  <meta name='ocr-system' content='tesseract 3.04.00' />
  <meta name='ocr-capabilities' content='ocr_page ocr_carea ocr_par ocr_line ocrx_word'/>
</head>
<body>
  <div class='ocr_page' id='page_1' title='image "./operabro03taciuoft_0032.png"; bbox 0 0 2230 3047; ppageno 0'>
   <div class='ocr_carea' id='block_1_1' title="bbox 600 152 1688 199">
    <p class='ocr_par' dir='ltr' id='par_1_1' title="bbox 600 152 1688 199">
     <span class='ocr_line' id='line_1_1' title="bbox 600 152 1688 199; baseline -0.003 0"><span class='ocrx_word' id='word_1_1' title='bbox 600 163 646 199; x_wconf 87' lang='lat'>18</span> <span class='ocrx_word' id='word_1_2' title='bbox 858 158 906 198; x_wconf 92' lang='lat' dir='ltr'>C.</span> <span class='ocrx_word' id='word_1_3' title='bbox 957 156 1357 199; x_wconf 89' lang='lat' dir='ltr'>CORNELII</span> <span class='ocrx_word' id='word_1_4' title='bbox 1407 152 1688 197; x_wconf 90' lang='lat' dir='ltr'>TACITI</span> 
     </span>
    </p>
   </div>
   <div class='ocr_carea' id='block_1_2' title="bbox 456 232 2054 1857">
    <p class='ocr_par' dir='ltr' id='par_1_2' title="bbox 456 232 2054 1857">
     <span class='ocr_line' id='line_1_2' title="bbox 457 232 1964 294; baseline 0 -19"><span class='ocrx_word' id='word_1_5' title='bbox 457 271 568 275; x_wconf 39' lang='lat' dir='ltr'>-u-</span> <span class='ocrx_word' id='word_1_6' title='bbox 593 252 692 278; x_wconf 82' lang='lat' dir='ltr'>»nes</span> <span class='ocrx_word' id='word_1_7' title='bbox 709 266 721 287; x_wconf 93' lang='lat'>,</span> <span class='ocrx_word' id='word_1_8' title='bbox 751 251 844 290; x_wconf 89' lang='lat' dir='ltr'>quas</span> <span class='ocrx_word' id='word_1_9' title='bbox 872 236 944 278; x_wconf 90' lang='lat' dir='ltr'>tibi</span> <span class='ocrx_word' id='word_1_10' title='bbox 973 238 1199 294; x_wconf 90' lang='lat' dir='ltr'>postposui,</span> <span class='ocrx_word' id='word_1_11' title='bbox 1227 238 1294 278; x_wconf 92' lang='lat' dir='ltr'>sed</span> <span class='ocrx_word' id='word_1_12' title='bbox 1320 241 1359 278; x_wconf 78' lang='grc' dir='ltr'>ὃ(</span> <span class='ocrx_word' id='word_1_13' title='bbox 1386 249 1472 277; x_wconf 82' lang='lat' dir='ltr'>tuae.</span> <span class='ocrx_word' id='word_1_14' title='bbox 1500 235 1564 275; x_wconf 90' lang='lat' dir='ltr'>Est</span> <span class='ocrx_word' id='word_1_15' title='bbox 1594 235 1668 276; x_wconf 90' lang='lat' dir='ltr'>tibi</span> <span class='ocrx_word' id='word_1_16' title='bbox 1695 235 1814 276; x_wconf 83' lang='lat' dir='ltr'>frater</span> <span class='ocrx_word' id='word_1_17' title='bbox 1841 241 1852 259; x_wconf 91' lang='lat'>¹</span> <span class='ocrx_word' id='word_1_18' title='bbox 1879 232 1964 292; x_wconf 84' lang='lat' dir='ltr'>pari</span> 
     </span>
     <span class='ocr_line' id='line_1_3' title="bbox 456 295 1966 355; baseline -0.001 -17"><span class='ocrx_word' id='word_1_19' title='bbox 456 296 567 321; x_wconf 55' lang='grc' dir='ltr'>Αϋε·</span> <span class='ocrx_word' id='word_1_20' title='bbox 593 299 833 340; x_wconf 86' lang='lat' dir='ltr'>»nobilitate</span> <span class='ocrx_word' id='word_1_21' title='bbox 849 329 862 350; x_wconf 82' lang='lat'>,</span> <span class='ocrx_word' id='word_1_22' title='bbox 891 314 986 341; x_wconf 88' lang='lat' dir='ltr'>natu</span> <span class='ocrx_word' id='word_1_23' title='bbox 1011 299 1162 353; x_wconf 86' lang='lat' dir='ltr'>major,</span> <span class='ocrx_word' id='word_1_24' title='bbox 1194 301 1337 355; x_wconf 88' lang='lat' dir='ltr'>dignus</span> <span class='ocrx_word' id='word_1_25' title='bbox 1360 301 1436 340; x_wconf 86' lang='lat' dir='ltr'>hac</span> <span class='ocrx_word' id='word_1_26' title='bbox 1459 295 1618 339; x_wconf 61' lang='lat' dir='ltr'>fortuna</span> <span class='ocrx_word' id='word_1_27' title='bbox 1633 327 1646 347; x_wconf 93' lang='lat'>,</span> <span class='ocrx_word' id='word_1_28' title='bbox 1673 298 1741 337; x_wconf 91' lang='lat' dir='ltr'>nisi</span> <span class='ocrx_word' id='word_1_29' title='bbox 1764 311 1809 338; x_wconf 93' lang='lat' dir='ltr'>tu</span> <span class='ocrx_word' id='word_1_30' title='bbox 1830 300 1966 353; x_wconf 85' lang='lat' dir='ltr'>potior</span> 
     </span>
     <span class='ocr_line' id='line_1_4' title="bbox 478 343 1964 419; baseline -0.001 -19"><span class='ocrx_word' id='word_1_31' title='bbox 478 343 548 418; x_wconf 43' lang='grc' dir='ltr'>ξιξ</span> <span class='ocrx_word' id='word_1_32' title='bbox 594 363 732 402; x_wconf 64' lang='lat' dir='ltr'>»esses</span> <span class='ocrx_word' id='word_1_33' title='bbox 760 362 816 403; x_wconf 87' lang='lat' dir='ltr'>Ea</span> <span class='ocrx_word' id='word_1_34' title='bbox 844 377 932 404; x_wconf 82' lang='lat' dir='ltr'>aetas</span> <span class='ocrx_word' id='word_1_35' title='bbox 960 377 1055 414; x_wconf 86' lang='lat' dir='ltr'>tua,</span> <span class='ocrx_word' id='word_1_36' title='bbox 1084 379 1165 416; x_wconf 77' lang='lat' dir='ltr'>qua:</span> <span class='ocrx_word' id='word_1_37' title='bbox 1193 363 1429 419; x_wconf 86' lang='lat' dir='ltr'>cupiditates</span> <span class='ocrx_word' id='word_1_38' title='bbox 1456 360 1731 402; x_wconf 87' lang='lat' dir='ltr'>adolescentiae</span> <span class='ocrx_word' id='word_1_39' title='bbox 1759 359 1838 412; x_wconf 88' lang='lat' dir='ltr'>jam</span> <span class='ocrx_word' id='word_1_40' title='bbox 1864 360 1964 400; x_wconf 90' lang='lat' dir='ltr'>effu-</span> 
     </span>
     <span class='ocr_line' id='line_1_5' title="bbox 488 421 1968 481; baseline -0.003 -14"><span class='ocrx_word' id='word_1_41' title='bbox 488 440 541 474; x_wconf 79' lang='lat'>69.</span> <span class='ocrx_word' id='word_1_42' title='bbox 594 443 615 463; x_wconf 93' lang='lat'>»</span> <span class='ocrx_word' id='word_1_43' title='bbox 626 426 749 479; x_wconf 90' lang='lat' dir='ltr'>gerit:</span> <span class='ocrx_word' id='word_1_44' title='bbox 781 440 828 466; x_wconf 85' lang='lat' dir='ltr'>ea</span> <span class='ocrx_word' id='word_1_45' title='bbox 847 427 950 476; x_wconf 89' lang='lat' dir='ltr'>vita,</span> <span class='ocrx_word' id='word_1_46' title='bbox 973 428 1015 466; x_wconf 91' lang='lat' dir='ltr'>in</span> <span class='ocrx_word' id='word_1_47' title='bbox 1040 425 1116 479; x_wconf 62' lang='lat' dir='ltr'>qua</span> <span class='ocrx_word' id='word_1_48' title='bbox 1137 425 1237 465; x_wconf 83' lang='lat' dir='ltr'>nihil</span> <span class='ocrx_word' id='word_1_49' title='bbox 1258 426 1498 481; x_wconf 80' lang='lat' dir='ltr'>praeteritum</span> <span class='ocrx_word' id='word_1_50' title='bbox 1521 423 1790 464; x_wconf 87' lang='lat' dir='ltr'>excusandum</span> <span class='ocrx_word' id='word_1_51' title='bbox 1810 421 1968 463; x_wconf 81' lang='lat' dir='ltr'>habeas.</span> 
     </span>
     <span class='ocr_line' id='line_1_6' title="bbox 593 485 2048 534; baseline 0 -10"><span class='ocrx_word' id='word_1_52' title='bbox 593 489 845 530; x_wconf 78' lang='lat' dir='ltr'>»Fortunam</span> <span class='ocrx_word' id='word_1_53' title='bbox 877 489 1009 530; x_wconf 87' lang='lat' dir='ltr'>adhuc</span> <span class='ocrx_word' id='word_1_54' title='bbox 1040 491 1194 529; x_wconf 80' lang='lat' dir='ltr'>tantum</span> <span class='ocrx_word' id='word_1_55' title='bbox 1226 488 1428 528; x_wconf 87' lang='lat' dir='ltr'>adversam</span> <span class='ocrx_word' id='word_1_56' title='bbox 1465 486 1587 527; x_wconf 90' lang='lat' dir='ltr'>tulisti</span> <span class='ocrx_word' id='word_1_57' title='bbox 1620 490 1648 526; x_wconf 83' lang='lat'>².</span> <span class='ocrx_word' id='word_1_58' title='bbox 1679 485 1871 527; x_wconf 84' lang='lat' dir='ltr'>Secundae</span> <span class='ocrx_word' id='word_1_59' title='bbox 1908 498 1969 525; x_wconf 86' lang='lat' dir='ltr'>res</span> <span class='ocrx_word' id='word_1_60' title='bbox 2014 494 2048 534; x_wconf 82' lang='grc' dir='ltr'>’ς</span> 
     </span>
     <span class='ocr_line' id='line_1_7' title="bbox 594 546 1970 606; baseline 0 -18"><span class='ocrx_word' id='word_1_61' title='bbox 594 550 843 591; x_wconf 80' lang='lat' dir='ltr'>»acrioribus</span> <span class='ocrx_word' id='word_1_62' title='bbox 872 550 1035 591; x_wconf 88' lang='lat' dir='ltr'>stimulis</span> <span class='ocrx_word' id='word_1_63' title='bbox 1059 552 1210 592; x_wconf 86' lang='lat' dir='ltr'>animos</span> <span class='ocrx_word' id='word_1_64' title='bbox 1236 549 1467 606; x_wconf 85' lang='lat' dir='ltr'>explorant:</span> <span class='ocrx_word' id='word_1_65' title='bbox 1495 550 1586 603; x_wconf 89' lang='lat' dir='ltr'>quia</span> <span class='ocrx_word' id='word_1_66' title='bbox 1610 549 1771 589; x_wconf 67' lang='lat' dir='ltr'>miseriae</span> <span class='ocrx_word' id='word_1_67' title='bbox 1795 546 1970 589; x_wconf 87' lang='lat' dir='ltr'>toleran-</span> 
     </span>
     <span class='ocr_line' id='line_1_8' title="bbox 594 610 1970 670; baseline -0.002 -18"><span class='ocrx_word' id='word_1_68' title='bbox 594 625 715 663; x_wconf 87' lang='lat' dir='ltr'>»tur,</span> <span class='ocrx_word' id='word_1_69' title='bbox 743 612 936 655; x_wconf 87' lang='lat' dir='ltr'>felicitate</span> <span class='ocrx_word' id='word_1_70' title='bbox 972 614 1274 670; x_wconf 86' lang='lat' dir='ltr'>corrumpimur.</span> <span class='ocrx_word' id='word_1_71' title='bbox 1306 612 1474 663; x_wconf 81' lang='lat' dir='ltr'>Fidem,</span> <span class='ocrx_word' id='word_1_72' title='bbox 1505 611 1731 652; x_wconf 88' lang='lat' dir='ltr'>libertatem</span> <span class='ocrx_word' id='word_1_73' title='bbox 1751 616 1762 642; x_wconf 69' lang='grc' dir='ltr'><em>Ξ</em></span> <span class='ocrx_word' id='word_1_74' title='bbox 1786 640 1799 661; x_wconf 84' lang='grc'><em>,</em></span> <span class='ocrx_word' id='word_1_75' title='bbox 1830 610 1970 651; x_wconf 86' lang='lat' dir='ltr'>amici-</span> 
     </span>
     <span class='ocr_line' id='line_1_9' title="bbox 594 671 1969 732; baseline -0.001 -19"><span class='ocrx_word' id='word_1_76' title='bbox 594 676 723 716; x_wconf 88' lang='lat' dir='ltr'>»tiam</span> <span class='ocrx_word' id='word_1_77' title='bbox 738 704 750 725; x_wconf 90' lang='lat'>,</span> <span class='ocrx_word' id='word_1_78' title='bbox 776 678 971 732; x_wconf 67' lang='lat' dir='ltr'>praecipua</span> <span class='ocrx_word' id='word_1_79' title='bbox 988 678 1151 717; x_wconf 84' lang='lat' dir='ltr'>humani</span> <span class='ocrx_word' id='word_1_80' title='bbox 1167 676 1288 716; x_wconf 90' lang='lat' dir='ltr'>animi</span> <span class='ocrx_word' id='word_1_81' title='bbox 1301 674 1406 716; x_wconf 89' lang='lat' dir='ltr'>bona</span> <span class='ocrx_word' id='word_1_82' title='bbox 1422 704 1436 726; x_wconf 89' lang='lat'>,</span> <span class='ocrx_word' id='word_1_83' title='bbox 1459 688 1505 715; x_wconf 91' lang='lat' dir='ltr'>tu</span> <span class='ocrx_word' id='word_1_84' title='bbox 1520 674 1680 728; x_wconf 91' lang='lat' dir='ltr'>quidem</span> <span class='ocrx_word' id='word_1_85' title='bbox 1694 671 1832 714; x_wconf 63' lang='lat' dir='ltr'>eadem</span> <span class='ocrx_word' id='word_1_86' title='bbox 1853 671 1969 713; x_wconf 85' lang='lat' dir='ltr'>cons-</span> 
     </span>
     <span class='ocr_line' id='line_1_10' title="bbox 596 736 1971 794; baseline -0.001 -19"><span class='ocrx_word' id='word_1_87' title='bbox 596 736 753 779; x_wconf 61' lang='lat' dir='ltr'>»tantia</span> <span class='ocrx_word' id='word_1_88' title='bbox 779 738 990 780; x_wconf 79' lang='lat' dir='ltr'>retinebis:</span> <span class='ocrx_word' id='word_1_89' title='bbox 1017 739 1084 779; x_wconf 92' lang='lat' dir='ltr'>sed</span> <span class='ocrx_word' id='word_1_90' title='bbox 1110 737 1176 779; x_wconf 87' lang='lat' dir='ltr'>alii</span> <span class='ocrx_word' id='word_1_91' title='bbox 1196 753 1265 794; x_wconf 90' lang='lat' dir='ltr'>per</span> <span class='ocrx_word' id='word_1_92' title='bbox 1285 737 1520 792; x_wconf 87' lang='lat' dir='ltr'>obsequium</span> <span class='ocrx_word' id='word_1_93' title='bbox 1540 738 1793 777; x_wconf 89' lang='lat' dir='ltr'>imminuent.</span> <span class='ocrx_word' id='word_1_94' title='bbox 1818 736 1971 775; x_wconf 90' lang='lat' dir='ltr'>Inrum-</span> 
     </span>
     <span class='ocr_line' id='line_1_11' title="bbox 595 800 2051 856; baseline -0.002 -15"><span class='ocrx_word' id='word_1_95' title='bbox 595 816 619 838; x_wconf 94' lang='lat'>»</span> <span class='ocrx_word' id='word_1_96' title='bbox 630 814 697 856; x_wconf 90' lang='lat' dir='ltr'>pet</span> <span class='ocrx_word' id='word_1_97' title='bbox 721 800 895 842; x_wconf 85' lang='lat' dir='ltr'>adulatio</span> <span class='ocrx_word' id='word_1_98' title='bbox 911 830 924 851; x_wconf 93' lang='lat'>,</span> <span class='ocrx_word' id='word_1_99' title='bbox 951 800 1150 842; x_wconf 83' lang='lat' dir='ltr'>blanditiae</span> <span class='ocrx_word' id='word_1_100' title='bbox 1166 831 1179 851; x_wconf 95' lang='lat'>,</span> <span class='ocrx_word' id='word_1_101' title='bbox 1209 800 1413 856; x_wconf 89' lang='lat' dir='ltr'>pessimum</span> <span class='ocrx_word' id='word_1_102' title='bbox 1438 801 1522 841; x_wconf 85' lang='lat' dir='ltr'>veri</span> <span class='ocrx_word' id='word_1_103' title='bbox 1549 800 1708 840; x_wconf 59' lang='lat' dir='ltr'>affettfis</span> <span class='ocrx_word' id='word_1_104' title='bbox 1734 812 1935 839; x_wconf 88' lang='lat' dir='ltr'>venenum</span> <span class='ocrx_word' id='word_1_105' title='bbox 1956 825 1969 847; x_wconf 97' lang='lat'>,</span> <span class='ocrx_word' id='word_1_106' title='bbox 2001 810 2051 839; x_wconf 89' lang='lat'>10</span> 
     </span>
     <span class='ocr_line' id='line_1_12' title="bbox 596 861 1971 917; baseline -0.003 -14"><span class='ocrx_word' id='word_1_107' title='bbox 596 864 696 903; x_wconf 79' lang='lat' dir='ltr'>»sua</span> <span class='ocrx_word' id='word_1_108' title='bbox 723 865 866 916; x_wconf 89' lang='lat' dir='ltr'>cuique</span> <span class='ocrx_word' id='word_1_109' title='bbox 903 862 1064 904; x_wconf 83' lang='lat' dir='ltr'>utilitas.</span> <span class='ocrx_word' id='word_1_110' title='bbox 1099 863 1231 904; x_wconf 82' lang='lat' dir='ltr'>Etiam</span> <span class='ocrx_word' id='word_1_111' title='bbox 1259 878 1364 917; x_wconf 91' lang='lat' dir='ltr'>ego,</span> <span class='ocrx_word' id='word_1_112' title='bbox 1392 878 1438 903; x_wconf 91' lang='lat' dir='ltr'>ac</span> <span class='ocrx_word' id='word_1_113' title='bbox 1464 876 1536 912; x_wconf 91' lang='lat' dir='ltr'>tu,</span> <span class='ocrx_word' id='word_1_114' title='bbox 1564 861 1841 917; x_wconf 75' lang='lat' dir='ltr'>simplicissime</span> <span class='ocrx_word' id='word_1_115' title='bbox 1867 862 1971 900; x_wconf 86' lang='lat' dir='ltr'>inter</span> 
     </span>
     <span class='ocr_line' id='line_1_13' title="bbox 596 920 1965 979; baseline -0.001 -16"><span class='ocrx_word' id='word_1_116' title='bbox 596 940 702 966; x_wconf 88' lang='lat' dir='ltr'>»nos</span> <span class='ocrx_word' id='word_1_117' title='bbox 726 925 845 966; x_wconf 92' lang='lat' dir='ltr'>hodie</span> <span class='ocrx_word' id='word_1_118' title='bbox 870 925 1093 979; x_wconf 86' lang='lat' dir='ltr'>loquimur:</span> <span class='ocrx_word' id='word_1_119' title='bbox 1120 927 1270 975; x_wconf 89' lang='lat' dir='ltr'>ceteri,</span> <span class='ocrx_word' id='word_1_120' title='bbox 1296 924 1483 965; x_wconf 74' lang='lat' dir='ltr'>libentius</span> <span class='ocrx_word' id='word_1_121' title='bbox 1511 940 1604 965; x_wconf 92' lang='lat' dir='ltr'>cum</span> <span class='ocrx_word' id='word_1_122' title='bbox 1629 922 1789 965; x_wconf 59' lang='lat' dir='ltr'>fortuna</span> <span class='ocrx_word' id='word_1_123' title='bbox 1814 920 1965 971; x_wconf 60' lang='lat' dir='ltr'>nostra,</span> 
     </span>
     <span class='ocr_line' id='line_1_14' title="bbox 597 986 1970 1042; baseline 0 -17"><span class='ocrx_word' id='word_1_124' title='bbox 597 987 745 1042; x_wconf 67' lang='lat' dir='ltr'>»quam</span> <span class='ocrx_word' id='word_1_125' title='bbox 785 987 1007 1029; x_wconf 89' lang='lat' dir='ltr'>nobiscum.</span> <span class='ocrx_word' id='word_1_126' title='bbox 1037 990 1144 1029; x_wconf 85' lang='lat' dir='ltr'>Nam</span> <span class='ocrx_word' id='word_1_127' title='bbox 1179 988 1339 1028; x_wconf 85' lang='lat' dir='ltr'>suadere</span> <span class='ocrx_word' id='word_1_128' title='bbox 1374 988 1577 1042; x_wconf 90' lang='lat' dir='ltr'>Principi,</span> <span class='ocrx_word' id='word_1_129' title='bbox 1619 986 1727 1040; x_wconf 89' lang='lat' dir='ltr'>quod</span> <span class='ocrx_word' id='word_1_130' title='bbox 1757 998 1970 1041; x_wconf 85' lang='lat' dir='ltr'>oporteat,</span> 
     </span>
     <span class='ocr_line' id='line_1_15' title="bbox 596 1048 1972 1105; baseline -0.001 -17"><span class='ocrx_word' id='word_1_131' title='bbox 596 1049 745 1089; x_wconf 79' lang='lat' dir='ltr'>»multi</span> <span class='ocrx_word' id='word_1_132' title='bbox 766 1048 934 1091; x_wconf 90' lang='lat' dir='ltr'>laboris:</span> <span class='ocrx_word' id='word_1_133' title='bbox 964 1051 1167 1092; x_wconf 87' lang='lat' dir='ltr'>assentatio</span> <span class='ocrx_word' id='word_1_134' title='bbox 1191 1065 1283 1105; x_wconf 85' lang='lat' dir='ltr'>erga</span> <span class='ocrx_word' id='word_1_135' title='bbox 1301 1051 1527 1105; x_wconf 87' lang='lat' dir='ltr'>Principem</span> <span class='ocrx_word' id='word_1_136' title='bbox 1551 1063 1868 1104; x_wconf 84' lang='lat' dir='ltr'>quemcumque,</span> <span class='ocrx_word' id='word_1_137' title='bbox 1892 1048 1972 1087; x_wconf 87' lang='lat' dir='ltr'>fine</span> 
     </span>
     <span class='ocr_line' id='line_1_16' title="bbox 596 1113 2050 1168; baseline 0.003 -18"><span class='ocrx_word' id='word_1_138' title='bbox 596 1113 771 1153; x_wconf 64' lang='lat' dir='ltr'>»affeetu</span> <span class='ocrx_word' id='word_1_139' title='bbox 799 1115 998 1168; x_wconf 78' lang='lat' dir='ltr'>peragitur</span> <span class='ocrx_word' id='word_1_140' title='bbox 1024 1131 1066 1154; x_wconf 91' lang='lat'>».</span> <span class='ocrx_word' id='word_1_141' title='bbox 2002 1128 2016 1154; x_wconf 89' lang='lat'>1</span> <span class='ocrx_word' id='word_1_142' title='bbox 2028 1125 2050 1165; x_wconf 76' lang='grc' dir='ltr'><em>ς</em></span> 
     </span>
     <span class='ocr_line' id='line_1_17' title="bbox 660 1172 1973 1232; baseline -0.002 -17"><span class='ocrx_word' id='word_1_143' title='bbox 660 1174 788 1215; x_wconf 89' lang='lat' dir='ltr'><strong>XVI.</strong></span> <span class='ocrx_word' id='word_1_144' title='bbox 815 1192 836 1211; x_wconf 87' lang='lat'>»</span> <span class='ocrx_word' id='word_1_145' title='bbox 868 1177 917 1216; x_wconf 86' lang='lat' dir='ltr'>Si</span> <span class='ocrx_word' id='word_1_146' title='bbox 948 1176 1183 1217; x_wconf 89' lang='lat' dir='ltr'>immensum</span> <span class='ocrx_word' id='word_1_147' title='bbox 1217 1175 1374 1231; x_wconf 89' lang='lat' dir='ltr'>imperii</span> <span class='ocrx_word' id='word_1_148' title='bbox 1401 1190 1544 1232; x_wconf 89' lang='lat' dir='ltr'>corpus</span> <span class='ocrx_word' id='word_1_149' title='bbox 1570 1176 1694 1225; x_wconf 86' lang='lat' dir='ltr'>stare,</span> <span class='ocrx_word' id='word_1_150' title='bbox 1727 1189 1774 1216; x_wconf 89' lang='lat' dir='ltr'>ac</span> <span class='ocrx_word' id='word_1_151' title='bbox 1798 1172 1934 1214; x_wconf 88' lang='lat' dir='ltr'>librari</span> <span class='ocrx_word' id='word_1_152' title='bbox 1958 1201 1973 1223; x_wconf 91' lang='lat'>,</span> 
     </span>
     <span class='ocr_line' id='line_1_18' title="bbox 596 1236 1971 1294; baseline 0.001 -19"><span class='ocrx_word' id='word_1_153' title='bbox 596 1253 618 1275; x_wconf 90' lang='lat'>»</span> <span class='ocrx_word' id='word_1_154' title='bbox 630 1237 708 1277; x_wconf 85' lang='lat' dir='ltr'>fine</span> <span class='ocrx_word' id='word_1_155' title='bbox 727 1238 876 1278; x_wconf 63' lang='lat' dir='ltr'>refilore</span> <span class='ocrx_word' id='word_1_156' title='bbox 899 1239 1023 1294; x_wconf 82' lang='lat' dir='ltr'>poffet</span> <span class='ocrx_word' id='word_1_157' title='bbox 1036 1268 1049 1289; x_wconf 93' lang='lat'>,</span> <span class='ocrx_word' id='word_1_158' title='bbox 1071 1239 1213 1293; x_wconf 89' lang='lat' dir='ltr'>dignus</span> <span class='ocrx_word' id='word_1_159' title='bbox 1233 1253 1338 1279; x_wconf 90' lang='lat' dir='ltr'>eram</span> <span class='ocrx_word' id='word_1_160' title='bbox 1352 1267 1365 1289; x_wconf 91' lang='lat'>,</span> <span class='ocrx_word' id='word_1_161' title='bbox 1385 1254 1406 1279; x_wconf 90' lang='lat' dir='ltr'>a</span> <span class='ocrx_word' id='word_1_162' title='bbox 1423 1253 1503 1292; x_wconf 93' lang='lat' dir='ltr'>quo</span> <span class='ocrx_word' id='word_1_163' title='bbox 1522 1236 1746 1294; x_wconf 88' lang='lat' dir='ltr'>respublica</span> <span class='ocrx_word' id='word_1_164' title='bbox 1763 1237 1971 1292; x_wconf 87' lang='lat' dir='ltr'>inciperet.</span> 
     </span>
     <span class='ocr_line' id='line_1_19' title="bbox 597 1300 1973 1357; baseline -0.001 -16"><span class='ocrx_word' id='word_1_165' title='bbox 597 1302 754 1341; x_wconf 72' lang='lat' dir='ltr'>»Nunc</span> <span class='ocrx_word' id='word_1_166' title='bbox 781 1302 830 1340; x_wconf 82' lang='lat' dir='ltr'>eo</span> <span class='ocrx_word' id='word_1_167' title='bbox 858 1301 1092 1342; x_wconf 75' lang='lat' dir='ltr'>necessitatis</span> <span class='ocrx_word' id='word_1_168' title='bbox 1125 1300 1358 1357; x_wconf 85' lang='lat' dir='ltr'>jampridem</span> <span class='ocrx_word' id='word_1_169' title='bbox 1400 1314 1566 1341; x_wconf 88' lang='lat' dir='ltr'>ventum</span> <span class='ocrx_word' id='word_1_170' title='bbox 1595 1302 1673 1351; x_wconf 89' lang='lat' dir='ltr'>est,</span> <span class='ocrx_word' id='word_1_171' title='bbox 1709 1314 1752 1341; x_wconf 92' lang='lat' dir='ltr'>ut</span> <span class='ocrx_word' id='word_1_172' title='bbox 1782 1314 1857 1340; x_wconf 89' lang='lat' dir='ltr'>nec</span> <span class='ocrx_word' id='word_1_173' title='bbox 1884 1313 1973 1339; x_wconf 87' lang='lat' dir='ltr'>mea</span> 
     </span>
     <span class='ocr_line' id='line_1_20' title="bbox 599 1361 1973 1419; baseline 0.001 -19"><span class='ocrx_word' id='word_1_174' title='bbox 599 1363 807 1403; x_wconf 63' lang='lat' dir='ltr'>»seneeius</span> <span class='ocrx_word' id='word_1_175' title='bbox 831 1363 1011 1404; x_wconf 89' lang='lat' dir='ltr'>conferre</span> <span class='ocrx_word' id='word_1_176' title='bbox 1033 1363 1120 1419; x_wconf 88' lang='lat' dir='ltr'>plus</span> <span class='ocrx_word' id='word_1_177' title='bbox 1141 1362 1293 1419; x_wconf 88' lang='lat' dir='ltr'>populo</span> <span class='ocrx_word' id='word_1_178' title='bbox 1311 1365 1499 1404; x_wconf 88' lang='lat' dir='ltr'>Romano</span> <span class='ocrx_word' id='word_1_179' title='bbox 1520 1363 1634 1419; x_wconf 84' lang='lat' dir='ltr'>poffit</span> <span class='ocrx_word' id='word_1_180' title='bbox 1647 1393 1659 1413; x_wconf 94' lang='lat'>,</span> <span class='ocrx_word' id='word_1_181' title='bbox 1681 1361 1799 1417; x_wconf 71' lang='lat' dir='ltr'>quam</span> <span class='ocrx_word' id='word_1_182' title='bbox 1819 1361 1973 1402; x_wconf 89' lang='lat' dir='ltr'>bonurn</span> 
     </span>
     <span class='ocr_line' id='line_1_21' title="bbox 598 1424 2054 1481; baseline 0.004 -20"><span class='ocrx_word' id='word_1_183' title='bbox 598 1425 921 1472; x_wconf 83' lang='lat' dir='ltr'>»successorein3</span> <span class='ocrx_word' id='word_1_184' title='bbox 948 1442 1022 1467; x_wconf 92' lang='lat' dir='ltr'>nec</span> <span class='ocrx_word' id='word_1_185' title='bbox 1049 1440 1116 1466; x_wconf 90' lang='lat' dir='ltr'>tua</span> <span class='ocrx_word' id='word_1_186' title='bbox 1145 1426 1233 1481; x_wconf 90' lang='lat' dir='ltr'>plus</span> <span class='ocrx_word' id='word_1_187' title='bbox 1260 1424 1449 1477; x_wconf 88' lang='lat' dir='ltr'>juventa,</span> <span class='ocrx_word' id='word_1_188' title='bbox 1482 1425 1599 1479; x_wconf 72' lang='lat' dir='ltr'>quam</span> <span class='ocrx_word' id='word_1_189' title='bbox 1635 1425 1787 1466; x_wconf 89' lang='lat' dir='ltr'>bonum</span> <span class='ocrx_word' id='word_1_190' title='bbox 1820 1425 1973 1465; x_wconf 89' lang='lat' dir='ltr'>Princi-</span> <span class='ocrx_word' id='word_1_191' title='bbox 1999 1441 2054 1469; x_wconf 89' lang='lat'>20</span> 
     </span>
     <span class='ocr_line' id='line_1_22' title="bbox 598 1486 1973 1545; baseline -0.001 -18"><span class='ocrx_word' id='word_1_192' title='bbox 598 1502 621 1523; x_wconf 80' lang='lat'>»</span> <span class='ocrx_word' id='word_1_193' title='bbox 633 1502 736 1542; x_wconf 86' lang='lat' dir='ltr'>pem.</span> <span class='ocrx_word' id='word_1_194' title='bbox 772 1487 853 1528; x_wconf 87' lang='lat' dir='ltr'>Sub</span> <span class='ocrx_word' id='word_1_195' title='bbox 891 1488 1082 1545; x_wconf 81' lang='lat' dir='ltr'>Tiberio,</span> <span class='ocrx_word' id='word_1_196' title='bbox 1127 1492 1167 1528; x_wconf 77' lang='grc' dir='ltr'>ὅ(</span> <span class='ocrx_word' id='word_1_197' title='bbox 1204 1488 1333 1538; x_wconf 89' lang='lat' dir='ltr'>Caio,</span> <span class='ocrx_word' id='word_1_198' title='bbox 1378 1492 1418 1528; x_wconf 85' lang='lat'>&amp;</span> <span class='ocrx_word' id='word_1_199' title='bbox 1445 1488 1645 1539; x_wconf 87' lang='lat' dir='ltr'>Claudio,</span> <span class='ocrx_word' id='word_1_200' title='bbox 1673 1490 1788 1528; x_wconf 86' lang='lat' dir='ltr'>unius</span> <span class='ocrx_word' id='word_1_201' title='bbox 1815 1486 1973 1527; x_wconf 84' lang='lat' dir='ltr'>familiae</span> 
     </span>
     <span class='ocr_line' id='line_1_23' title="bbox 599 1549 1975 1605; baseline 0 -16"><span class='ocrx_word' id='word_1_202' title='bbox 599 1550 736 1603; x_wconf 76' lang='lat' dir='ltr'>»quasi</span> <span class='ocrx_word' id='word_1_203' title='bbox 757 1550 952 1591; x_wconf 84' lang='lat' dir='ltr'>hereditas</span> <span class='ocrx_word' id='word_1_204' title='bbox 979 1551 1124 1591; x_wconf 89' lang='lat' dir='ltr'>fuimus</span> <span class='ocrx_word' id='word_1_205' title='bbox 1147 1568 1154 1590; x_wconf 91' lang='lat'>:</span> <span class='ocrx_word' id='word_1_206' title='bbox 1183 1549 1277 1592; x_wconf 89' lang='lat' dir='ltr'>loco</span> <span class='ocrx_word' id='word_1_207' title='bbox 1307 1550 1499 1592; x_wconf 81' lang='lat' dir='ltr'>libertatis</span> <span class='ocrx_word' id='word_1_208' title='bbox 1520 1553 1618 1601; x_wconf 89' lang='lat' dir='ltr'>erit,</span> <span class='ocrx_word' id='word_1_209' title='bbox 1650 1551 1757 1605; x_wconf 90' lang='lat' dir='ltr'>quod</span> <span class='ocrx_word' id='word_1_210' title='bbox 1775 1549 1871 1605; x_wconf 83' lang='lat' dir='ltr'>eligi</span> <span class='ocrx_word' id='word_1_211' title='bbox 1895 1564 1975 1590; x_wconf 90' lang='lat' dir='ltr'>coe-</span> 
     </span>
     <span class='ocr_line' id='line_1_24' title="bbox 600 1612 1977 1668; baseline 0.001 -19"><span class='ocrx_word' id='word_1_212' title='bbox 600 1614 775 1667; x_wconf 88' lang='lat' dir='ltr'>»pimus.</span> <span class='ocrx_word' id='word_1_213' title='bbox 800 1612 986 1653; x_wconf 64' lang='lat' dir='ltr'>Etfinita</span> <span class='ocrx_word' id='word_1_214' title='bbox 1012 1613 1212 1657; x_wconf 89' lang='lat' dir='ltr'>Juliorum</span> <span class='ocrx_word' id='word_1_215' title='bbox 1233 1613 1575 1668; x_wconf 86' lang='lat' dir='ltr'>Claudiorumque</span> <span class='ocrx_word' id='word_1_216' title='bbox 1601 1613 1750 1664; x_wconf 89' lang='lat' dir='ltr'>domo,</span> <span class='ocrx_word' id='word_1_217' title='bbox 1777 1614 1977 1668; x_wconf 87' lang='lat' dir='ltr'>optimum</span> 
     </span>
     <span class='ocr_line' id='line_1_25' title="bbox 600 1675 1977 1730; baseline 0 -16"><span class='ocrx_word' id='word_1_218' title='bbox 600 1689 829 1728; x_wconf 83' lang='lat' dir='ltr'>»quemque</span> <span class='ocrx_word' id='word_1_219' title='bbox 844 1676 1007 1730; x_wconf 86' lang='lat' dir='ltr'>adoptio</span> <span class='ocrx_word' id='word_1_220' title='bbox 1021 1677 1213 1717; x_wconf 89' lang='lat' dir='ltr'>inveniet.</span> <span class='ocrx_word' id='word_1_221' title='bbox 1239 1678 1347 1717; x_wconf 84' lang='lat' dir='ltr'>Nam</span> <span class='ocrx_word' id='word_1_222' title='bbox 1373 1678 1581 1730; x_wconf 85' lang='lat' dir='ltr'>generari,</span> <span class='ocrx_word' id='word_1_223' title='bbox 1604 1680 1646 1716; x_wconf 70' lang='grc' dir='ltr'>ὃ(</span> <span class='ocrx_word' id='word_1_224' title='bbox 1670 1676 1777 1717; x_wconf 89' lang='lat' dir='ltr'>nasci</span> <span class='ocrx_word' id='word_1_225' title='bbox 1795 1675 1977 1716; x_wconf 85' lang='lat' dir='ltr'>aPrinci·</span> 
     </span>
     <span class='ocr_line' id='line_1_26' title="bbox 601 1736 2052 1794; baseline 0.002 -18"><span class='ocrx_word' id='word_1_226' title='bbox 601 1736 748 1791; x_wconf 84' lang='lat' dir='ltr'>»pibus</span> <span class='ocrx_word' id='word_1_227' title='bbox 763 1766 775 1786; x_wconf 95' lang='lat'>,</span> <span class='ocrx_word' id='word_1_228' title='bbox 797 1737 1007 1778; x_wconf 88' lang='lat' dir='ltr'>fortuitum</span> <span class='ocrx_word' id='word_1_229' title='bbox 1024 1767 1037 1787; x_wconf 96' lang='lat'>,</span> <span class='ocrx_word' id='word_1_230' title='bbox 1064 1753 1139 1779; x_wconf 90' lang='lat' dir='ltr'>nec</span> <span class='ocrx_word' id='word_1_231' title='bbox 1162 1738 1264 1779; x_wconf 66' lang='lat' dir='ltr'>ultra</span> <span class='ocrx_word' id='word_1_232' title='bbox 1285 1740 1517 1786; x_wconf 80' lang='lat' dir='ltr'>aestimatur3</span> <span class='ocrx_word' id='word_1_233' title='bbox 1544 1739 1760 1794; x_wconf 88' lang='lat' dir='ltr'>adoptandi</span> <span class='ocrx_word' id='word_1_234' title='bbox 1781 1737 1976 1790; x_wconf 85' lang='lat' dir='ltr'>judicium</span> <span class='ocrx_word' id='word_1_235' title='bbox 2000 1751 2052 1791; x_wconf 82' lang='lat'>25</span> 
     </span>
     <span class='ocr_line' id='line_1_27' title="bbox 601 1800 1977 1857; baseline 0.004 -22"><span class='ocrx_word' id='word_1_236' title='bbox 601 1800 833 1854; x_wconf 85' lang='lat' dir='ltr'>»integrum</span> <span class='ocrx_word' id='word_1_237' title='bbox 857 1805 903 1847; x_wconf 82' lang='lat'>43</span> <span class='ocrx_word' id='word_1_238' title='bbox 933 1804 973 1841; x_wconf 75' lang='grc' dir='ltr'>ὅ(</span> <span class='ocrx_word' id='word_1_239' title='bbox 988 1830 1002 1851; x_wconf 82' lang='grc'>,</span> <span class='ocrx_word' id='word_1_240' title='bbox 1027 1801 1053 1839; x_wconf 89' lang='lat' dir='ltr'>si</span> <span class='ocrx_word' id='word_1_241' title='bbox 1081 1800 1180 1842; x_wconf 89' lang='lat' dir='ltr'>velis</span> <span class='ocrx_word' id='word_1_242' title='bbox 1207 1800 1382 1857; x_wconf 90' lang='lat' dir='ltr'>eligere,</span> <span class='ocrx_word' id='word_1_243' title='bbox 1409 1801 1604 1843; x_wconf 85' lang='lat' dir='ltr'>consensu</span> <span class='ocrx_word' id='word_1_244' title='bbox 1643 1802 1890 1842; x_wconf 87' lang='lat' dir='ltr'>monstratur.</span> <span class='ocrx_word' id='word_1_245' title='bbox 1916 1802 1977 1842; x_wconf 88' lang='lat' dir='ltr'>Sit</span> 
     </span>
    </p>
   </div>
   <div class='ocr_carea' id='block_1_3' title="bbox 458 254 568 260">
    <p class='ocr_par' dir='ltr' id='par_1_3' title="bbox 458 254 568 260">
     <span class='ocr_line' id='line_1_28' title="bbox 458 254 568 260; baseline 0 0"><span class='ocrx_word' id='word_1_246' title='bbox 458 254 568 260; x_wconf 95' lang='lat' dir='ltr'> </span> 
     </span>
    </p>
   </div>
   <div class='ocr_carea' id='block_1_4' title="bbox 457 262 569 269">
    <p class='ocr_par' dir='ltr' id='par_1_4' title="bbox 457 262 569 269">
     <span class='ocr_line' id='line_1_29' title="bbox 457 262 569 269; baseline 0 2778"><span class='ocrx_word' id='word_1_247' title='bbox 457 262 569 269; x_wconf 95' lang='lat' dir='ltr'> </span> 
     </span>
    </p>
   </div>
   <div class='ocr_carea' id='block_1_5' title="bbox 600 1920 1975 2432">
    <p class='ocr_par' dir='ltr' id='par_1_5' title="bbox 603 1920 1975 2002">
     <span class='ocr_line' id='line_1_30' title="bbox 644 1920 1975 1978; baseline 0.003 -29"><span class='ocrx_word' id='word_1_248' title='bbox 644 1925 652 1939; x_wconf 90' lang='lat'><em>¹</em></span> <span class='ocrx_word' id='word_1_249' title='bbox 676 1920 818 1966; x_wconf 54' lang='lat' dir='ltr'>Esrjriizi</span> <span class='ocrx_word' id='word_1_250' title='bbox 845 1931 965 1953; x_wconf 74' lang='lat' dir='ltr'>FRATER</span> <span class='ocrx_word' id='word_1_251' title='bbox 988 1923 1003 1960; x_wconf 95' lang='lat'>]</span> <span class='ocrx_word' id='word_1_252' title='bbox 1028 1921 1269 1962; x_wconf 85' lang='lat' dir='ltr'>Scribonianus,</span> <span class='ocrx_word' id='word_1_253' title='bbox 1286 1938 1292 1978; x_wconf 66' lang='lat' dir='ltr'>l</span> <span class='ocrx_word' id='word_1_254' title='bbox 1309 1933 1359 1963; x_wconf 87' lang='lat' dir='ltr'>pes</span> <span class='ocrx_word' id='word_1_255' title='bbox 1381 1924 1450 1955; x_wconf 89' lang='lat' dir='ltr'>suos</span> <span class='ocrx_word' id='word_1_256' title='bbox 1464 1923 1640 1954; x_wconf 83' lang='lat' dir='ltr'>docuerint.</span> <span class='ocrx_word' id='word_1_257' title='bbox 1665 1925 1706 1954; x_wconf 79' lang='lat' dir='ltr'>At</span> <span class='ocrx_word' id='word_1_258' title='bbox 1725 1924 1887 1960; x_wconf 84' lang='lat' dir='ltr'>Tacitum,</span> <span class='ocrx_word' id='word_1_259' title='bbox 1908 1925 1975 1953; x_wconf 86' lang='lat' dir='ltr'>Im·-</span> 
     </span>
     <span class='ocr_line' id='line_1_31' title="bbox 603 1958 1972 2002; baseline 0.004 -14"><span class='ocrx_word' id='word_1_260' title='bbox 603 1958 642 1988; x_wconf 91' lang='lat' dir='ltr'>de</span> <span class='ocrx_word' id='word_1_261' title='bbox 660 1969 722 1997; x_wconf 86' lang='lat' dir='ltr'>quo</span> <span class='ocrx_word' id='word_1_262' title='bbox 742 1960 822 1990; x_wconf 89' lang='lat' dir='ltr'>infra</span> <span class='ocrx_word' id='word_1_263' title='bbox 844 1971 909 1999; x_wconf 87' lang='lat' dir='ltr'>cap.</span> <span class='ocrx_word' id='word_1_264' title='bbox 927 1971 978 1999; x_wconf 90' lang='lat'>47.</span> <span class='ocrx_word' id='word_1_265' title='bbox 1308 1973 1545 2002; x_wconf 84' lang='lat' dir='ltr'>peratoremque</span> <span class='ocrx_word' id='word_1_266' title='bbox 1584 1965 1761 1994; x_wconf 85' lang='lat' dir='ltr'>Romanum</span> <span class='ocrx_word' id='word_1_267' title='bbox 1791 1964 1943 1994; x_wconf 88' lang='lat' dir='ltr'>dedecent</span> <span class='ocrx_word' id='word_1_268' title='bbox 1962 1985 1972 1999; x_wconf 91' lang='lat'>‚</span> 
     </span>
    </p>

    <p class='ocr_par' dir='ltr' id='par_1_6' title="bbox 602 1981 1974 2197">
     <span class='ocr_line' id='line_1_32' title="bbox 643 1981 1974 2042; baseline 0.004 -15"><span class='ocrx_word' id='word_1_269' title='bbox 643 2000 653 2013; x_wconf 79' lang='lat'>²</span> <span class='ocrx_word' id='word_1_270' title='bbox 678 2000 859 2029; x_wconf 67' lang='lat' dir='ltr'>onrRsAM</span> <span class='ocrx_word' id='word_1_271' title='bbox 879 2010 1001 2030; x_wconf 76' lang='grc' dir='ltr'>τυιιετι</span> <span class='ocrx_word' id='word_1_272' title='bbox 1013 2001 1027 2037; x_wconf 98' lang='grc'>]</span> <span class='ocrx_word' id='word_1_273' title='bbox 1041 2000 1145 2035; x_wconf 87' lang='lat' dir='ltr'>Patre,</span> <span class='ocrx_word' id='word_1_274' title='bbox 1161 2010 1269 2039; x_wconf 87' lang='lat' dir='ltr'>matre,</span> <span class='ocrx_word' id='word_1_275' title='bbox 1287 1981 1292 2035; x_wconf 81' lang='lat' dir='ltr'>l</span> <span class='ocrx_word' id='word_1_276' title='bbox 1309 2013 1401 2041; x_wconf 83' lang='lat' dir='ltr'>penes</span> <span class='ocrx_word' id='word_1_277' title='bbox 1419 2013 1498 2042; x_wconf 86' lang='lat' dir='ltr'>quos</span> <span class='ocrx_word' id='word_1_278' title='bbox 1516 2002 1629 2032; x_wconf 84' lang='lat' dir='ltr'>FIDES</span> <span class='ocrx_word' id='word_1_279' title='bbox 1658 2002 1790 2041; x_wconf 84' lang='lat' dir='ltr'>primum</span> <span class='ocrx_word' id='word_1_280' title='bbox 1811 2003 1845 2034; x_wconf 89' lang='lat'>&amp;</span> <span class='ocrx_word' id='word_1_281' title='bbox 1870 2002 1974 2032; x_wconf 87' lang='lat' dir='ltr'>sacro-</span> 
     </span>
     <span class='ocr_line' id='line_1_33' title="bbox 602 2034 1974 2079; baseline 0.004 -14"><span class='ocrx_word' id='word_1_282' title='bbox 602 2034 695 2066; x_wconf 84' lang='lat' dir='ltr'>fratre</span> <span class='ocrx_word' id='word_1_283' title='bbox 711 2047 728 2066; x_wconf 93' lang='lat' dir='ltr'>a</span> <span class='ocrx_word' id='word_1_284' title='bbox 742 2037 876 2068; x_wconf 86' lang='lat' dir='ltr'>Claudio</span> <span class='ocrx_word' id='word_1_285' title='bbox 898 2038 1082 2073; x_wconf 71' lang='lat' dir='ltr'>interfeffis,</span> <span class='ocrx_word' id='word_1_286' title='bbox 1108 2040 1201 2071; x_wconf 85' lang='lat' dir='ltr'>fratre</span> <span class='ocrx_word' id='word_1_287' title='bbox 1223 2042 1270 2070; x_wconf 89' lang='lat' dir='ltr'>al-</span> <span class='ocrx_word' id='word_1_288' title='bbox 1287 2042 1291 2079; x_wconf 80' lang='grc' dir='ltr'>Ι</span> <span class='ocrx_word' id='word_1_289' title='bbox 1308 2041 1441 2072; x_wconf 60' lang='lat' dir='ltr'>sanetum</span> <span class='ocrx_word' id='word_1_290' title='bbox 1460 2040 1647 2072; x_wconf 59' lang='lat' dir='ltr'>auctoritatis</span> <span class='ocrx_word' id='word_1_291' title='bbox 1666 2041 1827 2071; x_wconf 89' lang='lat' dir='ltr'>vinculum</span> <span class='ocrx_word' id='word_1_292' title='bbox 1846 2051 1880 2071; x_wconf 89' lang='lat' dir='ltr'>ac</span> <span class='ocrx_word' id='word_1_293' title='bbox 1903 2051 1974 2079; x_wconf 75' lang='lat' dir='ltr'>pra:-</span> 
     </span>
     <span class='ocr_line' id='line_1_34' title="bbox 603 2076 1974 2121; baseline 0.004 -17"><span class='ocrx_word' id='word_1_294' title='bbox 603 2081 672 2118; x_wconf 80' lang='lat' dir='ltr'>tero</span> <span class='ocrx_word' id='word_1_295' title='bbox 693 2076 767 2106; x_wconf 89' lang='lat' dir='ltr'>caeso</span> <span class='ocrx_word' id='word_1_296' title='bbox 782 2086 798 2106; x_wconf 86' lang='lat' dir='ltr'>a</span> <span class='ocrx_word' id='word_1_297' title='bbox 818 2078 958 2107; x_wconf 87' lang='lat' dir='ltr'>Nerone.</span> <span class='ocrx_word' id='word_1_298' title='bbox 974 2078 1053 2121; x_wconf 32' lang='lat' dir='ltr'>Vi-de</span> <span class='ocrx_word' id='word_1_299' title='bbox 1066 2080 1201 2110; x_wconf 83' lang='lat' dir='ltr'>Stemma</span> <span class='ocrx_word' id='word_1_300' title='bbox 1221 2080 1271 2109; x_wconf 89' lang='lat' dir='ltr'>Pi·</span> <span class='ocrx_word' id='word_1_301' title='bbox 1308 2080 1426 2111; x_wconf 89' lang='lat' dir='ltr'>fidium.</span> <span class='ocrx_word' id='word_1_302' title='bbox 1446 2080 1523 2111; x_wconf 87' lang='lat' dir='ltr'>Inde</span> <span class='ocrx_word' id='word_1_303' title='bbox 1536 2080 1569 2110; x_wconf 88' lang='lat' dir='ltr'>in</span> <span class='ocrx_word' id='word_1_304' title='bbox 1582 2081 1715 2111; x_wconf 87' lang='lat' dir='ltr'>nummis</span> <span class='ocrx_word' id='word_1_305' title='bbox 1731 2080 1900 2119; x_wconf 83' lang='lat' dir='ltr'>ceterisque</span> <span class='ocrx_word' id='word_1_306' title='bbox 1921 2090 1974 2111; x_wconf 90' lang='lat' dir='ltr'>ve-</span> 
     </span>
     <span class='ocr_line' id='line_1_35' title="bbox 603 2113 1974 2158; baseline 0.006 -16"><span class='ocrx_word' id='word_1_307' title='bbox 603 2113 703 2156; x_wconf 76' lang='lat' dir='ltr'>sonis,</span> <span class='ocrx_word' id='word_1_308' title='bbox 725 2124 790 2153; x_wconf 88' lang='lat' dir='ltr'>cap.</span> <span class='ocrx_word' id='word_1_309' title='bbox 811 2115 875 2154; x_wconf 87' lang='lat' dir='ltr'>sup.</span> <span class='ocrx_word' id='word_1_310' title='bbox 894 2116 958 2155; x_wconf 88' lang='lat' dir='ltr'>Ipse</span> <span class='ocrx_word' id='word_1_311' title='bbox 989 2117 1043 2147; x_wconf 88' lang='lat' dir='ltr'>diu</span> <span class='ocrx_word' id='word_1_312' title='bbox 1067 2118 1170 2154; x_wconf 86' lang='lat' dir='ltr'>exsul,</span> <span class='ocrx_word' id='word_1_313' title='bbox 1190 2118 1270 2149; x_wconf 73' lang='lat' dir='ltr'>infra</span> <span class='ocrx_word' id='word_1_314' title='bbox 1309 2120 1450 2150; x_wconf 83' lang='lat' dir='ltr'>nerandae</span> <span class='ocrx_word' id='word_1_315' title='bbox 1495 2119 1688 2158; x_wconf 83' lang='lat' dir='ltr'>antiquitatis</span> <span class='ocrx_word' id='word_1_316' title='bbox 1719 2119 1858 2158; x_wconf 87' lang='lat' dir='ltr'>reliquiis</span> <span class='ocrx_word' id='word_1_317' title='bbox 1882 2142 1891 2155; x_wconf 91' lang='lat'>,</span> <span class='ocrx_word' id='word_1_318' title='bbox 1925 2126 1974 2150; x_wconf 81' lang='lat' dir='ltr'>tot</span> 
     </span>
     <span class='ocr_line' id='line_1_36' title="bbox 602 2152 1928 2197; baseline 0.005 -16"><span class='ocrx_word' id='word_1_319' title='bbox 602 2152 676 2182; x_wconf 76' lang='lat' dir='ltr'>Hist.</span> <span class='ocrx_word' id='word_1_320' title='bbox 697 2155 730 2187; x_wconf 79' lang='lat' dir='ltr'>l,</span> <span class='ocrx_word' id='word_1_321' title='bbox 754 2155 805 2190; x_wconf 84' lang='lat'>48.</span> <span class='ocrx_word' id='word_1_322' title='bbox 1309 2159 1437 2195; x_wconf 83' lang='lat' dir='ltr'>FIDEI,</span> <span class='ocrx_word' id='word_1_323' title='bbox 1454 2159 1538 2189; x_wconf 87' lang='lat' dir='ltr'>nulla</span> <span class='ocrx_word' id='word_1_324' title='bbox 1561 2158 1695 2197; x_wconf 83' lang='lat' dir='ltr'>perfidiae</span> <span class='ocrx_word' id='word_1_325' title='bbox 1715 2166 1928 2189; x_wconf 83' lang='lat' dir='ltr'>monumenta.</span> 
     </span>
    </p>

    <p class='ocr_par' dir='ltr' id='par_1_7' title="bbox 600 2192 1973 2432">
     <span class='ocr_line' id='line_1_37' title="bbox 643 2192 1973 2237; baseline 0.004 -16"><span class='ocrx_word' id='word_1_326' title='bbox 643 2197 653 2217; x_wconf 82' lang='lat'>3</span> <span class='ocrx_word' id='word_1_327' title='bbox 676 2192 784 2235; x_wconf 64' lang='lat' dir='ltr'>finem</span> <span class='ocrx_word' id='word_1_328' title='bbox 797 2216 806 2228; x_wconf 89' lang='lat'>‚</span> <span class='ocrx_word' id='word_1_329' title='bbox 830 2204 1030 2236; x_wconf 67' lang='lat' dir='ltr'>LiBssR‘rATEM</span> <span class='ocrx_word' id='word_1_330' title='bbox 1055 2195 1270 2232; x_wconf 84' lang='lat' dir='ltr'>]Boccalinus</span> <span class='ocrx_word' id='word_1_331' title='bbox 1347 2202 1361 2220; x_wconf 77' lang='lat'><strong>⁴</strong></span> <span class='ocrx_word' id='word_1_332' title='bbox 1382 2199 1536 2228; x_wconf 79' lang='lat' dir='ltr'><strong>JUDICIUM</strong></span> <span class='ocrx_word' id='word_1_333' title='bbox 1553 2196 1973 2237; x_wconf 62' lang='lat' dir='ltr'>mrmnumssntegrumqui-</span> 
     </span>
     <span class='ocr_line' id='line_1_38' title="bbox 605 2230 1971 2277; baseline 0.004 -18"><span class='ocrx_word' id='word_1_334' title='bbox 605 2230 752 2274; x_wconf 71' lang='lat' dir='ltr'>Taciturn</span> <span class='ocrx_word' id='word_1_335' title='bbox 775 2240 891 2274; x_wconf 79' lang='lat' dir='ltr'>arguit,</span> <span class='ocrx_word' id='word_1_336' title='bbox 915 2234 1000 2272; x_wconf 71' lang='lat' dir='ltr'>quiid</span> <span class='ocrx_word' id='word_1_337' title='bbox 1029 2233 1115 2272; x_wconf 79' lang='lat' dir='ltr'>fidem</span> <span class='ocrx_word' id='word_1_338' title='bbox 1131 2234 1270 2277; x_wconf 33' lang='lat' dir='ltr'>*virtuti—</span> <span class='ocrx_word' id='word_1_339' title='bbox 1309 2236 1379 2266; x_wconf 88' lang='lat' dir='ltr'>dem</span> <span class='ocrx_word' id='word_1_340' title='bbox 1394 2237 1434 2266; x_wconf 89' lang='lat' dir='ltr'>est</span> <span class='ocrx_word' id='word_1_341' title='bbox 1445 2236 1595 2274; x_wconf 87' lang='lat' dir='ltr'>judicium</span> <span class='ocrx_word' id='word_1_342' title='bbox 1607 2236 1775 2275; x_wconf 82' lang='lat' dir='ltr'>adoptandi</span> <span class='ocrx_word' id='word_1_343' title='bbox 1790 2237 1823 2267; x_wconf 68' lang='grc' dir='ltr'>ὅ(</span> <span class='ocrx_word' id='word_1_344' title='bbox 1835 2236 1971 2275; x_wconf 89' lang='lat' dir='ltr'>eligendi</span> 
     </span>
     <span class='ocr_line' id='line_1_39' title="bbox 603 2269 1972 2316; baseline 0.004 -18"><span class='ocrx_word' id='word_1_345' title='bbox 603 2269 679 2316; x_wconf 38' lang='lat' dir='ltr'>busx</span> <span class='ocrx_word' id='word_1_346' title='bbox 695 2270 871 2313; x_wconf 77' lang='lat' dir='ltr'>Principum</span> <span class='ocrx_word' id='word_1_347' title='bbox 904 2282 1170 2316; x_wconf 71' lang='lat' dir='ltr'>annumeraverit,</span> <span class='ocrx_word' id='word_1_348' title='bbox 1199 2276 1269 2304; x_wconf 69' lang='lat' dir='ltr'>curn</span> <span class='ocrx_word' id='word_1_349' title='bbox 1308 2275 1483 2313; x_wconf 83' lang='lat' dir='ltr'>Principes:</span> <span class='ocrx_word' id='word_1_350' title='bbox 1515 2275 1679 2306; x_wconf 88' lang='lat' dir='ltr'>fortuitum</span> <span class='ocrx_word' id='word_1_351' title='bbox 1702 2285 1804 2306; x_wconf 86' lang='lat' dir='ltr'>autem</span> <span class='ocrx_word' id='word_1_352' title='bbox 1832 2275 1972 2315; x_wconf 83' lang='lat' dir='ltr'>generari</span> 
     </span>
     <span class='ocr_line' id='line_1_40' title="bbox 603 2311 1972 2355; baseline 0.004 -18"><span class='ocrx_word' id='word_1_353' title='bbox 603 2315 937 2354; x_wconf 30' lang='lat' dir='ltr'>tantumnprivatorum</span> <span class='ocrx_word' id='word_1_354' title='bbox 953 2311 1006 2355; x_wconf 68' lang='lat' dir='ltr'>fit:</span> <span class='ocrx_word' id='word_1_355' title='bbox 1024 2313 1178 2350; x_wconf 80' lang='lat' dir='ltr'>PrinCipes</span> <span class='ocrx_word' id='word_1_356' title='bbox 1191 2314 1268 2344; x_wconf 78' lang='lat' dir='ltr'>vero</span> <span class='ocrx_word' id='word_1_357' title='bbox 1308 2315 1342 2344; x_wconf 83' lang='lat'>&amp;</span> <span class='ocrx_word' id='word_1_358' title='bbox 1364 2315 1445 2345; x_wconf 86' lang='lat' dir='ltr'>nasci</span> <span class='ocrx_word' id='word_1_359' title='bbox 1457 2325 1472 2345; x_wconf 92' lang='lat' dir='ltr'>a</span> <span class='ocrx_word' id='word_1_360' title='bbox 1486 2314 1687 2352; x_wconf 86' lang='lat' dir='ltr'>Principibus.</span> <span class='ocrx_word' id='word_1_361' title='bbox 1702 2316 1742 2344; x_wconf 86' lang='lat' dir='ltr'>At</span> <span class='ocrx_word' id='word_1_362' title='bbox 1758 2315 1835 2345; x_wconf 77' lang='lat' dir='ltr'>adeo</span> <span class='ocrx_word' id='word_1_363' title='bbox 1859 2315 1972 2344; x_wconf 85' lang='lat' dir='ltr'>incon-</span> 
     </span>
     <span class='ocr_line' id='line_1_41' title="bbox 602 2346 1972 2391; baseline 0.005 -16"><span class='ocrx_word' id='word_1_364' title='bbox 602 2346 667 2376; x_wconf 74' lang='lat' dir='ltr'>sola</span> <span class='ocrx_word' id='word_1_365' title='bbox 681 2347 744 2391; x_wconf 75' lang='lat' dir='ltr'>¹sua</span> <span class='ocrx_word' id='word_1_366' title='bbox 776 2349 909 2379; x_wconf 86' lang='lat' dir='ltr'>utilitate</span> <span class='ocrx_word' id='word_1_367' title='bbox 932 2360 996 2389; x_wconf 82' lang='lat' dir='ltr'>regi</span> <span class='ocrx_word' id='word_1_368' title='bbox 1028 2351 1172 2381; x_wconf 86' lang='lat' dir='ltr'>debeant.</span> <span class='ocrx_word' id='word_1_369' title='bbox 1198 2352 1269 2382; x_wconf 82' lang='lat' dir='ltr'>Haec</span> <span class='ocrx_word' id='word_1_370' title='bbox 1309 2353 1383 2383; x_wconf 82' lang='lat' dir='ltr'>fulta</span> <span class='ocrx_word' id='word_1_371' title='bbox 1406 2353 1473 2384; x_wconf 88' lang='lat' dir='ltr'>sunt</span> <span class='ocrx_word' id='word_1_372' title='bbox 1493 2353 1803 2390; x_wconf 81' lang='lat' dir='ltr'>hominumjudicia‚</span> <span class='ocrx_word' id='word_1_373' title='bbox 1819 2362 1852 2383; x_wconf 88' lang='lat' dir='ltr'>ut</span> <span class='ocrx_word' id='word_1_374' title='bbox 1873 2354 1972 2390; x_wconf 81' lang='lat' dir='ltr'>longo</span> 
     </span>
     <span class='ocr_line' id='line_1_42' title="bbox 600 2386 1972 2432; baseline 0.005 -17"><span class='ocrx_word' id='word_1_375' title='bbox 600 2386 805 2426; x_wconf 78' lang='lat' dir='ltr'>Boccalmus,</span> <span class='ocrx_word' id='word_1_376' title='bbox 827 2387 889 2421; x_wconf 80' lang='lat' dir='ltr'>haec</span> <span class='ocrx_word' id='word_1_377' title='bbox 912 2389 1134 2422; x_wconf 79' lang='lat' dir='ltr'>Machiavellus</span> <span class='ocrx_word' id='word_1_378' title='bbox 1152 2390 1270 2422; x_wconf 81' lang='lat' dir='ltr'>Princi-</span> <span class='ocrx_word' id='word_1_379' title='bbox 1308 2392 1487 2425; x_wconf 70' lang='lat' dir='ltr'>saeculorum</span> <span class='ocrx_word' id='word_1_380' title='bbox 1506 2392 1559 2425; x_wconf 83' lang='lat' dir='ltr'>usu</span> <span class='ocrx_word' id='word_1_381' title='bbox 1569 2401 1764 2432; x_wconf 86' lang='lat' dir='ltr'>compertum</span> <span class='ocrx_word' id='word_1_382' title='bbox 1775 2393 1875 2432; x_wconf 83' lang='lat' dir='ltr'>plures</span> <span class='ocrx_word' id='word_1_383' title='bbox 1889 2391 1972 2423; x_wconf 79' lang='lat' dir='ltr'>nasci</span> 
     </span>
    </p>
   </div>
  </div>
 </body>
</html>
