2209 3047
333 160 810 218 HISTORIARUM
848 158 1042 201 LIBER
1085 159 1388 214 QUINTUS.

183 240 377 284 memoria
401 242 552 293 cladis,
580 240 654 297 qua
697 241 802 298 ipsos
839 239 988 281 scabies
1018 244 1027 260 ¹

1484 174 1570 210 297

1062 240 1263 292 quondam
1295 253 1526 296 turpaverat
1557 269 1571 291 ,

186 307 251 348 cui
282 307 322 347 id
352 305 501 347 animal
527 305 762 347 obnoxium.
791 305 978 359 Longam
1004 300 1103 343 olim
1131 302 1276 344 famem
1323 304 1470 344 crebris
1503 304 1570 345 ad-

185 372 266 411 huc
292 368 451 422 jejuniis
481 373 495 390 ²
525 369 713 409 fatentur.
745 367 798 408 Et
830 380 1027 424 raptarum
1060 365 1221 419 frugum
1252 380 1531 420 argumentum
1555 397 1569 418 ,
1618 387 1686 412 Le,

187 434 298 488 panis
329 432 521 476 Judaicus
557 436 566 459 ³
606 429 719 471 nullo
759 430 987 480 fermento,
1020 429 1179 469 retinet.
1228 445 1249 465 <c
1285 432 1468 484 Septimo
1505 432 1570 472 die
1624 444 1677 472 70·

137 505 159 545 5
185 497 345 537 »otium
372 500 390 524 4
418 493 607 551 placuisse
634 510 655 530 >›
678 493 838 533 ferunt:
873 510 894 531 ‹<
925 494 1015 547 quia
1041 493 1071 532 is
1098 491 1217 531 finem
1244 490 1426 532 laborum
1463 493 1571 535 tule-

186 560 296 606 »rit3
324 558 446 609 dein,
473 556 704 598 blandiente
742 555 883 597 inertia
898 586 911 607 ‚
938 557 1152 613 septimum
1186 568 1346 608 quoque
1379 570 1527 597 annum
1554 560 1567 590 5

186 686 234 718 bis
247 709 255 724 ‚
281 686 335 726 qui
358 693 463 717 cutem
481 691 653 723 occupant,
676 683 859 715 incommo-
900 685 927 714 8.
951 684 990 715 At
1009 683 1094 722 panis
1108 683 1161 714 ille
1179 693 1246 714 non
1258 689 1413 727 raptarum
1428 681 1567 721 frugum,

188 727 227 756 da
248 725 317 756 sunt
344 726 378 756 ὅ(
398 723 505 754 noxia.
528 724 578 754 Sic
605 723 680 762 legis
708 731 859 762 praecepta

187 775 253 795 non
280 764 377 794 modo
409 764 530 793 Judaeos
551 763 590 793 ab
618 762 800 793 idololatria
825 763 860 793 &

185 802 274 834 vanis
292 802 499 842 religionibus
519 803 720 839 avertebant,
746 802 797 832 sed
820 803 858 831 ab

187 842 336 874 omnibus
352 851 479 882 quoque
492 841 700 872 immunditiis
719 851 810 880 puros
824 841 860 870 il-

188 883 236 913 los
257 881 444 921 praestabant.

230 927 238 941 ¹
262 923 387 952 Scamss
402 924 412 954 J
426 920 550 951 Scabies
566 919 619 950 illa
634 920 674 950 est
685 919 746 959 ipsa
756 918 838 957 lepra
851 941 860 956 ,

191 971 286 1000 quarn
312 959 529 991 accuratissime
561 959 716 998 descripsit
735 960 835 989 Moses
851 981 860 994 ,

190 999 328 1031 Levitic.
348 1000 420 1030 XIII
445 999 479 1029 &
505 999 596 1036 X1V;
621 1009 679 1029 nec
701 998 861 1038 quondam

189 1042 310 1070 tantiam
326 1040 448 1069 Judaeos
457 1046 649 1076 turpaverat,
660 1039 710 1068 sed
720 1038 767 1067 illi
780 1048 863 1067 mor-

190 1080 234 1110 bo
257 1078 342 1108 fuere
358 1078 475 1116 semper
490 1078 643 1114 obnoxii,
663 1078 737 1108 dum
757 1087 805 1107 eas
814 1087 863 1106 re-

213 1118 302 1148 iones
334 1117 515 1148 incoluere:
541 1117 618 1156 quin
644 1117 738 1148 etiam
766 1116 863 1147 hodie

222 1166 337 1196 equens
355 1157 395 1187 est
416 1156 447 1186 in
457 1155 543 1193 Syriai
555 1158 589 1187 ὅ(
601 1158 736 1195 AEgypto
749 1177 757 1190 ‚
772 1163 805 1186 ut
816 1155 864 1185 vi-

192 1197 265 1227 dere
284 1196 323 1226 est
342 1196 422 1235 apud
441 1195 596 1225 eruditum
609 1196 718 1233 Mead,
736 1196 797 1226 loc.
810 1194 862 1226 cit.

254 1257 262 1265 .
285 1246 332 1265 12.

194 1246 251 1292 pa}
269 1276 404 1305 eunius
428 1287 534 1306 annuc
557 1285 689 1308 seminis
711 1279 722 1310 ]
748 1274 865 1305 Crebra

196 1314 324 1354 quidem
337 1322 423 1345 erant
432 1316 609 1346 Judaeorum
620 1315 736 1352 jejunia
746 1337 755 1350 ,
772 1313 866 1352 siqui-

197 1355 268 1384 dem
295 1354 327 1383 in
350 1354 485 1384 Judaicis
510 1353 702 1384 Calendariis
724 1363 763 1383 ne
789 1363 866 1382 unus

196 1393 324 1433 quidem
342 1392 451 1422 mensis
470 1393 510 1424 est
530 1393 563 1423 in
580 1403 643 1432 quo
663 1392 727 1421 dies
744 1391 866 1430 aliquot

194 1432 389 1472 jejuniorum
401 1442 467 1462 non
484 1432 541 1462 fint
554 1431 655 1463 notati
671 1442 679 1469 3
695 1431 774 1461 &in
786 1441 867 1461 non-

194 1471 288 1503 nullis
310 1470 463 1502 menfibus
483 1471 573 1502 multi
597 1470 804 1510 adsignantur.
827 1472 867 1500 At

197 1510 314 1550 jejunia
332 1510 387 1541 illa
403 1521 468 1541 non
484 1511 610 1550 longam
632 1520 740 1541 eorum
753 1509 867 1540 famem

196 1550 363 1586 testantur,
391 1550 442 1580 sed
469 1560 515 1580 res
540 1550 681 1580 infaustas
711 1549 865 1585 tristesve‚

199 1600 266 1630 quae
288 1589 396 1619 diebus
413 1589 473 1619 illis
489 1590 649 1628 contigere
661 1612 668 1625 ‚
686 1588 803 1618 deflent
814 1590 867 1618 Ju—

200 1629 269 1659 daei.
286 1628 334 1659 Sic
351 1628 400 1658 die
422 1628 549 1668 septima
559 1628 667 1658 mensis
683 1627 762 1657 Tisri
781 1635 869 1658 nota-

200 1676 250 1699 tur
277 1668 310 1698 in
333 1677 443 1698 eorum
471 1668 682 1698 Calcndariis:
705 1666 868 1705 Jejunium,

200 1705 269 1747 qudd
288 1707 400 1746 decisum
421 1706 443 1737 it
456 1706 591 1736 decretum
605 1716 800 1744 conrrczpacres
810 1707 870 1745 nos-

200 1756 276 1784 tros,
297 1756 326 1776 ur
343 1746 391 1786 gla
413 1747 455 1783 io,
472 1746 550 1784 fame
564 1771 572 1783 ,
589 1746 619 1776 Cr
641 1746 709 1784 pelle
734 1746 870 1785 confirme-

201 1795 296 1816 rentur
315 1786 343 1816 in
363 1785 462 1825 deserto
477 1786 508 1816 oh
526 1796 591 1823 opus
606 1786 694 1816 vituli.
707 1786 767 1816 Die
783 1786 871 1825 septi-

201 1825 253 1857 mi
269 1824 380 1856 mensis
397 1826 496 1856 Adar:
521 1825 679 1864 Jejunium,
695 1825 762 1865 qudd
777 1835 806 1854 eo
828 1824 871 1854 die

201 1874 322 1895 mortuus
342 1864 376 1903 est
392 1865 482 1904 Moses
495 1865 635 1903 propheta.
657 1867 694 1896 Et
715 1865 753 1895 fic
767 1865 804 1895 de
822 1875 872 1895 ce-

201 1905 285 1936 teris.
310 1904 475 1944 Originem
507 1915 634 1945 quoque
666 1906 700 1936 &
729 1913 872 1942 tempora

203 1944 394 1983 jejuniorum
407 1946 545 1983 corrupit
556 1944 686 1975 Justinus
698 1968 707 1980 ,
720 1945 872 1982 XXXVI,

204 1995 236 2014 ει.
252 1983 351 2014 Moses
367 1984 469 2022 septem
494 1983 597 2013 dierum
615 1985 738 2023 jejunio,
761 1993 809 2020 per
828 1982 874 2012 de-

201 2022 272 2059 strta
294 2022 428 2058 Arabiae,
447 2033 505 2052 cnm
536 2023 631 2061 populo
644 2024 695 2062 fico
711 2022 873 2063 fatigatus,

203 2062 266 2091 tum
290 2062 399 2092 tandem
417 2063 525 2102 veniffit
540 2063 572 2093 in
587 2071 730 2094 montem
751 2065 854 2102 Synan
865 2085 874 2098 ,

204 2101 230 2130 le
245 2109 319 2130 mont
335 2101 418 2132 Sinai
431 2103 591 2141 ,septimum
612 2102 698 2139 diem,
723 2112 794 2132 more
806 2113 875 2142 gerz-

205 2140 243 2170 tis
253 2140 400 2179 sabbatum
424 2142 609 2180 appellatum,
636 2143 665 2172 in
686 2152 764 2172 omne
790 2152 875 2171 oevum

203 2179 461 2220 jejrtniofficravic:
486 2182 611 2220 quoniam
632 2181 680 2211 illa
704 2181 762 2211 dies
773 2180 876 2218 samem

206 2218 265 2249 illis
274 2229 439 2258 erroremque
450 2219 578 2258 finierat.
594 2222 763 2260 Vulgarem
772 2229 875 2251 autem

206 2258 294 2289 kuiffe
311 2260 392 2297 apud
404 2260 562 2290 Romanos
574 2260 656 2291 hunc
673 2271 808 2291 errorem
822 2270 876 2299 pa-

209 2305 255 2328 tet
279 2308 316 2328 ex
337 2299 490 2329 Suetonio
511 2299 542 2329 in
573 2302 649 2340 Aug.
677 2301 819 2331 LXXVI.
844 2300 878 2331 &

209 2337 350 2368 Martiale
367 2337 554 2376 Epigramm·
570 2342 622 2371 IV.
642 2351 671 2377 4.

251 2381 260 2401 ³
284 2377 374 2407 Pinus
396 2378 548 2408 Junmcus
574 2381 587 2416 ]
618 2380 675 2408 Hic
713 2378 878 2417 agnoscere

210 2414 252 2446 cst
271 2424 379 2454 panem
394 2427 539 2456 azymum
561 2417 598 2450 de
620 2428 682 2459 quo
694 2418 878 2457 Exochxu,

305 2457 410 2502 Tom.
429 2462 508 2505 Ill.

899 723 949 753 sed
963 723 1099 754 maeroris
1114 733 1148 753 ac
1161 723 1257 754 laetus
1271 722 1331 753 fu1t
1340 730 1569 762 argumentum.

901 763 975 792 Inde
996 762 1028 792 in
1054 763 1284 793 Deuteronom.
1304 763 1393 800 XVI,
1418 771 1454 798 3,
1478 772 1572 792 voca-

899 810 949 831 mr
979 807 1035 835 κη]
1056 796 1124 834 nn'7
1139 825 1148 839 ,
1171 802 1205 831 id
1227 803 1267 832 est
1288 801 1372 837 panis
1399 800 1572 838 afflietionm

900 840 1050 880 quoniam
1086 840 1118 870 in
1141 851 1259 879 pavore
1287 840 1391 879 egreffi
1421 848 1506 870 erant
1535 841 1574 870 de

900 883 1036 919 AEgypto
1068 880 1176 910 Judaei.
1198 882 1331 919 Azymus
1360 888 1465 910 autem
1488 879 1574 918 panis

901 930 967 950 non
985 919 1120 957 vulgaris
1138 918 1197 949 fuit
1219 920 1251 949 in
1272 919 1354 950 victu
1376 918 1526 956 Judaico‚
1542 927 1576 950 ut

902 958 1004 989 innuit
1024 958 1162 989 Tacitus.
1184 960 1229 989 Eo
1250 961 1372 989 tantum
1392 959 1577 993 utebantur,

902 1001 971 1029 cum
995 998 1104 1028 Pascha
1134 998 1351 1035 celebrabant;
1379 1008 1413 1028 ac
1434 1008 1473 1028 ne
1502 1006 1576 1028 toto

902 1037 1030 1077 quidem
1048 1037 1205 1076 sepdduo,
1220 1038 1270 1067 sed
1284 1037 1384 1076 primo
1396 1037 1495 1067 solum
1509 1037 1577 1067 die:

904 1087 975 1106 nam
994 1076 1122 1116 reliquis
1136 1077 1186 1106 sex
1204 1077 1329 1114 diebus,
1345 1076 1513 1106 seminibus
1524 1084 1578 1107 aut

903 1116 1050 1147 fructibus
1068 1116 1151 1146 vesci
1166 1124 1296 1154 potuere
1308 1140 1316 1152 ‚
1339 1117 1413 1145 dum
1437 1115 1578 1146 fermen-

904 1164 970 1186 tato
1001 1155 1206 1191 abstinerent,
1238 1163 1272 1185 ut
1298 1154 1483 1185 testimoniis
1512 1156 1578 1186 RR.

905 1195 991 1226 Mose
1014 1197 1048 1226 &
1074 1195 1203 1225 Selomo
1225 1195 1337 1233 probat
1374 1193 1516 1226 Petavius
1543 1194 1578 1225 in

906 1233 1235 1265 Animadverfionibus
1268 1234 1306 1263 ad
1339 1233 1579 1272 Epiphanium·‚

905 1274 1015 1305 Haeres.
1033 1275 1130 1304 LXX.
1145 1271 1499 1304 Audianorum.T0m.11.
1510 1283 1579 1312 pag.

908 1324 975 1351 293.

945 1358 960 1376 4
980 1354 1120 1383 Sammo
1146 1364 1200 1383 Dm
1232 1362 1335 1383 orum
1358 1353 1371 1389 ]
1402 1353 1482 1383 Vere
1506 1350 1581 1390 qui-

907 1392 995 1422 dem:
1028 1393 1172 1423 nondum
1203 1400 1307 1422 tamen
1333 1391 1402 1420 satis
1424 1393 1581 1421 accurate.

906 1431 1060 1462 Memoria
1081 1431 1165 1462 enim
1187 1431 1308 1470 septimi
1333 1430 1415 1464 diei,
1440 1430 1490 1460 seu
1511 1431 1582 1460 sab-

906 1471 993 1506 bati,
1005 1472 1043 1501 ab
1061 1472 1138 1501 orbe
1154 1470 1286 1501 condito
1301 1494 1310 1506 ‚
1331 1478 1364 1499 ut
1380 1470 1462 1499 Deus
1479 1479 1581 1499 rerum

909 1510 1052 1541 omnium
1067 1513 1173 1541 auctor
1192 1510 1347 1541 coleretur
1361 1532 1369 1544 ,
1392 1508 1488 1538 sanffla
1511 1508 1581 1538 fuit.

908 1550 1008 1580 Exod.
1030 1551 1109 1586 XX,
1132 1552 1148 1579 8
1179 1549 1213 1580 ὃς
1235 1559 1278 1580 11.
1309 1548 1413 1579 Postea
1434 1550 1505 1578 curn
1525 1550 1582 1578 Ju-

907 1589 978 1619 daeis
992 1599 1030 1619 ex
1049 1591 1184 1627 AEgypto
1205 1588 1340 1627 egressis,
1369 1587 1470 1617 otium
1494 1587 1582 1617 secu—

907 1638 1037 1667 rumque
1052 1627 1212 1659 sabbatum
1228 1627 1344 1657 fecisset
1356 1627 1438 1656 Deus
1449 1650 1456 1663 ,
1470 1626 1585 1657 iterum

908 1668 1016 1698 statuta
1035 1669 1183 1707 auctaque
1206 1666 1323 1698 sabbati
1346 1666 1468 1705 religio.
1483 1666 1584 1697 Exod.

909 1708 1031 1742 XXXI,
1054 1718 1098 1744 13.
1117 1708 1349 1737 Deuteronom.
1368 1707 1412 1740 V,
1439 1716 1484 1743 ¹4·

950 1752 958 1774 5
983 1748 1146 1777 Septimum
1169 1757 1295 1782 QUOQUE
1319 1745 1451 1781 anuum]
1472 1744 1585 1775 Judaeis

910 1796 977 1817 non
1002 1786 1144 1816 blandita
1164 1786 1204 1816 est
1219 1784 1348 1815 inertia:
1370 1794 1471 1823 neque
1491 1784 1586 1822 septi-

910 1836 976 1855 mus
990 1836 1086 1855 annus
1102 1826 1139 1855 ab
1154 1825 1190 1854 iis
1208 1823 1340 1864 ignaviae
1357 1824 1454 1853 datus,
1467 1825 1585 1853 Vei-iun

910 1874 944 1895 ut
962 1865 1063 1896 exitus
1076 1875 1115 1895 ex
1132 1866 1268 1903 AEgypto
1289 1863 1475 1901 adsertaeque
1490 1862 1586 1892 liber-

911 1904 980 1935 tatis
1013 1904 1165 1935 memoria
1189 1914 1226 1934 ex
1262 1904 1440 1933 Judaeorum
1473 1901 1586 1931 animis

912 1954 1083 1983 numquam
1104 1944 1284 1979 excideret,
1307 1943 1397 1981 seque
1419 1942 1520 1971 Deum
1541 1941 1587 1971 le-

912 1994 984 2022 gum
1007 1984 1126 2014 suarum
1148 1985 1305 2013 aqurem
1326 1981 1439 2011 habere
1454 1980 1587 2016 scirent,

912 2023 976 2061 justi
998 2023 1067 2053 sunt
1086 2022 1216 2061 septimo
1232 2032 1360 2061 quoque
1370 2031 1454 2051 anno
1472 2030 1530 2051 nec
1543 2019 1588 2050 se-

914 2062 1033 2093 minare
1049 2070 1230 2098 terras‚nec
1249 2061 1374 2096 vineas,
1392 2070 1448 2090 nec
1466 2059 1587 2090 oliveta

915 2102 1019 2133 colere
1033 2125 1041 2136 ,
1057 2102 1106 2132 sed
1122 2101 1281 2132 sabbatum
1292 2100 1361 2136 Dei,
1377 2093 1478 2132 ΠῚΠἺιῙ
1490 2105 1584 2143 ENV,

914 2151 1015 2179 agere.
1038 2141 1139 2172 Exod.
1170 2142 1197 2171 X
1210 2141 1333 2176 XIII,
1366 2150 1411 2169 10.
1448 2139 1588 2168 Levmc.

916 2182 1001 2211 XXV
1019 2203 1028 2215 ,
1051 2192 1081 2217 4.
1109 2180 1249 2211 Alterum
1270 2179 1370 2209 adhuc
1398 2178 1557 2209 sabbatum
1577 2200 1587 2213 ,

915 2221 950 2251 ὅε
979 2219 1163 2256 solemnius,
1194 2220 1259 2258 post
1278 2219 1380 2257 septem
1407 2215 1589 2246 lrebdvnnrdas

916 2269 1065 2294 annorum,
1096 2259 1126 2288 id
1153 2259 1192 2288 cst
1221 2256 1477 2298 quinquagesimo
1503 2266 1588 2286 anno

917 2300 1101 2329 recurrebat.
1118 2298 1182 2336 Ipse
1206 2298 1291 2329 enim
1309 2306 1372 2328 erat
1383 2291 1474 2332 5217,
1492 2295 1524 2325 id
1549 2295 1590 2338 c'st

917 2337 1051 2368 Jubileus.
1072 2337 1210 2368 Levitic.
1226 2339 1312 2368 XXV
1325 2360 1333 2372 ,
1349 2340 1365 2367 8
1381 2337 1415 2367 ὃς
1438 2346 1480 2364 10.
1498 2334 1590 2364 Talia

918 2378 1040 2408 sabbata
1065 2376 1150 2407 fuere
1168 2378 1248 2421 apud
1263 2377 1383 2407 Jndoeos
1407 2376 1477 2413 juge
1496 2373 1592 2402 mir-1-

919 2417 1035 2453 culum.
1058 2417 1121 2456 Qui
1146 2427 1231 2449 emm
1253 2416 1309 2448 nifi
1331 2426 1347 2445 a
1374 2415 1444 2443 Deo
1474 2422 1591 2452 praepo-

1357 2459 1425 2513 Pp

1593 290 1706 314 A.U.C.

1612 338 1684 372 823.
