2230 3047
329 175 805 221 HISTORIARUM
843 173 1038 217 LIBER
1080 175 1435 221 SECUNDUS.
1471 178 1474 180 ’
1510 193 1593 229 117

205 259 351 300 »suum
368 291 380 311 ,
403 260 621 302 Asiaticum
642 290 654 311 ‚
675 259 842 314 equestri
869 258 1064 313 dignitate
1089 257 1255 299 donaret
1270 277 1314 310 n,
1344 262 1593 302 inhonestam

207 322 483 364 adulationem
508 323 743 379 compescit.
770 323 879 363 Dein
896 352 908 373 ,
936 320 1162 361 mobilitate
1185 322 1364 375 ingenii,
1393 325 1500 378 quod
1524 341 1593 381 pa-
1620 306 1738 384 Agf'

206 385 287 427 lam
298 387 508 437 abnuerat,
525 389 628 427 inter
637 385 787 426 secreta
797 383 1166 438 conviviilargitur:
1182 385 1476 441 honoravitque
1492 389 1595 429 Asia-
1642 407 1663 430 J.
1677 406 1706 430 c.

205 451 334 490 ticum
360 450 487 491 anulis
519 455 528 471 ¹
548 479 562 499 ,
590 449 743 489 foedum
771 450 1045 505 mancipium,
1080 451 1120 489 ὃ(
1151 445 1265 488 malis
1294 449 1440 491 artibus
1469 450 1593 492 ambi—
1648 456 1701 488 69·

152 521 178 565 5
206 512 368 555 tiosum.

269 575 447 618 LVIII.
482 576 659 617 IisDEM
696 574 834 617 diebus
850 605 863 627 ,
899 592 921 612 <c
953 574 1147 617 accessiffe
1180 574 1357 631 partibus
1386 589 1593 633 utramque

202 639 531 680 »Mauretaniam
555 643 569 660 ²
586 668 597 689 ‚
618 638 826 680 interfeSm
846 653 1105 695 procuratore
1128 637 1282 680 Albino
1305 656 1325 676 >2
1337 669 1349 689 ,
1377 642 1506 680 nuntii
1523 658 1591 682 ve-

205 702 313 743 nere.
337 703 513 744 Luceius
535 701 706 742 Albinus
720 733 733 752 ‚
756 718 777 743 a
801 704 969 743 Nerone
983 703 1245 743 Mauretaniae
1263 702 1487 743 CaesarIensi
1506 719 1593 758 prae-

203 766 379 821 positus,
402 763 534 806 addita
557 780 626 821 per
642 764 816 806 Galbam
834 766 1060 819 Tingitana:
1083 766 1302 821 provinciae
1325 771 1334 794 ³
1360 766 1597 808 administra-

128 842 145 870 1
157 843 180 870 0
206 830 340 880 tione,
359 829 467 870 haud
482 828 713 885 spernendis
729 827 879 869 viribus
897 828 1055 883 agebat:
1077 829 1363 869 novemdecim
1379 831 1566 871 cohortes
1581 861 1594 881 ‚

204 893 380 947 quinque
404 891 470 934 alae
484 922 496 943 ,
523 894 665 947 ingens
684 893 923 934 Maurorum
945 906 1132 932 numerus
1155 891 1315 942 aderat,
1340 907 1408 948 per
1432 891 1596 935 latroci-

203 955 270 997 nia
285 960 325 997 &
339 968 472 1012 raptus
493 969 584 1012 apta
602 954 713 996 bello
734 971 886 997 manus.
907 954 1021 996 Caeso
1041 953 1173 995 Galba
1186 985 1198 1005 ‚
1219 957 1261 995 in
1279 956 1490 997 Othonem
1508 973 1596 1013 pro-

203 1033 300 1070 nus,
321 1034 397 1060 nec
414 1018 552 1061 Africa
568 1032 783 1060 contentus
797 1049 809 1069 ,
829 1018 1031 1074 Hispaniae
1046 1048 1059 1069 ,
1080 1019 1245 1073 angusto
1258 1019 1362 1060 freto
1384 1024 1402 1047 4
1427 1020 1595 1077 diremp-

202 1093 250 1122 tae
264 1111 278 1133 ,
303 1082 551 1124 imminebat.
573 1083 672 1123 Inde
697 1081 847 1124 Cluvio
871 1082 984 1123 Rufo
1006 1086 1018 1113 5
1042 1095 1199 1129 metus;
1226 1099 1247 1118 (ε
1269 1086 1309 1123 ὅ(
1327 1083 1524 1124 decimam
1542 1083 1595 1124 le-

129 1154 177 1194 15
205 1146 402 1201 »gionem
433 1148 700 1202 propinquare
723 1145 832 1186 litori
859 1164 904 1197 »,
931 1159 975 1186 ut
1001 1145 1289 1186 transmiffurus
1307 1175 1319 1196 ‚
1348 1144 1471 1197 jussit:
1498 1162 1595 1203 prae-

203 1209 304 1250 missi
319 1211 594 1259 centuriones,
615 1211 682 1263 qui
696 1210 933 1251 Maurorum
948 1210 1101 1250 animos
1116 1207 1288 1249 Vitellio
1306 1209 1593 1251 conciliarent:

203 1287 334 1328 neque
357 1273 523 1314 arduum
542 1273 644 1323 fuit,
673 1271 817 1328 magna
839 1288 908 1329 per
931 1272 1159 1329 provincias
1181 1273 1415 1313 Germanici
1437 1276 1594 1314 exerci-

204 1337 308 1378 cittis
331 1334 449 1377 fama.
469 1336 738 1393 Spargebatur
759 1336 920 1392 insuper
936 1366 948 1386 ‚
980 1352 1001 1372 «
1025 1336 1155 1392 spreto
1177 1337 1448 1392 procuratoris
1472 1352 1595 1379 voca-

201 1413 226 1437 ³>
236 1397 360 1450 bulo,
385 1398 582 1441 Albinum
615 1400 766 1455 insigne
803 1401 907 1454 regis
924 1429 937 1450 ‚
965 1403 1004 1440 &
1018 1398 1128 1445 Jubae
1147 1413 1295 1440 nomen
1313 1397 1330 1420 ⁶
1345 1399 1531 1455 usurpare
1551 1418 1593 1441 ».

121 1475 177 1504 20
265 1463 394 1504 LIX.
428 1464 518 1504 ITA
541 1465 703 1505 mutatis
726 1464 866 1504 animis
882 1491 894 1513 ,
920 1463 1076 1503 Asinius
1093 1461 1225 1503 Pollio
1240 1492 1252 1513 ,
1274 1459 1342 1502 alae
1364 1463 1565 1518 praefe3us
1579 1493 1593 1514 ‚

202 1540 225 1567 e
247 1526 435 1569 fidissimis
456 1526 609 1568 Albino
624 1557 636 1579 ‚
662 1531 702 1568 ὃ(
723 1528 858 1568 Festus
879 1541 926 1567 ac
947 1527 1086 1582 Scipio
1101 1555 1113 1576 ,
1139 1527 1370 1566 cohortium
1393 1526 1562 1581 pra‘feffi
1581 1557 1593 1577 ,

202 1591 497 1646 opprimuntur.
519 1591 609 1647 Ipse
629 1589 801 1632 Albinus
815 1620 829 1641 ,
856 1590 951 1631 dum
969 1605 990 1630 e
1005 1589 1222 1644 Tingitani}
1240 1588 1448 1645 provincia
1466 1590 1595 1631 Caesa-

200 1654 372 1695 riensem
393 1655 689 1697 Mauretaniam
710 1656 836 1710 petit,
862 1652 1048 1709 appulsus
1068 1652 1202 1702 litori,
1227 1651 1469 1693 trucidatur:
1491 1669 1593 1695 uxor

202 1715 313 1769 ejus,
336 1720 428 1760 cum
449 1719 488 1760 se
509 1717 799 1775 percussoribus
826 1716 1051 1766 obtulisset,
1079 1714 1191 1755 fimul
1208 1716 1413 1756 interfeRa
1436 1717 1514 1763 est;
1538 1719 1594 1757 ni-

119 1789 172 1830 25
201 1779 261 1822 hil
283 1796 450 1833 eorum,
476 1797 559 1837 quae
582 1783 750 1831 fierent,
776 1779 948 1822 Vitellio
982 1781 1238 1833 anquirente:
1267 1777 1378 1818 brevi
1413 1779 1550 1820 auditu
1577 1810 1591 1831 ,

201 1847 382 1899 quamvis
398 1861 542 1902 magna
556 1845 760 1895 transibat,
777 1845 904 1900 impar
919 1845 1022 1884 curis
1039 1841 1300 1898 gravioribus.
1318 1858 1339 1877 «
1355 1841 1589 1883 Exercitum

199 1909 375 1952 »itinere
397 1911 566 1952 terrestri
586 1927 608 1947 2³
635 1923 800 1966 pergere
821 1906 932 1961 jubet
951 1924 960 1947 :
991 1907 1075 1963 ipse
1097 1906 1220 1948 Arare
1240 1905 1406 1947 flumine
1434 1911 1448 1933 ⁷
1471 1906 1592 1948 deve-2

241 2052 250 2066 ¹
271 2046 689 2086 Auums]Anulus‚infigne
700 2053 764 2083 erat
773 2046 879 2085 eques·
916 2046 947 2075 de
966 2044 1021 2085 Fe(
1036 2044 1065 2074 Cr·
1091 2044 1124 2073 de
1145 2043 1256 2073 Maroc.
1278 2043 1464 2075 Mauritania
1486 2043 1588 2075 Caesa-

201 2085 257 2117 tris
274 2087 453 2125 dignitatis,
466 2095 501 2118 ut
518 2087 635 2118 dietum
644 2087 683 2118 est
703 2087 789 2125 supra
800 2086 874 2116 Hist.
915 2084 1019 2116 ricnfis
1033 2109 1041 2122 ‚
1060 2084 1156 2115 hodie
1174 2084 1198 2112 le
1220 2083 1358 2123 Royaume
1371 2083 1438 2112 [ΓΑ]
1459 2093 1497 2113 er.

201 2127 236 2161 Ι,
255 2136 300 2163 ¹3·
314 2127 407 2158 Varia
425 2126 549 2158 Afiatici
567 2127 629 2157 fata
642 2149 651 2163 ,
663 2125 786 2158 Vitellii
802 2125 877 2155 libi·
953 2130 969 2149 4
990 2127 1136 2155 Aucusro
1161 2134 1261 2154 ιτκιῑτο
1277 2124 1292 2161 ]
1325 2125 1418 2155 Nunc
1451 2134 1465 2152 e
1492 2122 1591 2152 de'troit

202 2165 312 2197 dinem
343 2166 377 2197 ὃ(
410 2165 648 2197 inconstantiam
668 2165 771 2205 paucis
793 2175 878 2196 com-
915 2164 946 2194 cie
963 2164 1121 2195 Gibralzar.
1559 2200 1565 2205 .

201 2205 310 2245 plexus
329 2205 369 2236 est
380 2206 549 2237 Suetonius
565 2206 598 2236 in
618 2205 727 2238 Vitell.
748 2206 818 2235 ΧΠ.
957 2210 965 2231 5
991 2205 1121 2236 Ctuvio
1143 2204 1258 2240 Ruso]
1280 2202 1434 2241 Hispaniae
1454 2203 1587 2237 rcclori,

244 2247 255 2261 ²
280 2247 460 2280 UTRAMQUE
482 2246 728 2277 ΜΑυΚετΑΝιΑΜ
749 2249 760 2279 ]
789 2245 878 2274 Mau-
916 2244 954 2274 dc
975 2254 1037 2283 quo
1059 2243 1145 2282 supra
1159 2243 1234 2273 Hist.
1253 2243 1288 2278 1,
1303 2245 1320 2273 8
1333 2243 1367 2273 δί
1380 2245 1432 2286 7ᾷ.

201 2284 373 2319 letaniam,
396 2284 429 2314 in
449 2285 523 2315 duas
542 2294 640 2324 partes
657 2295 675 2315 a
697 2284 777 2314 Caio
795 2283 878 2314 Cali-
956 2284 969 2302 ⁶
992 2285 1075 2313 JUBAE
1098 2294 1206 2313 noman
1229 2283 1242 2319 ]
1260 2283 1388 2313 Nomen
1408 2289 1488 2312 inter
1504 2280 1589 2310 Mau-

201 2324 274 2363 gula
290 2324 420 2355 divisam
442 2325 578 2356 diximus
603 2325 637 2355 in
654 2324 877 2363 Supplcmcnto
916 2333 1023 2354 rorum
1041 2333 1127 2363 reges
1144 2322 1269 2352 illustre.

202 2364 316 2395 Annal·
342 2365 433 2400 VIII,
459 2375 507 2403 34.
955 2369 967 2389 7
990 2366 1106 2393 Aimizu
1128 2362 1293 2398 FLUMINE]
1310 2360 1414 2391 Hodie
1429 2359 1455 2388 [α
1479 2358 1590 2395 Sanum

243 2408 252 2429 ³
275 2403 463 2434 TJNGiTANAE
477 2416 659 2436 viroviuciffi
675 2404 731 2439 ild
745 2403 783 2434 est
794 2403 878 2433 Maii·
917 2402 954 2432 de
975 2413 1039 2442 quo
1060 2402 1265 2440 fluminei-ain
1276 2401 1363 2441 supra
1376 2399 1488 2430 Annal.
1504 2399 1588 2436 xlii,

200 2441 320 2474 ritaniae
332 2442 527 2483 Tingitanae,
549 2454 634 2477 nunc
663 2444 703 2474 les
726 2444 880 2483 Royaumes
919 2452 966 2482 53.
