2209 3047
386 194 466 238 AD
491 196 715 240 LIBRUM
742 197 795 238 V.
824 197 1004 239 CORN.
1024 197 1169 240 HIST.
1206 199 1253 240 C.
1279 196 1487 240 TACITI.
1555 210 1641 250 577

310 273 380 309 Lex
412 275 551 321 Israelis.
595 277 746 310 Ha-tan
763 301 772 317 ‚
799 274 914 311 Adam
929 305 938 318 ‚
964 277 1085 321 primus
1107 277 1207 311 homo.
1230 277 1313 311 Erat
1345 290 1359 311 e
1387 277 1547 311 Tien—tcho
1576 276 1585 291 ¹
1607 279 1642 312 in

260 322 442 360 Occidente.
465 326 567 360 Judaei
589 326 701 360 habent
719 326 817 373 legem
842 326 878 360 ἓν
896 326 1091 360 traditiones.
1129 327 1198 360 Lex
1221 329 1352 373 quinque
1382 327 1471 360 libris
1500 353 1508 368 ‚
1548 329 1640 373 quin-

260 377 415 420 quaginta
433 386 537 409 autem
566 376 665 408 tribus
682 375 872 421 Jec'it'onibus
894 378 1080 410 continetur.
1103 373 1334 410 Mandarinus
1356 374 1498 411 summis
1520 375 1639 411 laudi-

258 421 324 457 bus
340 423 455 472 legem
478 423 637 466 attollit3
661 427 694 460 δε
712 424 895 473 subjungit
917 437 926 460 τ
949 425 1049 460 Judaei
1062 452 1071 467 ‚
1087 425 1133 458 uti
1153 425 1187 458 ξπ
1206 438 1259 460 nos
1274 451 1283 467 ‚
1304 428 1414 460 caelum
1431 439 1636 462 venerantur.

255 472 378 507 Aubior
394 475 471 522 legis
486 474 667 508 Judaeorum
682 473 724 520 est
737 476 901 508 Abrabam
915 489 928 508 .·
945 487 1039 520 pater
1060 487 1164 508 eorum
1182 474 1233 521 est.
1279 476 1401 523 Moyses
1434 477 1532 523 legem
1558 477 1638 511 hano

255 521 354 557 edidit
373 537 387 556 .·
411 536 517 558 eorum
540 522 583 569 est
597 524 768 571 legislator.
786 524 932 569 Tempore
956 527 1031 559 Han
1047 524 1079 566 ²,
1098 524 1202 560 Judaei
1223 523 1317 570 fixas
1336 526 1424 569 jedes
1454 528 1486 559 in
1514 525 1638 573 Sinenst

256 573 387 617 imperio
405 573 547 607 habuere.
575 578 672 607 Anno
690 571 838 620 vigesimo
855 573 1142 621 Cyclisexagesimi
1165 576 1266 621 quinti
1280 575 1427 615 (Annus
1441 573 1487 610 est
1507 587 1520 610 1
1534 578 1601 623 163
1623 602 1634 618 ,

252 621 388 668 primus
406 621 635 670 Imperatoris
662 624 889 668 Hiao-tsong)
913 623 1016 658 Judaei
1040 624 1194 658 tributum
1221 624 1357 658 telarum
1374 626 1554 659 Indicarum
1573 629 1635 660 Im-

249 675 394 716 peratori
420 673 611 720 Htao-tfimg
639 672 788 706 obtulere.
816 673 951 719 Egregie=
984 675 1131 718 excepti,
1158 673 1316 707 obtinuere
1336 684 1369 706 ut
1391 674 1571 709 habitarent
1600 677 1635 709 in

255 722 329 755 urbe
349 721 601 768 Cai-fong-sou,
634 734 701 769 quoe
729 733 803 756 tunc
831 722 994 756 dicebatur
1018 723 1199 769 Pien-lang.
1232 723 1316 756 Tunc
1345 721 1525 757 Judaeorurn
1542 735 1634 758 erant

243 770 453 816 septuaginta
479 771 573 813 Siris,
603 769 661 806 seu
676 770 831 807 familiae.
858 772 1040 817 Li-pai-se
1071 772 1254 815 exstruxere
1271 802 1279 814 ,
1307 775 1340 806 in
1356 785 1413 819 quo
1426 776 1529 818 Kings
1553 800 1561 815 ‚
1595 773 1634 809 id

251 817 301 854 est
317 818 428 855 libros
449 819 531 855 suos
546 821 744 857 canonicos
762 849 772 864 ,
797 822 964 867 reposuere.
980 820 1078 856 Libri
1094 820 1170 865 illi,
1205 823 1325 868 Kings,
1348 820 1467 870 inquit
1482 822 1633 858 Manda-

250 868 364 912 rinus‚
392 883 452 903 non
467 871 553 916 solos
578 872 701 905 Judaeos
720 871 886 917 speelant,
905 871 963 917 sed
989 884 1092 906 ornnes
1111 873 1271 914 homines,
1299 885 1383 918 reges
1407 873 1443 906 ἐπ’
1463 872 1632 918 subditos,

243 931 394 964 parentes
415 920 451 954 ἕν’
471 920 582 954 liberos
597 947 606 962 ‚
623 921 712 966 senes
727 921 917 967 &juvenen
938 921 1184 969 Quisiluepotesl
1202 924 1233 955 in
1251 925 1289 955 iis
1304 921 1477 967 offleiafita
1491 921 1631 967 ediscere.

245 968 340 1005 Inde
360 969 550 1005 contendit
564 969 744 1004 Judaeorum
757 970 990 1018 Sinensiumque
1009 973 1089 1019 leges
1109 984 1224 1016 parum
1246 970 1369 1017 differre
1384 998 1393 1013 ,
1424 973 1490 1005 cum
1502 971 1632 1017 summa

248 1019 410 1065 earum-sit
426 1021 534 1053 caelum
552 1020 684 1054 adorare
698 1045 707 1061 ,
731 1032 877 1066 parentes
899 1025 1066 1063 venerari,
1087 1032 1225 1055 mortuos
1247 1021 1358 1055 debitis
1381 1022 1547 1055 honoribus
1560 1034 1633 1066 pro-

237 1069 342 1116 sequi.
366 1067 504 1104 Laudat
517 1069 641 1104 Judaeos
655 1097 663 1111 ‚
683 1083 756 1117 quos
787 1073 820 1104 in
849 1073 935 1117 agris
950 1098 959 1113 ,
979 1074 1012 1105 in
1036 1070 1231 1111 mercaturd,
1259 1073 1291 1104 in
1312 1069 1549 1117 magistratibus
1567 1096 1576 1111 ,
1596 1073 1631 1105 in

245 1120 436 1153 exercitibus
448 1147 458 1162 ,
479 1119 542 1165 sud
565 1122 748 1167 integritate
762 1147 772 1162 ,
788 1119 950 1167 fidelitate
967 1151 974 1162 ‚
1000 1121 1035 1155 ἶς’
1051 1120 1281 1164 accuratissima
1296 1119 1631 1165 caerimoniarumsua-

245 1181 318 1203 rum
333 1169 533 1215 observantid
548 1199 555 1211 ,
574 1170 715 1204 omnibus
729 1183 815 1204 caros
829 1170 1012 1218 dileolosque
1030 1169 1223 1206 adseverat.
1254 1168 1411 1204 Demum
1436 1169 1555 1204 subdit
1582 1171 1632 1205 le-

243 1232 314 1266 gem
332 1219 424 1252 illam
439 1219 477 1254 ab
491 1219 614 1254 Adamo
637 1220 678 1254 ad
700 1221 818 1254 Nuova
835 1248 844 1262 ‚
861 1219 944 1256 Noe
956 1247 966 1263 ,
988 1233 1007 1254 a
1030 1221 1096 1254 Noe
1122 1220 1162 1254 ad
1180 1220 1342 1253 Abraham
1354 1245 1362 1259 ‚
1393 1219 1434 1253 ad
1451 1220 1560 1265 Isaac,
1588 1219 1631 1254 ad

246 1268 365 1310 Jacob,
385 1269 426 1303 ad
446 1269 605 1304 duodecim
618 1270 718 1304 tribus
733 1298 741 1313 ,
770 1270 810 1304 ad
827 1271 956 1318 Moysen
968 1297 979 1313 ,
998 1269 1039 1305 ad
1057 1271 1166 1304 Aaron
1180 1295 1190 1312 ,
1219 1269 1261 1303 ad
1275 1269 1385 1316 Jofite,
1412 1268 1453 1303 ad
1470 1270 1603 1316 Esdram
1617 1296 1629 1313 ,

246 1320 300 1366 qui
314 1318 472 1365 altersuit
487 1319 649 1366 legistator
663 1346 672 1361 ‚
690 1320 871 1367 pervenisse.

295 1368 405 1404 Anno
426 1368 520 1414 1663
536 1395 546 1411 ,
564 1368 625 1417 qui
642 1368 814 1404 secundos
831 1381 943 1404 annus
963 1369 1031 1404 fuit
1048 1368 1278 1416 Imperatoris
1297 1368 1461 1415 Kartg-hi,
1481 1380 1630 1416 magnus

242 1416 502 1460 Mandarinus,
530 1417 653 1464 postea
675 1417 814 1466 imperii
841 1417 1063 1459 administer,
1089 1418 1229 1453 tertiam
1255 1416 1530 1464 Inscriptionem
1558 1430 1631 1465 po-

241 1466 323 1502 iuit.
348 1465 404 1501 Ibi
420 1494 429 1509 ‚
458 1465 541 1502 esim
563 1465 682 1502 Adam
698 1494 708 1510 ‚
734 1468 817 1504 Noe
831 1497 838 1509 ‚
864 1467 1045 1502 Abraham
1059 1494 1068 1509 ,
1092 1468 1243 1512 Moysen
1263 1467 1536 1510 memoraverit,
1566 1479 1631 1515 po-

240 1514 408 1551 tiffimilm
433 1515 589 1552 celebrat
604 1543 614 1559 ,
641 1519 794 1551 virtutem
807 1518 970 1552 Abrabam
983 1544 992 1559 ‚
1007 1520 1060 1565 qui
1077 1516 1264 1563 caelumfine
1283 1519 1420 1565 imagine
1433 1547 1441 1558 ‚
1454 1516 1525 1564 fine
1538 1517 1631 1564 figu-

240 1565 280 1600 νά
294 1593 304 1609 ,
334 1566 459 1612 causam
483 1579 588 1600 rerum
614 1568 754 1600 omnium
779 1566 959 1613 effeolricem
985 1568 1021 1601 ἔπ’
1043 1566 1299 1612 conservatricem
1313 1593 1322 1609 ‚
1341 1567 1471 1602 colebat.
1491 1567 1628 1614 Legem,

241 1628 336 1664 quam
363 1617 487 1664 Moyses
508 1618 542 1650 in
567 1627 669 1650 monte
691 1616 780 1651 δι’-πά
806 1619 945 1663 accepit,
974 1615 1156 1664 proedicat.
1178 1616 1258 1663 Ejus
1271 1617 1368 1663 fient,
1397 1615 1513 1664 inquit
1528 1643 1537 1659 ‚
1565 1627 1630 1651 tre-

241 1666 341 1700 decim
367 1666 563 1711 exemplaria
581 1680 595 1699 .·
625 1666 762 1700 aliorum
796 1678 901 1702 autem
937 1668 1089 1700 librorum
1114 1666 1214 1701 decem
1242 1666 1322 1711 sunt
1360 1668 1447 1700 tami.
1485 1667 1628 1711 sempore

239 1716 361 1750 Tcheou
379 1715 389 1734 ³
427 1715 530 1750 Judaei
550 1716 643 1750 Sinas
661 1716 777 1751 adiere.
799 1715 935 1751 Eorum
955 1715 1016 1751 suit
1036 1715 1072 1750 in
1094 1714 1271 1764 religione
1294 1713 1530 1750 constantiam
1552 1715 1628 1750 lau-

242 1764 315 1800 dat.
332 1764 494 1809 Deinde,
514 1764 648 1801 collata
664 1765 872 1802 Judaeorum
899 1764 1166 1813 Sinenfiumque
1193 1763 1415 1800 literatorum
1435 1763 1596 1800 doftrina
1615 1790 1626 1806 ‚

240 1814 292 1851 ait
320 1816 443 1850 nullum
457 1816 562 1862 ferme
588 1813 641 1863 (ste
664 1816 826 1861 discrimen
853 1819 886 1850 in
910 1817 977 1851 caelt
999 1816 1108 1857 cultu,
1139 1817 1171 1849 in
1198 1813 1308 1861 officiis
1331 1817 1407 1849 vitoe
1434 1815 1563 1856 civilis,
1591 1818 1627 1850 in

240 1866 428 1908 honoribus,
459 1867 569 1913 quibus
595 1877 732 1900 mortuos
747 1865 881 1913 statutis
917 1865 1106 1911 temporibus
1137 1865 1378 1912 prosequuntur.
1403 1864 1574 1899 Sabbatum
1606 1876 1627 1899 a

239 1914 417 1962 Sinenfibus
428 1915 523 1963 ffflffi
543 1918 719 1963 antiquitus
741 1916 937 1962 observatum
964 1916 1152 1950 aufioritate
1175 1916 1325 1949 librorum
1348 1915 1447 1960 Kings
1469 1912 1624 1949 adstruit.

239 1964 451 2011 Quinetiam
463 1964 624 2000 adfirmat
634 1966 786 2002 Iudaicas
801 1967 909 2001 literas
923 1965 965 2000 ad
978 1963 1296 2010 veteremSinenstum
1309 1965 1627 2010 literarumjortnam

238 2015 390 2059 accedere.
407 2015 495 2050 Mox
518 2014 594 2050 fuse
617 2025 734 2050 narrat
750 2015 975 2051 obsidionem
996 2013 1091 2049 urbis
1111 2013 1334 2061 Caifongfffoit
1349 2040 1357 2055 ‚
1378 2024 1475 2048 anno
1500 2014 1597 2059 1642
1614 2038 1625 2053 ‚

239 2076 315 2114 quo
334 2064 575 2113 gubernator,
604 2064 795 2114 desperatis
812 2065 936 2107 rebus,
966 2064 1099 2105 moles,
1123 2074 1250 2100 contra
1268 2062 1421 2098 fluminis
1439 2064 1622 2107 Hoang-ho

237 2113 447 2152 eluvionem
469 2113 651 2163 oppositas
667 2142 678 2159 ‚
715 2114 865 2163 disjecit.
889 2113 1021 2151 Eversa
1052 2112 1156 2149 urbs:
1183 2123 1327 2149 centum
1361 2111 1474 2148 millia
1500 2111 1623 2147 homi-

275 2206 283 2218 ¹
305 2199 421 2223 Observat
432 2199 500 2222 Pater
513 2197 603 2222 Gaubil
620 2199 644 2222 in
658 2198 814 2231 descriptione
827 2207 913 2231 regno·
952 2198 1004 2222 satis
1016 2197 1174 2222 conveniunt.

240 2241 293 2257 rum
305 2232 498 2256 Occidentalium
513 2249 518 2259 ‚
534 2240 586 2264 quae
598 2233 622 2256 in
633 2233 722 2256 sinenfi
735 2233 840 2257 Historifi
860 2236 914 2256 sar·
987 2238 995 2250 ι
1018 2233 1054 2255 Dc
1077 2230 1192 2262 Dynastia
1216 2230 1270 2255 Han
1282 2248 1287 2257 ,
1309 2232 1334 2254 δέ
1353 2237 1459 2261 tempore
1475 2237 1524 2261 quo
1545 2227 1622 2251 Judaei

239 2275 347 2291 rarorum
359 2266 553 2290 Occidentalium
566 2268 824 2296 reperirunrnemomd
841 2268 912 2299 quin·
953 2265 1011 2289 fixa<
1023 2266 1084 2289 sedes
1099 2267 1122 2288 in
1144 2265 1244 2296 imperio
1256 2263 1346 2288 Sinensr
1368 2265 1470 2287 inbuere
1486 2263 1575 2286 dictum
1588 2263 1620 2285 cst

260 2308 288 2324 ue
312 2301 420 2332 regiones
441 2299 571 2331 appellatas
586 2299 707 2324 Tien-rcho
728 2318 733 2326 .
752 2309 853 2333 quarum
866 2309 913 2324 nna
951 2299 983 2323 est
995 2300 1064 2331 supra
1076 2317 1081 2326 ,
1104 2306 1157 2331 pag.
1174 2303 1228 2326 567.

241 2309 347 2367 Zefignat
372 2335 494 2366 regionem
514 2335 617 2357 vicinam
634 2334 736 2357 Medinae
745 2352 750 2361 ‚
769 2336 847 2365 patria:
859 2335 911 2357 Ma·
986 2339 994 2356 3
1017 2334 1054 2357 De
1067 2332 1182 2363 Dynastia
1192 2331 1281 2356 Tcheou
1291 2331 1379 2355 dicrum
1390 2331 1420 2354 est
1432 2327 1603 2367 quoquesupra
1612 2345 1620 2355 .

242 2368 345 2392 humeris
364 2377 369 2390 :
385 2368 507 2399 regionem
528 2368 587 2391 hanc
607 2376 672 2392 nunc
689 2368 735 2392 dici
750 2367 808 2392 Tien
819 2368 911 2399 -Jlmgz
951 2375 1004 2398 pag.
1014 2371 1067 2397 567.
1081 2366 1140 2390 Sane
1150 2367 1349 2390 commerciorum
1361 2363 1429 2388 causi
1440 2366 1504 2387 Sin-15
1517 2363 1620 2400 primum

243 2401 303 2425 olim
315 2409 423 2426 vocatam
434 2400 499 2426 fuisse
518 2400 577 2427 Tien
589 2401 671 2434 -Tang
683 2419 688 2428 ,
706 2402 728 2425 id
750 2402 781 2425 cst
803 2402 852 2425 caeli
873 2410 913 2432 pa-
951 2400 1027 2424 adiere
1045 2400 1129 2424 Judaei.
1146 2399 1251 2423 Tantum
1262 2401 1356 2431 vigucxe
1370 2399 1429 2421 olim
1449 2399 1520 2428 utque
1532 2404 1556 2420 ιιι
1574 2403 1619 2419 ex-

243 2433 336 2460 latium.
364 2436 421 2459 Haec
438 2443 493 2459 cum
513 2435 653 2465 Palaestina,
675 2435 769 2461 Atabiae
784 2434 895 2468 proxima
905 2452 912 2464 ,
952 2442 1036 2460 tremas
1048 2441 1113 2459 tertoe
1125 2441 1177 2460 oras
1189 2433 1331 2458 commercia
1346 2434 1351 2455 2

369 2489 477 2532 Tom.
509 2490 589 2533 III.
1270 2487 1310 2527 D
1325 2486 1349 2527 d
1365 2485 1388 2527 d
1402 2485 1428 2526 d
