2209 3047
596 178 683 222 234
855 170 903 211 c,
970 168 1387 211 CORNELII
1456 165 1735 212 TACITI

593 251 664 290 bus
696 256 730 289 ¹:
761 264 888 303 neque
914 250 994 305 ipse
1019 250 1153 291 deerat
1182 246 1407 303 arrogantia
1430 263 1575 288 vocare
1601 249 1770 290 offensas
1787 279 1799 299 ‚
1827 251 1970 292 nimius

458 303 571 377 *85⁰
596 313 984 363 commemorandis,
1010 328 1091 367 quae
1116 313 1327 353 meruisset.
1355 328 1375 348 (ε
1406 309 1523 351 Alios
1551 328 1572 347 »
1598 325 1643 351 ut
1672 328 1693 347 «
1721 311 1901 352 imbelles
1928 330 1973 362 »,

483 400 505 422 J·
524 357 555 421 ἶς’,
603 393 624 412 «
644 376 847 416 Coecinam
868 393 889 412 >›
917 389 961 415 ut
988 393 1009 412 «
1031 377 1234 431 captivum
1256 389 1302 414 ac
1322 374 1557 414 dediticium
1585 377 1598 394 ²
1626 391 1647 410 »
1675 375 1867 430 increpat.
1890 375 1976 414 Un-

492 454 544 482 70·
597 439 646 479 de
671 437 876 494 paullatim
901 437 1028 479 levior
1052 437 1248 492 viliorque
1272 436 1434 488 haberi,
1458 449 1644 477 manente
1668 450 1802 478 tamen
1825 438 1866 477 in
1888 437 1977 492 spe-

600 502 704 541 ciem
730 500 917 542 amicitia.

662 564 882 604 LXXXI.
918 565 1008 605 PER
1033 579 1100 604 eos
1127 563 1306 613 menses,
1334 562 1474 617 quibus
1505 563 1766 618 Vespasianus
1801 560 1978 602 Alexan-

602 626 692 667 driae
716 628 832 668 statos
855 628 990 667 aestivis
1015 626 1172 666 flatibus
1200 631 1209 653 ³
1238 626 1320 666 dies
1335 655 1348 676 ,
1374 630 1414 667 δε
1438 640 1545 667 certa
1569 627 1685 666 maris
1701 655 1714 676 ,
1743 623 1980 681 opperieba-

601 703 666 730 tur
681 719 694 739 ,
721 688 845 730 multa
872 688 1065 729 miracula
1086 694 1103 717 4
1127 703 1322 738 evenere,
1353 689 1437 742 quis
1463 688 1547 730 caeli
1569 689 1708 739 favor,
1741 692 1781 729 &
1806 687 1982 742 quaedam

602 753 645 792 in
673 752 955 807 Vespasianum
985 750 1195 791 inclinatio
1225 752 1433 791 numinum
1459 751 1740 792 ostenderetur.
1774 750 1836 790 Ex
1864 749 1982 806 plebe

603 813 874 855 Alexandrina
906 814 1066 868 quidam
1082 843 1094 863 ,
1121 812 1333 854 oculorum
1357 814 1448 854 tabe
1473 828 1618 864 notus,
1647 829 1776 869 genua
1798 812 1882 865 ejus
1912 812 1981 853 ad-

604 876 807 925 volvitur,
836 893 858 912 «
888 877 1108 917 remedium
1136 878 1322 917 caecitatis
1347 894 1367 913 »
1395 877 1616 932 exposcens
1645 878 1798 931 gemitu
1825 880 1869 925 5,
1895 889 1984 915 mo—

604 941 690 979 nitu
717 939 915 994 Serapidis
942 938 958 960 ⁶
985 939 1049 979 dei
1064 968 1077 988 ,
1107 953 1225 992 quem
1251 939 1385 980 dedita
1406 938 1746 995 superstitionibus
1767 953 1865 993 gens
1891 951 1984 978 ante

604 1001 704 1042 alios
731 1001 852 1043 colit:
882 1000 1194 1056 precabaturque
1219 1002 1473 1057 Principem,
1505 1019 1527 1038 «
1554 1014 1598 1041 ut
1625 1015 1745 1056 genas
1773 1005 1813 1042 &
1840 999 1986 1042 oculo-

605 1080 723 1104 »rum
749 1063 863 1104 orbes
889 1064 1116 1118 dignaretur
1149 1064 1374 1120 respergere
1402 1065 1480 1105 oris
1509 1077 1767 1105 excremento
1794 1081 1838 1104 >›.
1868 1062 1986 1104 Alius

605 1143 768 1168 manum
794 1142 893 1181 aeger
921 1131 963 1177 ⁷,
1003 1127 1145 1168 eodem
1172 1126 1249 1168 deo
1277 1129 1461 1178 auCtore,
1496 1145 1518 1165 (t
1543 1141 1588 1168 ut
1615 1127 1716 1184 pede
1743 1143 1790 1168 ac
1818 1127 1985 1181 vestigio

606 1190 802 1230 »Caesaris
828 1188 1050 1231 calcaretur
1074 1209 1118 1241 n,
1147 1190 1296 1232 orabat.
1322 1191 1582 1247 Vespasianus
1612 1193 1741 1247 primo
1770 1190 1939 1230 inridere
1973 1218 1987 1238 ,

608 1253 833 1309 aspernari;
862 1267 978 1308 atque
1003 1252 1082 1294 illis
1108 1254 1338 1295 instantibus
1353 1284 1366 1305 ,
1392 1254 1515 1295 modo
1534 1254 1680 1294 famam
1699 1254 1884 1294 vanitatis
1906 1266 1989 1292 me-

608 1330 749 1366 tuere,
777 1317 900 1357 modo
938 1316 1214 1358 obsecratione
1240 1318 1415 1372 ipsorum
1431 1347 1444 1368 ,
1484 1321 1524 1358 ὅ(
1549 1316 1718 1358 vocibus
1743 1315 1990 1356 adulantium

610 1380 653 1418 in
679 1379 786 1434 spem
811 1379 970 1420 induci:
997 1381 1194 1434 postremo
1222 1381 1433 1420 existimari
1459 1395 1479 1419 a
1504 1380 1669 1420 medicis
1694 1378 1832 1431 jubet,
1861 1393 1910 1419 an
1933 1390 1992 1418 ta-

613 1440 661 1481 lis
700 1442 855 1483 caecitas
881 1457 928 1483 ac
965 1441 1148 1483 debilitas
1177 1457 1253 1498 ope
1272 1441 1444 1483 humana
1469 1441 1707 1498 superabiles
1732 1441 1876 1482 forent.
1904 1441 1992 1480 Me-

614 1503 696 1544 dici
719 1504 826 1545 varie
853 1504 1055 1545 disserere:
1083 1521 1105 1541 ‹<
1128 1506 1240 1546 Huic
1266 1521 1348 1546 non
1375 1505 1531 1546 exesam
1555 1506 1637 1545 vim
1657 1504 1818 1544 luminis
1835 1533 1848 1554 ,
1875 1508 1915 1544 ὃς
1934 1517 1994 1543 re-

616 1566 819 1607 »dituram
837 1596 848 1615 ‚
864 1568 890 1606 si
910 1565 1155 1623 pellerentur
1171 1567 1383 1608 obstantia:
1409 1567 1470 1607 illi
1495 1566 1648 1623 elapsos
1676 1568 1718 1606 in
1745 1582 1911 1622 pravum
1935 1581 1995 1606 ar·-

616 1642 711 1669 »tus
721 1659 733 1678 ,
753 1629 780 1667 si
799 1629 962 1670 salubris
983 1631 1041 1671 vis
1058 1630 1293 1671 adhibeatur
1305 1660 1317 1681 ,
1335 1630 1442 1686 poffe
1456 1631 1657 1685 integrari.
1673 1630 1720 1670 Id
1735 1630 1891 1670 fortasse
1906 1643 1996 1669 cor-

616 1707 638 1729 >2
650 1691 688 1732 di
712 1692 795 1734 deis
811 1723 824 1744 ,
851 1697 891 1734 &
919 1692 1056 1733 divino
1081 1694 1300 1734 ministerio
1326 1690 1340 1714 8
1367 1694 1597 1750 Principem
1615 1691 1783 1733 eleisum
1801 1693 1995 1746 :denique

659 1789 667 1802 ¹
693 1784 826 1814 Pmoms
858 1793 943 1815 vna:
969 1794 1152 1816 cmmunws
1170 1787 1185 1823 ]
1208 1785 1288 1817 Vide
1368 1787 1381 1805 ⁶
1403 1786 1534 1816 Momm
1555 1784 1996 1823 SERAP11>1s]Mosfuitaegr0-

619 1822 704 1861 supra
722 1823 795 1852 Hist.
817 1824 865 1860 II,
890 1825 940 1854 86.
1329 1824 1368 1855 tis
1380 1849 1389 1862 ,
1410 1824 1546 1855 maxime
1569 1835 1585 1854 e
1598 1825 1689 1863 plebe
1703 1848 1712 1861 ‚
1727 1825 1919 1855 sacerdotum
1936 1823 1995 1852 ins-

660 1866 669 1878 ²
694 1863 870 1893 CAPTWUM
892 1874 929 1893 ac
952 1864 1174 1901 nemi-icum]
1194 1866 1289 1904 Supra
1329 1864 1425 1894 tinetu
1439 1888 1448 1900 ,
1465 1864 1538 1894 cibo
1559 1872 1699 1902 potuque
1719 1863 1888 1897 abstinere,
1905 1862 1995 1892 &su-

621 1900 693 1950 Hisl.
715 1902 776 1937 ΙΙΙ,
803 1912 839 1938 ¹4
861 1901 895 1932 δε
915 1912 963 1939 31.
1330 1913 1382 1942 per
1398 1903 1539 1934 caesarum
1551 1903 1746 1933 vidlimarum
1758 1903 1852 1941 pelles
1869 1901 1902 1930 in
1918 1909 1994 1930 tem-

695 1941 836 1971 AEsrxvxs
859 1943 1037 1979 narinus]
1059 1941 1182 1979 Quibus
1207 1950 1290 1973 certa
1330 1942 1388 1980 plis
1427 1941 1592 1980 AEsculapii
1615 1966 1624 1979 ‚
1657 1941 1809 1980 Serapidis
1826 1964 1836 1977 ‚
1870 1941 1995 1970 cubare.

621 1978 713 2021 mar-is
736 1979 891 2018 incipiunt
910 1980 962 2010 die
981 1980 1066 2011 sexto
1082 1982 1291 2012 Kalendarum
1329 1981 1411 2011 Hinc
1427 1982 1606 2019 jejunorum
1623 1981 1919 2018 cerebrosorumque
1934 1979 1996 2009 ho-

620 2019 781 2061 Jumarurn
793 2041 802 2054 ,
818 2018 849 2047 id
867 2019 907 2048 est
919 2019 968 2049 die
982 2030 1021 2057 27
1037 2019 1131 2058 Maii·,
1150 2020 1292 2051 desinunt
1330 2020 1450 2050 minum
1471 2020 1552 2050 visus
1563 2043 1572 2055 ,
1595 2020 1733 2054 somnia,
1753 2029 1820 2059 quae
1837 2027 1996 2058 tamquam

622 2064 726 2086 autem
747 2057 797 2087 die
823 2058 1292 2090 odavodecimofflalendarum
1331 2059 1381 2089 dei
1401 2059 1524 2090 monita
1545 2059 1748 2089 habebantur.

623 2095 810 2125 OCmbrium
830 2118 838 2131 ,
870 2097 920 2127 seu
945 2097 996 2127 die
1030 2109 1067 2135 14
1093 2099 1291 2137 Septembris.
1370 2104 1382 2123 7
1405 2099 1527 2128 Manum
1548 2103 1659 2132 Aeeta]
1675 2097 1773 2128 Aliter
1785 2096 1950 2127 Suetonius
1963 2095 1998 2126 in

623 2134 705 2165 Vide
716 2135 815 2165 Notas
828 2136 1000 2166 &Emend.
1015 2138 1053 2167 ad
1072 2137 1145 2167 Hist.
1166 2140 1225 2174 IV,
1243 2142 1292 2169 81.
1331 2137 1451 2176 Vespas.
1467 2139 1536 2169 VII.
1551 2136 1662 2173 Eplebe
1677 2136 1784 2175 quidam
1796 2135 1942 2165 luminibus
1954 2145 1997 2164 or-

663 2178 678 2196 4
700 2174 812 2204 ΜυιτΑ
845 2185 1009 2205 ΜιΜευιΑ
1029 2177 1043 2212 ]
1074 2178 1155 2207 Εἰιῐῃ
1185 2178 1223 2207 de
1247 2177 1293 2207 his
1332 2176 1432 2212 barus,
1455 2176 1519 2206 irem
1542 2176 1614 2205 alius
1641 2175 1721 2205 debili
1743 2185 1842 2212 crure,
1857 2174 1996 2214 sedentem

623 2212 796 2250 Vespasiani
821 2214 975 2244 miraculis
1000 2215 1092 2253 paulo
1115 2216 1238 2255 longius
1257 2216 1293 2247 fit
1328 2226 1376 2253 pro
1405 2215 1537 2244 tribunali
1567 2215 1672 2252 pariter
1707 2213 1835 2244 adierunt
1851 2235 1861 2249 ‚
1886 2222 1997 2243 orantes

624 2251 829 2282 disserendum
842 2275 849 2287 ,
870 2253 943 2283 vide
968 2255 1066 2284 Notas
1084 2255 1117 2285 ὃς
1138 2255 1291 2286 Emenda-
1330 2265 1403 2291 opem
1417 2254 1586 2284 valetudinis
1605 2253 1813 2294 demonstratam
1829 2262 1847 2281 a
1860 2251 1995 2289 Serapide

622 2291 729 2321 tiones
742 2291 780 2320 ad
799 2290 874 2320 Hist.
897 2293 957 2327 lV,
981 2295 1028 2322 81.
1328 2304 1376 2331 per
1401 2294 1525 2332 quierem.

666 2335 674 2355 5
701 2330 858 2366 Gfimru]
892 2334 952 2360 Aut
977 2332 1145 2368 redundat,
1163 2333 1291 2371 gemitu3
1367 2333 1380 2353 ⁸
1400 2334 1520 2364 D1v1uo
1544 2333 1805 2369 ni1u1sTER10]Et
1815 2329 1887 2360 huic
1910 2329 1997 2358 divi-

623 2376 677 2398 aut
694 2368 860 2408 legendum
877 2370 979 2408 gemitu
999 2370 1141 2399 remedium
1158 2372 1293 2400 caecitaris
1331 2382 1372 2402 no
1397 2372 1567 2403 ministerio
1590 2371 1765 2411 Principem
1791 2379 1808 2401 a
1826 2369 1890 2400 deis
1911 2368 1996 2399 desti-

625 2407 778 2448 equfiens.
791 2406 910 2440 Durum
925 2409 1017 2440 nimis
1026 2433 1035 2448 ,
1044 2410 1166 2450 gemitu,
1178 2411 1290 2441 monitu.
1330 2419 1447 2442 natum.

2011 827 2060 853 10

2016 1140 2062 1177 15

2015 1456 2069 1482 20
