2230 3047
109 842 162 870 10

106 1156 158 1197 15

101 1476 158 1506 20

100 1792 154 1833 25

97 2101 158 2146 '30

351 176 826 223 HISTORIARUM
857 174 1054 217 LIBER
1092 174 1384 219 TERTIUS.
1493 189 1570 229 175

191 260 346 305 vinetus
372 265 480 313 erat)
510 258 752 309 exsolvunt,
780 270 1001 313 orantque,
1025 273 1048 294 «
1072 270 1117 298 ut
1138 258 1261 299 causae
1284 260 1357 300 suae
1386 258 1576 316 depreca-

190 340 288 368 »tor
318 325 468 367 adsistat
493 341 534 365 »:
569 324 864 380 Aspernantem
884 334 1187 374 tumentemque
1206 328 1242 373 ¹,
1273 322 1448 365 lacrimis
1485 323 1576 364 fati-

192 403 303 445 gant.
323 388 559 430 Extremum
574 387 793 437 malorum,
813 399 877 427 tot
894 385 1090 428 fortiffimi
1105 385 1207 435 viri,
1226 387 1440 441 proditoris
1456 402 1575 443 opem

193 454 431 494 invocantes
448 470 455 492 :
475 465 574 492 mox
592 449 818 491 velamenta
844 454 884 491 ὃ(
904 448 1050 490 infulas
1065 452 1079 470 ²
1093 477 1107 499 ,
1129 463 1203 504 pro
1228 450 1348 489 muris
1365 451 1575 492 ostentant.

195 515 301 556 Cum
326 516 529 557 Antonius
550 513 760 553 «inhiberi
778 512 858 554 tela
874 531 895 550 »
917 511 1076 565 jussisset
1088 541 1102 563 ,
1120 511 1228 566 signa
1249 511 1476 566 aquilasque
1504 529 1577 555 ex-

192 578 345 621 tulere:
367 579 542 619 maestum
563 576 777 617 inermium
803 591 946 632 agmen
960 605 975 628 ,
1002 574 1162 628 dejeffls
1183 576 1226 614 in
1258 587 1402 615 terram
1420 576 1578 629 oculis.

191 641 442 697 sequebatur.
480 640 825 682 Circumstiterant
858 641 1027 681 victores
1047 669 1061 690 ‚
1096 643 1137 680 ὃ(
1171 639 1301 694 primo
1340 638 1577 692 ingerebant

193 705 363 762 probra,
387 703 639 746 intentabant
663 703 782 744 ictus:
810 717 907 744 mox
937 717 981 743 ut
1005 701 1168 759 praeberi
1197 717 1266 742 ora
1288 702 1544 744 contumeliis
1561 733 1575 754 ‚

195 772 263 818 &‚
285 765 410 824 polita
438 768 549 808 omni
579 763 757 816 ferocia,
793 768 934 807 cun&a
961 767 1056 806 vieti
1081 764 1361 822 patiebantur,
1390 764 1495 806 subit
1518 781 1576 806 re-

195 831 379 872 cordatio
391 860 404 882 ,
421 829 513 872 illos
533 829 610 871 effe
624 859 638 880 ,
662 830 730 883 qui
748 844 875 885 nuper
891 828 1076 870 Bebriaci
1093 830 1264 869 vicioriae
1284 829 1576 884 temperassent.

193 894 275 936 Sed
296 893 366 934 ubi
385 894 546 936 Caecina
557 922 572 944 ,
592 891 781 948 praetexta
806 891 1088 947 lieloribusque
1111 892 1273 947 insignis
1286 921 1300 942 ‚
1327 890 1479 933 dimota
1494 905 1577 933 tur-

193 955 272 1008 ba,
303 956 446 999 consul
472 956 651 1006 incessit,
681 956 860 998 exarsere
893 957 1091 997 vffitores:
1122 972 1143 992 (ε
1175 955 1398 1012 superbiam
1418 984 1430 1005 ‚
1464 956 1575 997 saevi-

190 1022 400 1075 »tiamque
424 1037 446 1059 >2
479 1024 490 1071 (
516 1020 616 1061 adeo
633 1018 759 1060 invisa
787 1018 937 1062 scelera
970 1020 1088 1069 sunt)
1110 1019 1230 1059 etiam
1269 1036 1290 1055 «
1308 1019 1513 1074 perfidiam
1529 1037 1575 1070 >›,

193 1082 457 1136 objefilabant.
481 1082 647 1124 Obstitit
662 1083 864 1125 Antonius
877 1112 890 1135 ,
907 1083 1086 1137 datisque
1100 1081 1394 1134 defensoribus,
1411 1083 1459 1123 ad
1474 1083 1575 1125 Ves-

192 1141 393 1204 pafianum
413 1147 570 1188 dimisit.

254 1210 464 1252 XXXII.
504 1211 648 1251 PLEsss
689 1209 850 1250 interim
894 1209 1226 1251 Cremonensium
1262 1210 1365 1250 inter
1401 1222 1574 1250 armatos

189 1272 516 1317 conflictabatur:
540 1288 618 1314 nec
652 1271 796 1329 procul
826 1273 931 1313 ccede
948 1272 1137 1323 aberant,
1164 1276 1255 1314 cum
1285 1272 1469 1328 precibus
1498 1273 1571 1313 du-

191 1352 286 1378 cum
301 1338 506 1393 mitigatus
529 1338 583 1378 est
606 1335 735 1378 miles.
763 1335 815 1377 Et
835 1350 1003 1377 vocatos
1031 1336 1080 1377 ad
1106 1337 1349 1377 concionem
1369 1337 1574 1377 Antonius

190 1399 447 1455 adloquitur,
473 1400 689 1456 magnifice
713 1400 882 1441 vffiores
903 1429 917 1450 ,
947 1401 1074 1441 vicstos
1088 1430 1101 1451 ,
1134 1398 1378 1440 clementer:
1403 1400 1452 1440 de
1480 1399 1575 1439 Cre-

189 1462 311 1505 mona
335 1465 378 1504 in
407 1476 593 1504 neutrum
618 1469 646 1504 ³.
673 1462 910 1513 Exercitus,
937 1476 1077 1520 praeter
1099 1463 1253 1504 insitam
1283 1462 1481 1519 praedandi
1501 1477 1574 1503 cu-

189 1527 395 1583 pidinem,
421 1540 557 1568 vetere
586 1526 682 1568 odio
701 1526 750 1567 ad
780 1526 983 1567 excidium
1007 1526 1337 1568 Cremonensium
1366 1525 1573 1566 incubuit:

188 1589 329 1643 juvisse
353 1603 482 1647 partes
507 1589 745 1633 Vitellianas
760 1619 774 1640 ,
801 1590 981 1632 Othonis
1003 1605 1161 1645 quoque
1182 1588 1293 1631 bello
1308 1620 1320 1640 ‚
1351 1588 1571 1631 credeban-

188 1666 276 1695 tur:
311 1667 408 1695 mox
431 1654 781 1695 tertiadecimanos
807 1682 820 1703 ‚
854 1653 905 1694 ad
928 1653 1207 1695 exstruendum
1234 1655 1574 1709 amphitheatrum

188 1716 348 1759 relic-Itos
364 1722 408 1768 4,
433 1731 479 1758 ut
510 1718 601 1758 sunt
628 1717 816 1774 procacia
842 1716 998 1758 urbanae
1025 1716 1152 1773 plebis
1177 1718 1365 1771 ingenia,
1388 1714 1571 1772 petulan-

187 1779 293 1822 tibus
319 1779 458 1835 jurgiis
482 1779 714 1822 inluserant.
743 1781 870 1822 Auxit
889 1781 1082 1822 invidiam
1112 1780 1264 1821 editum
1287 1778 1374 1821 illic
1395 1794 1416 1819 a
1442 1778 1574 1819 Caeci-

187 1841 240 1885 na
264 1842 532 1899 gladiatorum
560 1842 829 1899 speciaculum
852 1849 864 1876 5
881 1873 894 1895 ,
922 1844 1141 1898 eademque
1168 1842 1296 1883 rursus
1315 1842 1412 1884 belli
1434 1842 1574 1888 sedes;

187 1910 232 1948 ὃ(
269 1906 423 1964 praebiti
462 1908 505 1947 in
536 1909 624 1948 acie
648 1905 880 1949 Vitellianis
909 1907 1016 1954 cibi3
1048 1906 1150 1948 caescc
1187 1906 1363 1961 quasdam
1389 1905 1572 1954 feminae,

187 1970 317 2012 studio
337 1971 506 2027 partium
525 1970 573 2011 ad
597 1970 786 2026 proelium
811 1970 1039 2026 progressas:
1063 1983 1220 2026 tempus
1240 1983 1399 2024 quoque
1419 1982 1573 2009 merca·-

187 2034 251 2075 tfis
267 2063 279 2084 ‚
300 2034 425 2075 ditem
445 2033 624 2088 alioquin
656 2033 862 2076 coloniam
877 2064 889 2085 ,
911 2032 1063 2086 majore
1086 2049 1209 2090 opum
1230 2033 1363 2089 specie
1393 2030 1571 2087 comple-

189 2095 270 2139 bat.
291 2097 427 2138 Ceteri
447 2097 568 2138 duces
588 2098 630 2138 in
646 2096 843 2139 obscuro:
864 2098 1091 2138 Antonium
1111 2097 1271 2138 fortuna
1285 2096 1468 2151 famaque
1482 2109 1571 2136 om-

187 2251 256 2275 tum
274 2253 411 2280 nomen,
437 2244 599 2283 affixasque
622 2244 771 2283 imagines
800 2244 859 2276 Vi-
899 2244 952 2283 pra
973 2243 1048 2274 Hist.
1069 2245 1101 2281 Ι,
1120 2247 1170 2275 66.

135 2310 140 2315 .
187 2282 270 2314 tellii
284 2283 486 2314 amoliuntur.
502 2285 577 2314 Inde
594 2293 670 2314 mox
684 2283 770 2323 signa
782 2284 859 2323 aqui·
939 2289 949 2309 3
974 2285 1007 2313 Iu
1029 2284 1205 2320 murnum]
1224 2284 1337 2323 Neque
1361 2283 1399 2314 ad
1422 2281 1570 2318 salutem,

188 2322 278 2362 lafilue
299 2322 429 2353 extulere.
899 2333 1002 2361 neque
1021 2323 1060 2352 ad
1077 2323 1211 2353 ruinam.

231 2367 239 2381 ¹
263 2363 536 2400 Tumnurfflqun]
558 2363 605 2392 De
625 2361 682 2392 hac
701 2372 783 2393 voce
798 2362 859 2401 jam
938 2367 953 2385 4
973 2363 1131 2392 Ruicros
1148 2365 1160 2400 ]
1179 2363 1273 2401 Supra
1285 2362 1357 2391 Hist.
1373 2362 1418 2396 ΙΙ,
1443 2364 1494 2397 67.

190 2400 307 2431 dictum
328 2401 416 2440 supra
436 2402 509 2431 Hist.
532 2403 578 2435 ΙΙ,
598 2412 645 2439 32.
941 2407 949 2428 5
974 2403 1229 2440 SPECTAcuLUM]
1263 2403 1330 2432 Jam
1362 2406 1572 2430 memoratum

227 2444 241 2459 ²
263 2441 460 2473 VELAMENTA
484 2451 521 2472 rr
542 2443 696 2479 mrums]
718 2440 798 2473 Vide
815 2440 861 2472 su·
901 2440 975 2472 Hist.
994 2442 1040 2479 11,
1056 2451 1108 2479 70.

1600 275 1715 290 =

1600 316 1630 341 A.
1640 317 1669 340 U.
1683 317 1715 341 C.

1620 363 1693 392 822.

1624 419 1646 443 J.
1660 419 1690 443 C.

1629 466 1681 499 69.
