2209 3047
490 263 604 286 Ξ

491 298 607 323 ΔΗΕ.

511 347 583 381 823.

513 396 534 419 J.
547 395 576 419 C.

517 450 569 478 70.

630 161 713 218 27⁴8
877 165 925 206 C.
993 161 1411 207 CORNELI-I
1473 163 1765 208 TACITI

626 259 818 296 vocatos,
846 247 902 286 ita
939 243 1186 300 adloquitur:
1214 263 1236 283 ‹<
1262 246 1407 298 Neque
1440 258 1517 299 ego
1545 259 1735 299 umquam
1771 245 1998 291 facundiam

625 310 843 355 »exercui;
876 312 915 349 &
933 308 1074 365 populi
1094 310 1271 351 Romani
1294 309 1482 348 virtutem
1505 309 1621 349 armis
1647 308 1852 349 adfirmavi
1874 316 1901 350 ¹.
1919 313 1998 354 Sed

625 374 748 428 »quia
767 371 873 428 apud
890 387 962 414 vos
982 371 1101 413 verba
1120 371 1336 428 plurimum
1354 369 1510 422 valent,
1529 371 1712 425 bonaque
1732 387 1778 413 ac
1797 372 1900 413 mala
1917 389 1998 416 non

626 435 725 478 »sua
742 433 904 487 natura,
922 435 990 477 sed
1008 435 1176 477 vocibus
1195 434 1473 475 seditiosorum
1492 435 1748 482 aestimantur3
1769 436 1881 476 statui
1900 451 1999 492 pau-

625 515 706 540 »ca
734 499 939 549 disserere,
966 514 1048 553 quae
1063 529 1075 548 ‚
1104 498 1318 553 profligato
1342 496 1481 548 bello,
1506 498 1642 539 utilius
1670 498 1715 538 fit
1735 497 1850 539 vobis
1876 498 2000 540 audis-
2022 508 2047 551 ς

626 562 717 612 nse,
739 561 857 616 quam
878 561 993 603 nobis
1013 562 1161 602 dixiffe.
1182 561 1347 602 Terram
1365 561 1530 602 vestram
1538 592 1552 611 ‚
1573 575 1878 615 ceterorumque
1902 560 2001 602 Gal-

624 643 646 664 ‚2
657 624 813 676 lorum,
837 625 993 680 ingreffi
1022 625 1112 665 sunt
1138 624 1258 665 duces
1294 624 1628 680 imperatoresque
1655 625 1860 674 Romani,
1890 621 2001 664 nulla

624 689 846 744 »cupidine
859 717 872 737 ‚
898 687 966 728 sed
991 685 1205 738 majoribus
1232 687 1365 727 vestris
1387 686 1696 738 invocantibus,
1725 702 1825 741 quos
1853 687 2002 728 discor-

625 751 728 793 »diae
747 751 870 804 usque
890 750 938 791 ad
957 751 1124 791 exitium
1144 749 1387 804 fatigabant:
1407 755 1448 791 &
1468 752 1589 791 acciti
1605 749 1756 791 auxilio
1780 750 1972 790 Germani
1986 777 2000 800 ,

625 814 776 856 »sociis
805 813 950 868 pariter
975 826 1091 867 atque
1115 812 1289 853 hostibus
1323 813 1554 854 servitutem
1578 813 1859 869 imposuerant.
1887 815 2003 868 Quot
2032 825 2082 852 10

627 875 812 933 »proeliis
837 875 1020 916 adversus
1049 875 1234 916 Cimbros
1257 876 1545 930 Teutonosque
1576 880 1591 897 ²
1607 906 1621 926 ,
1663 877 1819 930 quantis
1848 877 2004 916 exerci-

628 957 650 978 »
661 953 774 981 tuum
801 938 1023 979 nostrorum
1047 937 1273 988 laboribus,
1296 954 1426 992 quove
1451 952 1600 979 eventu
1629 938 1872 979 Germanica
1899 937 2006 978 bella

627 1002 954 1043 »tractaverimus
967 1030 980 1051 ,
1007 1001 1098 1041 satis
1123 999 1287 1042 clarum.
1313 1003 1406 1042 Nec
1430 1001 1522 1041 ideo
1545 1002 1737 1042 Rhenum
1759 1000 1975 1042 insedimus
1990 1028 2006 1051 ,

629 1083 651 1103 >›
662 1079 705 1105 ut
720 1063 879 1104 Italiam
892 1077 1111 1105 tueremur:
1132 1064 1198 1104 sed
1212 1078 1261 1104 ne
1275 1065 1360 1118 quis
1374 1063 1472 1105 alius
1486 1064 1705 1104 Ariovistus
1721 1068 1731 1092 ³
1743 1092 1756 1113 ,
1770 1078 1896 1117 regno
1912 1062 2006 1104 Gal-

630 1127 805 1168 »liarum
824 1128 1032 1182 potiretur.
1048 1128 1113 1167 An
1133 1142 1205 1168 vos
1224 1128 1394 1168 cariores
1411 1125 1535 1167 Civili
1550 1126 1788 1180 Batavisque
1807 1130 1846 1166 &
1865 1126 2006 1167 Trans·
2035 1139 2049 1164 1
2062 1135 2083 1175 5

629 1191 847 1232 »rhenanis
875 1189 1060 1244 gentibus
1095 1189 1280 1240 creditis,
1310 1189 1427 1244 quam
1460 1188 1674 1241 majoribus
1712 1203 1851 1229 eorum
1876 1202 2006 1245 patres

629 1254 804 1307 »avique
828 1254 943 1294 vestri
967 1253 1150 1294 fuerunt?
1170 1252 1320 1293 Eadem
1339 1253 1494 1310 semper
1512 1252 1628 1294 causa
1651 1253 1861 1293 Germanis
1884 1251 2009 1292 trans-

631 1316 863 1358 »cendendi
891 1317 933 1356 in
964 1315 1115 1357 Gallias
1131 1345 1144 1366 ,
1171 1315 1297 1356 libido
1319 1330 1436 1370 atque
1466 1317 1651 1365 avaritia,
1678 1319 1717 1356 &
1742 1315 1937 1356 mutandae
1956 1314 2011 1355 se-

631 1379 723 1420 »dis
749 1394 879 1420 amor:
906 1392 949 1419 ut
971 1379 1114 1420 relic'hs
1143 1377 1352 1434 paludibus
1373 1384 1414 1420 ὃ(
1436 1378 1714 1419 solitudinibus
1734 1378 1811 1419 suis
1825 1407 1839 1427 ,
1866 1378 2010 1418 fecun-

631 1442 941 1483 »cundiffimurn
960 1444 1041 1482 hoc
1064 1442 1193 1482 solum
1206 1471 1220 1492 ,
1247 1442 1395 1495 vosque
1420 1442 1525 1497 ipsos
1547 1441 1797 1498 possiderent.
1819 1440 2009 1481 Ceterum
2033 1457 2087 1486 20

632 1504 846 1555 >›libertas,
869 1509 907 1545 ὃ(
927 1505 1105 1561 speciosa
1120 1506 1283 1545 nomina
1299 1518 1581 1560 praetexuntur:
1603 1519 1678 1545 nec
1697 1504 1902 1558 quisquam
1921 1502 2013 1543 alie-

632 1585 654 1605 »
666 1583 761 1608 num
779 1568 981 1609 servitium
995 1597 1007 1617 ‚
1033 1571 1072 1608 ὃς
1092 1568 1411 1608 dominationem
1430 1566 1500 1608 fibi
1519 1568 1754 1623 concupivit
1766 1596 1780 1617 ‚
1798 1580 1842 1607 ut
1858 1581 1941 1607 non
1953 1580 2012 1607 ea-

634 1630 760 1672 »dem
786 1631 853 1671 ista
881 1629 1081 1672 vocabula
1104 1631 1321 1686 usurparet.

697 1694 916 1735 LXXIV.
950 1711 972 1730 »
998 1694 1174 1735 REGNA
1205 1693 1389 1748 bellaque
1416 1708 1486 1749 per
1511 1691 1664 1734 Gallias
1689 1692 1842 1748 semper
1866 1691 1976 1732 fuere
1997 1719 2013 1742 ,

635 1756 799 1798 »donec
818 1758 860 1797 in
882 1758 1056 1797 nostrum
1076 1755 1135 1808 jus
1156 1756 1442 1798 concederetis.
1460 1758 1550 1797 Nos
1566 1786 1578 1806 ,
1604 1770 1843 1810 quamquam
1864 1756 2012 1795 totiens
2036 1767 2088 1810 25

636 1819 831 1861 »laceffiti
842 1848 856 1869 ,
882 1817 968 1871 jure
991 1821 1162 1860 vicioriae
1184 1820 1224 1860 id
1250 1819 1379 1860 solum
1399 1818 1513 1860 vobis
1540 1819 1761 1860 addidimus
1782 1823 1801 1846 4
1814 1847 1827 1868 ,
1849 1832 1928 1871 quo
1950 1832 2014 1873 pa-

637 1897 758 1924 »cem
781 1896 994 1923 tueremur.
1013 1884 1122 1924 Nam
1146 1897 1275 1936 neque
1299 1884 1409 1937 quies
1435 1884 1641 1937 gentium,
1668 1881 1748 1922 fine
1772 1882 1916 1926 armis;
1942 1895 2014 1920 ne-

636 1946 745 2000 »qu'e
764 1961 900 1997 arma,
925 1946 1005 1987 fine
1028 1946 1254 2003 stipendiis;
1280 1960 1408 1999 neque
1431 1946 1621 2001 stipendia
1635 1975 1649 1996 ,
1671 1945 1750 1985 fine
1770 1943 1926 1984 tributis
1947 1945 2014 1984 ha-

679 2065 688 2079 ¹
712 2061 818 2092 Anius
840 2062 1052 2098 anrinuavr]
1076 2060 1196 2092 Eodem
1222 2060 1307 2092 sensu
1385 2066 1394 2086 3
1419 2062 1644 2094 Aaxowsms]
1664 2058 1832 2090 Ariovistus
1849 2082 1858 2094 ,
1881 2059 2013 2089 Germa-

639 2098 751 2130 Livius
774 2101 925 2137 XXVIII,
953 2111 1003 2139 27.
1034 2100 1100 2130 Non
1125 2100 1192 2139 qudd
1224 2100 1305 2130 verba
1345 2110 1458 2129 norum
1480 2109 1555 2135 rex,
1577 2099 1693 2130 Gallias
1723 2097 1899 2135 occupavit.
1930 2098 2010 2128 Vide

640 2148 765 2177 umquam
780 2140 885 2175 potius,
906 2142 984 2177 quim
1001 2149 1045 2168 τες
1062 2140 1236 2168 exercuerim.
1344 2139 1461 2170 Julium
1482 2139 1648 2176 Caesarem,
1674 2138 1752 2169 Bell.
1777 2137 1860 2167 Gall.
1877 2139 1910 2172 l,
1926 2147 1959 2175 3¹
1979 2137 2014 2169 ὃς

681 2183 694 2197 ²·
717 2179 861 2208 Crunnos
891 2180 1124 2215 Tmrososquss
1147 2183 1157 2212 ]
1191 2179 1237 2209 De
1261 2178 1306 2209 his
1345 2179 1432 2218 seqq.

642 2216 732 2247 bellis
751 2217 896 2247 adversus
916 2219 1062 2248 Cimbros
1080 2220 1115 2249 ὃς
1142 2219 1306 2249 Teutonos
1385 2224 1400 2241 ⁴
1420 2221 1516 2248 Voms
1540 2226 1724 2247 annuamus
1738 2218 1752 2254 ]
1768 2217 1808 2246 Ea
1823 2217 1942 2246 tantuin
1955 2224 2013 2245 vo-

642 2255 716 2286 vide
747 2257 904 2286 Velleium
932 2257 1124 2287 Paterculum
1142 2259 1169 2287 Il
1181 2278 1190 2290 ‚
1229 2260 1246 2287 8
1273 2258 1307 2289 &
1345 2257 1392 2287 bis
1415 2256 1615 2297 imposuimus
1633 2255 1749 2286 tributa
1763 2279 1771 2291 ‚
1789 2265 1855 2294 quae
1869 2255 1907 2284 ad
1923 2263 2013 2284 tuen-

643 2305 690 2324 12.
710 2295 903 2326 Plutarchum
922 2295 954 2325 in
972 2296 1070 2326 Mario
1084 2319 1092 2330 ‚
1107 2307 1166 2332 4¹9
1179 2296 1305 2336 &seqq
1346 2296 1417 2326 darn
1433 2306 1541 2336 pacem
1561 2304 1647 2326 erant
1673 2294 1848 2325 neceffaria.
1871 2294 1917 2336 De
1941 2293 2015 2323 Gal-

639 2334 744 2364 Paucis
766 2335 799 2365 ὃ(
815 2335 979 2373 ingeniose
997 2335 1046 2366 Cl.
1067 2335 1192 2370 Mallet,
1213 2335 1307 2364 Intro-
1346 2335 1455 2366 liarum
1477 2336 1600 2366 tributis
1613 2334 1727 2363 difium
1742 2334 1782 2364 est
1799 2333 1886 2371 supra
1900 2342 1931 2361 m
1947 2332 2015 2361 No-

640 2371 786 2445 dufigznsci
810 2373 943 2415 l'fflstoire
962 2373 994 2404 de
1013 2373 1306 2414 Dannemarckfflag.
1345 2374 1384 2404 tis
1401 2376 1436 2407 ὃς
1455 2373 1737 2405 Emendationibus
1749 2373 1786 2403 ad
1798 2371 1909 2402 Annal.
1930 2371 2015 2408 Xlll,

644 2422 676 2450 13
756 2422 828 2452 eqq.
1348 2423 1399 2451 50.
