2230 3047
470 277 585 291 ΞΣ

472 303 504 327 Α.
517 303 545 326 U.
557 303 586 327 C.

493 352 564 380 822.

496 407 517 429 J.
530 407 560 430 C.

503 457 556 488 69.

618 187 667 214 10
862 171 910 211 C.
969 169 1393 212 CORNELII
1446 169 1757 212 TACITI

611 252 708 294 alter
735 251 969 291 deterrimus
999 249 1259 302 mortalium,
1291 251 1389 293 alter
1415 251 1683 306 ignaviffimus
1706 280 1719 300 ‚
1750 250 1845 291 odio
1872 247 1989 305 flagi-

610 319 757 359 tiorum
785 313 1029 365 onerabant,
1059 328 1296 370 contemptu
1331 317 1479 355 inerti-a:
1517 313 1777 355 destruebant.
1811 313 1990 354 Tardum

613 377 749 419 Galbae
777 379 852 418 iter
877 382 905 427 ¹,
930 381 970 418 &
997 391 1236 429 cruentum,
1263 378 1477 419 interfectis
1501 377 1708 433 Cingonio
1736 378 1918 418 Varrone
1938 379 1952 396 ²
1975 403 1990 426 ,

610 439 774 484 consule
800 440 1028 495 designato,
1054 445 1094 481 &
1119 442 1309 482 Petronio
1332 440 1596 497 Turpiliano³
1625 470 1639 491 ,
1667 438 1891 480 consulari:
1916 437 1987 478 ille

607 518 651 545 ut
673 504 913 559 Nymphidii
934 504 1065 544 socius
1082 533 1094 554 ‚
1119 505 1187 545 hic
1208 517 1252 544 ut
1275 504 1356 544 dux
1377 505 1553 545 Neronis
1567 533 1579 554 ‚
1604 503 1773 544 inauditi
1795 515 1912 555 atque
1932 504 1988 542 in-

608 567 776 617 defensi,
801 579 1002 620 tamquam
1021 569 1257 608 innocentes
1279 567 1488 623 perierant.
1504 567 1696 608 Introitus
1717 568 1758 606 in
1778 564 1927 606 Urbem
1943 569 1962 592 4
1974 593 1989 615 ‚

605 630 811 672 trucidatis
836 642 899 670 tot
930 628 1105 670 millibus
1132 631 1344 671 inermium
1367 629 1541 670 militum
1558 659 1570 680 ‚
1602 630 1788 670 infaustus
1823 629 1958 668 omine
1974 656 1988 678 ,

607 708 726 747 atque
749 693 836 749 ipsis
865 694 982 734 etiam
999 722 1012 743 ,
1039 694 1106 747 qui
1131 693 1390 744 occiderant,
1417 692 1712 733 formidolosus.
1740 690 1904 732 Inducta
1930 688 1988 730 le-

606 759 728 812 gione
753 755 958 812 Hispanas
987 786 1000 807 ,
1032 769 1262 796 remanente
1288 754 1362 806 ea,
1392 770 1509 810 quam
1532 771 1553 796 e
1574 755 1690 797 classe
1712 754 1728 777 ⁶
1747 757 1862 796 Nero
1886 768 1987 794 con·

605 819 813 875 scripserat
826 848 838 869 ‚
866 818 984 874 plena
1003 818 1104 859 Urbs
1127 820 1308 859 exercitu
1328 818 1492 859 insolito
1509 836 1515 859 z
1541 818 1658 859 multi
1680 819 1728 859 ad
1747 820 1828 859 hoc
1848 831 1987 857 nume-

605 885 638 923 ri
664 888 678 910 ⁷
707 898 728 922 e
753 880 968 923 Germania
995 897 1041 922 ac
1068 880 1298 931 Britannia,
1324 885 1363 923 ὃ(
1385 880 1578 935 Illyrico,
1610 897 1707 936 quos
1734 881 1841 922 idem
1872 882 1986 921 Nero

606 945 752 986 eleetos
787 944 1074 1001 praemiffosque
1106 945 1154 985 ad
1188 943 1352 985 claustra
1393 943 1626 1000 Caspiarum
1655 942 1696 994 ⁸,
1732 949 1772 985 &
1800 942 1987 992 bellum,

606 1009 714 1063 quod
738 1009 778 1047 in
809 1006 988 1048 Albanos
1015 1007 1175 1063 parabat
1199 1013 1215 1036 9
1236 1037 1248 1057 ,
1275 1008 1546 1064 opprimendis
1573 1007 1758 1050 Vindicis
1787 1007 1932 1062 coeptis
1951 1009 1985 1028 ¹0

603 1084 883 1112 revocaverat:
911 1072 1052 1125 ingens
1081 1072 1196 1111 novis
1224 1070 1339 1111 rebus
1368 1072 1561 1122 materia,
1589 1084 1634 1111 ut
1675 1085 1771 1111 non·
1788 1071 1832 1110 in
1859 1083 1984 1109 unum

604 1134 780 1188 aliquem
805 1148 934 1190 prono
961 1134 1125 1184 favore,
1153 1135 1206 1174 ita
1235 1134 1395 1174 audenti
1419 1146 1552 1189 parata
1574 1139 1620 1174 ¹¹.

668 1198 774 1238 VII.
809 1199 979 1238 FORTE
1006 1210 1271 1251 congruerat,
1317 1210 1361 1237 ut
1391 1196 1528 1237 Clodii
1556 1197 1716 1245 Macri,
1749 1199 1790 1236 ὅ(
1822 1196 1983 1237 Fonteii

604 1261 813 1315 Capitonis
840 1263 871 1282 ¹²
899 1259 1022 1300 caedes
1050 1261 1337 1301 nuntiarentur.
1360 1261 1548 1300 Macrum
1576 1261 1616 1300 in
1631 1258 1769 1299 Africa
1786 1258 1891 1299 haud
1914 1258 1986 1298 du·-

603 1322 669 1364 bie:
694 1322 949 1373 turbantem,
994 1321 1218 1364 Trebonius
1257 1324 1535 1373 Garucianus,
1573 1335 1837 1379 procurator,
1884 1319 1986 1372 jussu

603 1436 689 1467 diurn
697 1437 851 1475 praefectus
861 1435 1071 1475 praetoriarum
1081 1437 1271 1469 cohortium.
1311 1446 1413 1478 portas
1429 1437 1554 1475 lberiae,
1570 1437 1620 1468 seu
1635 1435 1802 1468 Caucasias.
1823 1436 1912 1466 Unde
1922 1435 1982 1465 Pli-

602 1477 682 1507 Vide
700 1477 955 1516 Supplementum
982 1477 1094 1507 Annal.
1115 1478 1209 1513 XVI,
1231 1489 1268 1516 93
1311 1478 1379 1508 nius
1400 1479 1460 1514 VI,
1485 1488 1530 1515 13.
1548 1476 1731 1516 Corrigendus
1750 1475 1785 1515 est
1798 1486 1872 1521 error
1883 1475 1911 1504 in
1933 1477 1982 1504 hoc

602 1516 637 1547 ὃ(
657 1518 707 1551 96-
1311 1517 1366 1546 loco
1385 1517 1544 1553 multorum,
1566 1527 1655 1545 eorum
1670 1516 1753 1545 eriam
1773 1525 1816 1553 qut
1834 1515 1862 1544 in
1880 1514 1981 1543 Arme-

644 1560 651 1573 ¹
680 1557 777 1588 ITER]
798 1555 868 1584 Hoc
890 1554 948 1585 iter
967 1563 1122 1585 narratum
1143 1555 1176 1585 in
1198 1559 1272 1596 Sup-
1310 1557 1359 1586 nid
1388 1566 1430 1585 res
1455 1556 1577 1593 proxime}
1607 1566 1665 1584 cum
1690 1554 1841 1584 Corbulone
1866 1555 1980 1594 geffere.

602 1594 762 1633 plemento
782 1594 894 1623 Annal.
917 1596 1008 1631 XVI,
1029 1606 1080 1631 92.
1310 1596 1437 1635 Namque
1454 1596 1481 1624 hi
1496 1595 1611 1634 Caffiiczs
1624 1595 1794 1632 appellavere
1812 1602 1908 1631 portas
1919 1593 1982 1622 Ibe-

640 1638 651 1651 ²
676 1634 836 1663 Cmoomo
864 1635 1021 1663 VARRONE
1040 1638 1051 1668 ]
1097 1634 1177 1664 Vide
1197 1635 1272 1673 Sup—
1311 1636 1379 1669 riae,
1395 1645 1462 1674 quas
1483 1634 1634 1674 Caucafias
1650 1635 1769 1664 diximus
1779 1632 1980 1672 vocari:firujl

602 1672 794 1711 plementum
814 1672 927 1701 Annal.
949 1674 1039 1708 XVI,
1055 1684 1091 1710 93
1114 1674 1147 1703 ὃς
1163 1685 1214 1711 94.
1311 1685 1359 1714 que
1377 1673 1474 1711 depic‘li
1499 1673 1528 1703 &
1556 1673 1619 1704 inde
1637 1673 1718 1713 mzffi,
1744 1674 1792 1702 hoc
1811 1683 1905 1702 nomen
1929 1672 1981 1711 ins:

643 1718 651 1737 3
677 1713 837 1741 PETRONIO
858 1712 1084 1746 Tummmuo]
1107 1713 1186 1743 Vide
1199 1715 1272 1752 Sup-
1312 1713 1544 1751 criptumhabent.
1558 1713 1595 1742 Et
1607 1714 1730 1743 Neronis
1742 1712 1883 1749 Principis
1906 1722 1980 1740 [07η-

601 1751 793 1789 plementum
814 1751 928 1781 Annal.
950 1753 1042 1788 XVl,
1065 1754 1099 1782 81
1120 1752 1154 1782 ὃς
1167 1763 1218 1790 94.
1310 1754 1444 1790 minatio,
1457 1751 1493 1781 ad
1507 1752 1619 1791 Caspias
1630 1762 1725 1789 portas
1737 1751 1846 1782 tendere
1869 1750 1980 1780 diceba-

642 1795 656 1812 4
677 1792 848 1833 lui-nonve
885 1801 915 1820 lu
946 1792 1056 1820 URBEM
1088 1795 1099 1825 ]
1133 1791 1180 1822 De
1209 1791 1271 1822 hoc
1311 1802 1374 1822 tur:
1400 1794 1459 1821 tum
1482 1801 1584 1828 peteret
1607 1792 1690 1827 illas,
1712 1802 1770 1831 quae
1791 1802 1840 1828 per
1859 1790 1979 1820 Iberiam

601 1837 732 1859 cruento
746 1836 878 1859 1nt101tu
899 1829 985 1868 plura
998 1830 1030 1860 in
1046 1830 1269 1870 Supplemcnto
1310 1832 1338 1861 in
1369 1831 1518 1861 Sarmatas
1546 1830 1661 1860 rendunt
1684 1855 1693 1868 ‚
1716 1831 1765 1861 vix
1791 1831 1842 1860 ullo
1870 1839 1979 1867 propter

600 1868 715 1898 Annal.
735 1869 825 1901 XVI,
841 1878 894 1907 95.
950 1879 954 1883 “
1309 1870 1437 1910 oppqslros
1459 1879 1562 1900 montes
1588 1870 1665 1900 aditu
1687 1870 1722 1899 ad
1743 1870 1870 1909 Caspium
1892 1879 1978 1900 mare.

641 1913 649 1935 5
676 1908 819 1951 larem-NE
840 1908 982 1938 ΗῙΞΡΑΝΑ
1003 1913 1014 1943 ]
1049 1910 1171 1946 Quam,
1197 1911 1268 1939 cum
1310 1913 1416 1950 Itaque
1439 1910 1575 1940 Claustra
1594 1910 1647 1941 illa
1670 1910 1868 1948 Caspiarum,
1891 1919 1975 1941 nunc

601 1957 639 1990 P<
660 1945 807 1990 Hrspamei
840 1956 1047 1978 reverteretur
1068 1971 1077 1985 ‚
1116 1948 1268 1979 comitem
1308 1949 1401 1989 Testis.
1424 1950 1505 1981 Vide
1517 1950 1629 1979 Annal.
1651 1950 1712 1985 vl,
1737 1959 1784 1987 33.

599 1994 719 2016 mneris
742 1985 901 2016 habuerat.
1347 1995 1360 2013 9
1382 1991 1414 2019 In
1438 1991 1582 2019 ALBANOS
1606 1999 1746 2019 PARABAT
1768 1993 1778 2023 ]
1798 1987 1877 2019 Vide
1898 1989 1978 2027 Sup-

624 2027 652 2068 .⁶
676 2027 775 2062 QUAM
796 2037 811 2055 E
828 2037 937 2056 crasse:
955 2030 965 2060 ]
989 2027 1036 2056 De
1061 2025 1117 2056 hac
1140 2025 1268 2064 legione
1308 2029 1500 2068 plementum
1522 2029 1633 2058 Annal.
1661 2030 1753 2063 XVI,
1773 2039 1813 2066 47
1828 2029 1861 2058 &
1877 2038 1928 2064 74.

598 2065 672 2108 wde
688 2064 943 2108 Supplementum
969 2066 1083 2096 Annal.
1109 2067 1198 2103 XVI,
1215 2077 1266 2105 95.
1349 2074 1375 2087 ¹⁰
1399 2070 1522 2098 Coems
1535 2068 1601 2102 ]De
1614 2068 1724 2107 quibus
1737 2067 1852 2097 dictum
1863 2067 1930 2097 satis
1942 2066 1977 2096 in

598 2103 633 2134 &
650 2103 730 2133 infra
747 2104 818 2133 Hrst.
834 2106 863 2140 1,
885 2115 916 2142 31
935 2105 967 2135 &
986 2116 1032 2144 37.
1221 2144 1226 2149 1
1258 2099 1273 2122 l
1307 2108 1528 2146 Supplemento
1554 2107 1665 2137 Annal.
1682 2108 1772 2142 XVI,
1788 2111 1827 2137 66
1842 2107 1876 2137 ὃ(
1891 2106 1975 2144 seqq.

640 2148 652 2168 7
674 2144 779 2174 Mum
808 2154 849 2173 AD
877 2155 937 2174 noc
964 2155 1084 2175 nummu
1110 2148 1121 2178 ]
1145 2143 1266 2175 Galhce
1347 2153 1371 2166 ¹¹
1396 2149 1540 2177 Aumznrx
1563 2147 1821 2180 PARATA]Tanta
1836 2146 1882 2175 vis
1894 2145 1975 2174 mili-

594 2181 727 2222 plqsieurs
742 2192 819 2226 corp?r
843 2181 875 2211 de
892 2192 1009 2227 froupes.
1028 2184 1159 2214 Numeri
1182 2183 1267 2227 dice·
1306 2194 1372 2216 tum
1395 2194 1458 2217 erat
1476 2186 1584 2225 ingens
1607 2185 1699 2216 novis
1722 2187 1811 2215 rebus
1834 2184 1972 2215 materia.

598 2222 711 2265 bantur
744 2222 860 2252 mlhtes
891 2232 923 2251 ιη
948 2223 1072 2254 ordines
1103 2223 1265 2262 descrlpti:
1307 2226 1409 2256 Prono
1435 2225 1519 2256 enirn
1544 2225 1653 2256 favore
1671 2225 1701 2255 in
1726 2235 1821 2255 unum
1839 2224 1976 2262 aliquem

598 2268 717 2305 tirones
732 2263 828 2297 vero,
842 2262 984 2292 nondum
1002 2263 1034 2293 in
1054 2262 1179 2293 ordines
1191 2263 1266 2292 rela-
1306 2275 1371 2295 non
1401 2265 1639 2304 propendebant
1658 2289 1667 2302 ‚
1698 2264 1749 2294 sed
1777 2263 1974 2294 audacissimo

598 2307 632 2329 n.
655 2301 736 2331 Vide
754 2300 840 2339 supra
860 2302 972 2331 Annal.
997 2303 1044 2335 11,
1058 2305 1096 2341 78
1113 2302 1146 2332 8(
1165 2305 1212 2332 80.
1305 2304 1417 2343 cuique
1446 2315 1550 2343 parere
1568 2312 1653 2334 erant
1669 2303 1775 2342 parati.

637 2339 648 2358 ⁸
670 2341 717 2369 AD
746 2350 904 2370 CLAUSTRA
928 2341 1114 2371 CASPIARUM
1134 2346 1145 2375 ]
1169 2342 1265 2372 Com-
1344 2347 1371 2362 ¹²
1395 2346 1512 2374 CLoml
1535 2344 1639 2373 MAcm
1664 2355 1699 2373 nr
1720 2344 1855 2373 Fonrmr
1882 2342 1974 2371 CAPI-

595 2377 729 2409 minatio
743 2379 869 2418 quidem
883 2380 1129 2411 Neronisfuerat
1143 2381 1182 2410 ad
1194 2391 1265 2419 por-
1303 2393 1392 2413 Toms
1417 2388 1426 2418 J
1458 2383 1536 2413 Vide
1568 2383 1827 2422 Supplementum
1859 2380 1974 2411 AnnaI,

595 2424 638 2447 tas
661 2418 781 2457 Caspias
802 2429 809 2448 z
838 2418 889 2450 sed
914 2429 1021 2452 revera
1054 2420 1202 2452 tendebat
1225 2420 1263 2451 ad
1302 2423 1389 2460 XVI,
1406 2433 1446 2462 77
1466 2423 1499 2455 ὃς
1521 2433 1572 2460 92.

2021 829 2068 855 10

2018 1141 2066 1180 ¹5
