2230 3047
674 191 759 215 200
957 174 1004 214 C.
1072 174 1439 216 CORNELII
1504 176 1773 217 TACITI

733 255 906 295 LXIX.
941 255 1446 304 PRAEVENERATrumor,
1467 271 1489 290 «
1503 254 1645 307 ejurari
1660 255 1706 296 ab
1721 270 1769 296 eo
1786 257 1996 312 imperium
2009 276 2048 302 »ι

638 321 644 329 ’
672 319 955 373 scripseratque
971 317 1131 359 Flavius
1146 318 1314 360 Sabinus
1332 318 1562 358 cohortium
1576 318 1764 369 tribunis,
1785 336 1806 356 «
1822 332 1866 359 ut
1881 320 2049 362 militem

670 398 691 418 >›
703 381 939 422 cohiberent
955 399 975 418 >2
988 413 997 422 .
1012 382 1140 437 Igitur
1157 396 1356 434 tamquam
1379 382 1507 421 omnis
1522 381 1746 437 respublica
1761 383 1802 421 in
1821 383 2049 438 Vespasiani

669 445 793 484 smum
811 445 972 485 ceffisset
984 475 997 495 ‚
1023 447 1214 500 primores
1230 444 1402 493 senatus,
1421 448 1459 484 ὅ(
1475 443 1654 501 plerique
1671 446 1856 498 equestris
1872 446 2020 486 ordinis
2034 474 2048 495 ‚

668 508 876 562 omnisque
890 507 1002 548 miles
1019 508 1220 556 Urbanus,
1239 510 1278 546 ὅ(
1293 505 1455 561 vigiles,
1472 507 1635 548 domum
1650 507 1778 548 Flavii
1791 507 1927 548 Sabini
1943 523 2049 555 com-
2108 514 2137 552 5.

669 570 830 626 plevere
846 589 853 611 :
880 569 979 611 illuc
996 571 1043 611 de
1061 571 1192 610 studiis
1206 568 1344 624 vulgi,
1367 574 1407 609 ὃς
1425 572 1541 611 minis
1555 572 1885 611 Germanicarum
1903 572 2050 612 cohor-

668 635 770 674 tium
791 634 975 675 adfertur.
997 635 1175 687 Longius
1194 631 1273 684 jam
1302 633 1522 688 progressus
1548 648 1655 684 erat,
1678 632 1793 687 quam
1823 648 1866 674 ut
1891 634 2048 689 regredi

670 697 816 753 posset:
848 702 887 738 ὃς
904 698 974 737 suo
992 697 1153 750 quisque
1174 709 1283 735 metu
1297 725 1309 745 ,
1334 711 1383 736 ne
1406 695 1587 748 disje<stos
1601 728 1613 747 ,
1639 698 1768 751 eoque
1796 699 1924 738 minus
1945 696 2047 738 vali-

668 760 977 811 dos‚Vitelliani
993 759 1330 808 consectarentur,
1344 761 1594 800 cunctantem
1609 762 1649 800 in
1659 775 1763 801 arma
1774 759 2047 816 impellebant.

668 824 748 864 Sed
763 823 870 877 quod
882 824 923 862 in
940 821 1134 874 ejusmodi
1150 822 1265 862 rebus
1282 823 1429 863 accidit
1444 853 1457 873 ,
1487 822 1695 863 confilium
1712 824 1759 863 ab
1775 823 1959 864 omnibus
1977 823 2044 863 da·
2081 835 2093 859 1
2107 834 2130 862 ο

668 900 753 927 tum
767 888 840 936 est,
867 884 1089 941 periculum
1108 887 1223 941 pauci
1252 886 1462 941 sumpsere.
1492 886 1611 926 Circa
1637 885 1770 927 lacum
1798 885 1982 927 Fundani
2008 891 2017 906 ¹
2033 914 2047 936 ,

666 948 999 990 descendentibus
1013 979 1026 998 ,
1051 950 1117 1002 qui
1134 948 1325 989 Sabinum
1342 948 1636 990 comitabantur
1649 979 1662 999 ‚
1688 951 1845 990 armatis
1862 978 1874 998 ‚
1901 962 2047 988 occur-

667 1027 759 1053 runt
777 1012 1063 1068 promptissimi.
1080 1012 1295 1052 Modicum
1311 1011 1365 1051 ibi
1382 1011 1569 1067 proelium
1583 1043 1596 1062 ,
1618 1013 1837 1068 improviso
1851 1010 2047 1061 tumultu,

667 1076 735 1116 sed
755 1075 985 1131 prosperum
1005 1073 1232 1116 Vitellianis
1263 1074 1350 1114 fuit.
1369 1074 1537 1127 Sabinus
1553 1105 1564 1124 ‚
1588 1089 1629 1114 re
1652 1073 1804 1130 trepida
1818 1105 1830 1124 ‚
1856 1074 1962 1128 quod
1984 1087 2048 1114 tu-

667 1139 853 1180 tiffimum
871 1153 891 1178 e
907 1137 1180 1193 praesendbus,
1198 1153 1328 1178 arcem
1347 1137 1541 1193 Capitolii
1558 1141 1571 1158 ²
1588 1138 1732 1178 insedit
1748 1136 1896 1187 milite,
1915 1141 1954 1177 ὃ(
1969 1138 2051 1190 qui-
2083 1154 2095 1178 1
2108 1151 2130 1190 ς

668 1201 831 1243 busdam
847 1201 1071 1242 senatorum
1089 1202 1346 1254 equitumque
1361 1216 1372 1248 3
1397 1216 1564 1254 quorum
1594 1203 1758 1241 nomina
1773 1200 1927 1241 tradere
1944 1200 2050 1240 haud

669 1278 899 1321 promptum
917 1266 970 1304 est
982 1294 995 1314 ‚
1020 1265 1207 1318 quoniam
1221 1265 1369 1304 viEtore
1383 1265 1623 1320 Vespasiano
1638 1294 1650 1314 ‚
1675 1264 1791 1304 multi
1806 1264 1846 1304 id
1864 1264 2049 1304 meritum

667 1343 762 1382 erga
783 1340 909 1383 partes
930 1326 1173 1367 simulavere.
1188 1326 1404 1367 Subierunt
1420 1327 1611 1368 obfidium
1633 1329 1751 1368 etiam
1769 1327 1923 1367 feminae
1946 1328 2049 1367 inter

668 1406 763 1445 quas
783 1391 954 1430 maxime
974 1390 1159 1444 insignis,
1182 1389 1384 1431 Verulana
1407 1390 1585 1431 Gracilia
1599 1420 1611 1440 ‚
1637 1405 1765 1445 neque
1781 1389 1927 1431 liberos
1943 1418 1955 1439 ‚
1977 1404 2049 1429 ne-

670 1469 746 1507 que
763 1455 1026 1509 propinquos,
1046 1453 1112 1493 sed
1128 1451 1279 1492 bellum
1296 1453 1442 1493 secuta.
1459 1452 1701 1495 Vitellianus
1718 1452 1851 1503 miles,
1873 1449 2049 1493 custodia
2076 1470 2133 1497 20

669 1517 829 1557 socordi
846 1515 1001 1556 clausos
1020 1515 1285 1556 circumdedit
1298 1546 1310 1566 ,
1335 1516 1463 1570 eoque
1478 1546 1490 1566 ,
1519 1514 1718 1557 concubia
1738 1518 1872 1565 nocie,
1896 1516 1985 1556 suos
2001 1514 2048 1554 li-

666 1579 784 1621 beros
805 1584 814 1607 ³
833 1578 1001 1620 Sabinus
1017 1608 1030 1629 ,
1058 1583 1097 1619 &
1119 1579 1399 1619 Domitianum
1415 1579 1542 1619 fratris
1558 1578 1685 1619 filium
1701 1610 1713 1629 ‚
1744 1580 1784 1618 in
1799 1577 2049 1634 Capitolium

668 1644 841 1692 acc1vit‚
865 1642 978 1682 misso
1009 1656 1077 1697 per
1105 1640 1284 1696 negleEia
1309 1642 1358 1682 ad
1386 1641 1600 1683 Flavianos
1624 1642 1746 1683 duces
1775 1643 1917 1682 nuntio
1936 1671 1950 1692 ,
1980 1642 2047 1695 qui

674 1724 696 1743 «
713 1706 980 1747 circumsideri
1001 1705 1105 1760 ipsos
1122 1734 1134 1755 ,
1158 1709 1198 1744 &
1211 1735 1223 1755 ‚
1247 1706 1288 1744 ni
1307 1704 1582 1745 subveniretur
1596 1735 1607 1755 ‚
1634 1707 1754 1746 arcias
1771 1720 1830 1746 res
1847 1723 1867 1742 »
1891 1705 2049 1745 nuntia-

666 1783 738 1810 ret.
756 1771 930 1810 No&em
946 1768 1047 1809 adeo
1064 1769 1237 1821 quietam
1256 1769 1338 1822 egit
1352 1798 1363 1817 ‚
1393 1782 1435 1808 ut
1452 1768 1616 1823 degredi
1633 1769 1710 1808 sme
1729 1767 1833 1808 noxa
1850 1769 2046 1823 potuerit:
2075 1783 2128 1821 25

666 1834 814 1888 quippe
830 1830 943 1872 miles
956 1829 1114 1873 Vitellii
1130 1831 1313 1871 adversus
1336 1831 1512 1886 pericula
1528 1831 1659 1881 ferox,
1677 1830 1878 1871 laboribus
1897 1835 1935 1871 ὅ(
1952 1831 2050 1885 vigi-

668 1894 731 1935 liis
749 1911 886 1950 parum
901 1896 1075 1935 intentus
1094 1907 1197 1935 erat:
1222 1898 1261 1934 ὅ(
1280 1893 1466 1935 hibernus
1482 1893 1608 1935 imber
1623 1895 1786 1951 repente
1802 1894 1908 1935 fusus
1921 1924 1934 1946 ,
1954 1908 2048 1935 ocu-

666 1956 729 1999 los
749 1959 937 2012 auresque
954 1957 1208 2013 impediebat.

729 2021 877 2062 LXX.
911 2021 1047 2061 LUCE
1067 2018 1219 2078 prima,
1240 2019 1435 2073 Sabinus,
1461 2035 1670 2077 antequam
1688 2022 1863 2062 invicem
1890 2018 2046 2062 hostilia

710 2156 719 2170 ¹
745 2152 849 2181 Cureti
869 2163 975 2182 mcum
997 2151 1141 2182 Formam
1166 2151 1180 2187 ]
1217 2151 1335 2180 Lacum
1375 2158 1426 2181 aut
1438 2149 1509 2181 huic
1525 2150 1628 2181 monti
1641 2153 1723 2181 certe
1737 2149 1872 2181 vicinus.
1886 2148 1966 2179 Vide
1976 2148 2045 2179 No-

668 2190 796 2257 {laidem
808 2191 1110 2227 Fundanum‚nunc
1133 2189 1211 2229 Lago
1221 2189 1247 2219 di
1263 2189 1336 2218 Fun·
1376 2199 1419 2220 tas
1450 2191 1484 2221 &
1519 2190 1762 2221 Emendationes
1795 2190 1834 2219 ad
1864 2188 1938 2218 Hist.
1963 2189 2044 2225 111,

688 2231 714 2265 ι’,
740 2229 810 2258 dans
832 2229 859 2258 Ia
881 2238 950 2259 terre
976 2229 1007 2258 de
1028 2229 1159 2265 Lama,
1183 2239 1335 2260 memorat
1376 2233 1427 2266 69.

667 2268 805 2306 Plinius,
823 2269 886 2306 ΙΙΙ,
903 2279 929 2309 5.
953 2269 1020 2299 sect.
1038 2280 1068 2305 9.
1089 2271 1129 2298 At
1152 2269 1233 2298 lacus
1253 2269 1336 2298 Fun·
1414 2273 1426 2287 ²
1450 2270 1562 2298 Ancum
1587 2265 1971 2305 CAP1T0L11]Quae&arx
1981 2266 2044 2297 Ro-

667 2308 759 2344 dani,
785 2309 822 2339 de
847 2318 910 2347 quo
931 2319 1012 2338 nunc
1033 2307 1153 2346 agitur,
1178 2307 1336 2343 est'omni-
1375 2318 1466 2338 mana
1484 2307 1607 2338 dicitur.
1632 2308 1743 2338 Annal.
1764 2308 1827 2343 XI,
1845 2316 1895 2342 23.

666 2358 709 2378 no
728 2347 883 2378 diversus:
900 2347 924 2378 is
936 2348 1020 2378 enim
1037 2346 1095 2377 fuit
1111 2347 1142 2376 in
1156 2346 1220 2385 ipsa
1233 2348 1313 2377 Urbe
1327 2371 1334 2383 ‚
1378 2347 1381 2350 ’
1415 2353 1423 2373 3
1447 2349 1526 2377 Suos
1549 2348 1704 2383 mannos]
1724 2346 1802 2377 Vide
1818 2347 1956 2375 Stemma
1966 2342 2042 2387 γεξ-

666 2388 719 2421 &‚
741 2395 775 2418 ut
798 2387 937 2423 videtur,
962 2387 994 2417 in
1017 2394 1125 2417 monte
1156 2385 1334 2423 Quirinali,
1375 2385 1567 2424 passanorum
1586 2386 1616 2415 in
1642 2385 1785 2417 Notis&
1809 2383 2044 2413 Emendatlom-

666 2425 761 2457 hodie
783 2426 807 2457 le
834 2425 991 2466 Quirinal,
1011 2426 1062 2457 vel
1078 2424 1176 2456 Monte
1198 2423 1334 2464 Catullo,
1374 2427 1430 2458 bus
1449 2425 1487 2458 ad
1507 2425 1579 2456 Hist.
1602 2425 1632 2464 1,
1653 2428 1705 2463 46,

1806 2477 2046 2523 coemerent,
