2209 3047
356 185 436 227 AD
461 185 685 228 LIBRUM
704 186 777 227 IV.
795 184 975 226 CORN.
996 184 1143 226 HIST.
1181 184 1229 226 C.
1255 184 1465 226 TACITI.
1532 199 1552 236 5
1565 202 1582 237 3
1600 201 1615 227 1

228 265 340 300 fuerat
352 263 526 299 Flaviana
555 264 683 299 domus
705 283 714 305 ς
745 275 786 298 ac
808 260 962 311 proinde
991 261 1129 296 nullum
1147 272 1234 297 tunc
1255 274 1329 299 erat
1355 276 1374 298 a
1391 262 1622 312 Principibus

223 314 416 350 mendacio
433 314 598 362 pretium.
621 313 691 349 Sed
707 313 842 361 semper
865 311 1034 348 manebat
1046 310 1225 359 AEgjrptiis
1250 312 1473 362 superstitiO;
1496 314 1623 350 eadem

227 363 414 400 Romanos
437 377 582 412 quoque
605 364 803 399 &Romam
819 391 828 406 ‚
847 363 920 412 quo
938 362 1081 411 peffima
1102 362 1224 396 omnia
1249 363 1485 400 confluebant
1505 393 1514 407 ‚
1541 377 1621 413 pes-

226 414 364 450 vaserat
398 428 406 449 :
438 414 474 449 in
500 414 574 450 dies
602 413 845 449 invalescebat
860 411 1039 461 Serapidis
1071 412 1269 447 veneratio.
1301 414 1510 460 Quomodo
1530 427 1619 463 ergo

225 464 437 500 obrueretur
450 477 584 505 rumor,
602 477 708 514 quem
724 462 854 500 servari
867 461 1059 500 intererat?
1071 461 1105 497 Si
1122 460 1208 509 quid
1221 462 1348 498 mirum
1365 464 1483 500 videri
1499 464 1619 507 debet,

226 513 264 549 id
286 514 444 560 profesto
473 514 571 565 quod
592 543 601 557 ‚
628 514 711 550 cum
739 513 878 549 nullum
902 513 941 549 fit
962 511 1159 548 mendaciis
1185 511 1336 559 pretium
1359 541 1367 556 ‚
1394 514 1496 549 nulla
1520 516 1620 550 Sera-

226 564 321 612 pidis
340 564 469 614 religio
487 593 496 608 ‚
521 564 741 613 reperiantur
759 574 878 599 tamen
896 564 957 612 qui
977 563 1055 599 haec
1074 560 1246 597 miracula
1261 572 1436 599 tueantur.
1469 567 1523 600 At
1536 564 1618 601 haec

227 613 275 650 est
296 614 496 650 fabularum
513 626 639 649 natura
655 644 663 656 ‚
696 624 735 648 ut
759 613 814 649 vel
847 614 907 649 suit
922 614 1080 648 vanitate
1097 611 1217 649 multis
1231 611 1408 660 placeant.

280 664 374 700 Haec
405 665 487 700 cum
512 666 718 706 tradarem‚
757 663 857 699 omifi
885 663 971 699 talia
995 662 1166 698 miracula
1193 661 1271 710 post
1285 662 1353 698 hac
1368 662 1411 698 de
1426 662 1617 700 Hadriano

227 713 327 749 fuisse
347 714 493 762 vulgata
509 741 518 756 ‚
553 726 632 763 quae
657 724 775 749 tamen
800 714 1109 760 perfimularionem
1134 712 1275 748 fuerant
1298 712 1410 756 facia,
1430 712 1514 749 teste
1541 714 1619 750 Ma-

229 763 287 798 rio
308 763 473 798 Maximo
490 763 586 811 apud
600 764 825 811 Spanianum
840 792 849 806 ‚
880 763 915 798 in
935 762 1110 798 Hadrian.
1127 774 1206 810 cap.
1225 773 1287 811 25.

284 813 390 848 CAELI
418 816 575 859 rAvorz]
605 812 659 848 lta
674 813 749 848 Mss.
768 813 876 849 Bodl.
893 811 1014 848 Guelf.
1041 811 1156 848 editio
1181 812 1369 860 princeps,
1401 809 1563 846 Ernestus
1585 815 1619 848 &

227 860 474 899 Recemiores.
503 863 568 899 Ms.
596 862 681 912 Reg.
699 865 783 898 celis.
814 863 877 898 Ms.
900 861 990 897 Bud.
1010 863 1094 896 coelis
1108 862 1161 909 est.
1192 861 1258 897 Ms.
1276 860 1388 898 Corb.
1410 862 1522 897 celliis.
1551 862 1617 898 ΜΓ.

226 911 315 962 Agr.
342 914 493 948 coelitum.
520 912 783 949 Emendaverat
798 912 1038 955 Puteolanus,
1065 914 1189 947 ecoelis.
1216 911 1424 954 Rhenanus,
1450 911 1590 959 coelestis.

282 961 336 998 Ex
361 967 507 1009 PLEBE]
539 963 616 999 Mff.
633 962 747 999 Corb.
772 965 856 1013 Agr.
874 966 906 999 ὅ(
924 962 1039 999 editio
1057 961 1222 1010 princeps
1239 992 1246 1003 ,
1271 976 1285 997 e
1298 963 1398 1009 plebe.

279 1014 423 1049 GENUA
449 1025 536 1049 EJUS
565 1018 858 1061 ADVOLVITUR]
895 1013 962 1049 Ms.
981 1012 1092 1048 Corb.
1119 1015 1152 1049 ὃς
1180 1012 1295 1048 editio
1322 1012 1512 1061 princeps,
1530 1014 1620 1061 genl-

227 1062 283 1098 hus
307 1067 372 1107 ejus
388 1064 588 1101 advolvitur.

280 1113 474 1159 Gzzzvnw]
507 1113 561 1150 Ita
585 1113 696 1162 vulgo
727 1114 804 1149 Mss.
835 1115 868 1148 ὃς
899 1111 980 1148 libri
1001 1125 1124 1148 omnes
1148 1112 1247 1149 editi.
1267 1110 1400 1148 Merito
1429 1123 1547 1148 tamen
1566 1124 1620 1149 re-

229 1161 390 1199 dundare
403 1167 523 1211 gemitu
538 1163 728 1200 videbatur
743 1163 801 1200 Cl.
820 1162 980 1199 Ernesto.
994 1164 1082 1199 Non
1099 1163 1148 1198 ita
1164 1163 1255 1199 bene
1266 1191 1275 1206 ‚
1289 1162 1387 1211 quod
1401 1162 1475 1197 Mff.
1498 1161 1618 1199 Guelf.

227 1211 294 1249 Jes.
312 1213 447 1249 habent
469 1217 500 1248 in
515 1218 637 1260 gemitu
655 1242 664 1257 ‚
692 1213 854 1250 tentabat
877 1216 1074 1260 inganitum3
1102 1212 1197 1261 quali
1220 1211 1452 1260 Vespasianus
1477 1212 1619 1262 ingeni-

228 1272 303 1298 tam
324 1263 473 1299 curandi
501 1265 576 1301 vim
598 1264 764 1300 habuerit
787 1290 796 1306 ‚
823 1264 924 1311 quod
946 1262 990 1300 de
1004 1262 1143 1313 Pyrrho
1170 1262 1321 1300 retulere
1351 1262 1562 1299 Plutarchus
1585 1265 1619 1298 in

228 1313 345 1361 Pyrrh.
365 1326 447 1363 pag.
475 1317 562 1363 384.
579 1317 613 1351 ὃς
632 1314 768 1350 Plinius
783 1343 792 1358 ‚
815 1313 887 1349 VII
905 1339 913 1355 ‚
946 1326 982 1350 2.

279 1362 483 1400 Smfflms
506 1368 601 1410 Dm]
631 1364 691 1400 Sic
716 1364 784 1399 Ms.
808 1363 905 1399 Flor.
922 1363 1162 1405 Puteolanus,
1180 1362 1341 1399 Pichena
1361 1364 1394 1397 &
1423 1362 1621 1399 Recentio-

226 1424 292 1448 res.
331 1412 372 1448 ln
401 1413 478 1449 Mss.
495 1413 581 1462 Reg.
599 1413 710 1449 Corb.
732 1416 766 1449 ὃς
783 1412 946 1449 editione
964 1412 1127 1461 principe
1143 1439 1151 1455 ‚
1181 1413 1321 1458 Serapis.
1348 1411 1484 1460 Lipsius
1501 1443 1508 1454 ,
1521 1413 1619 1448 Sara-

223 1465 288 1508 pis.
316 1462 430 1508 Quod
461 1463 544 1499 san'e
561 1463 725 1500 hauserat
740 1475 760 1498 a
774 1462 911 1498 Graecis
926 1490 936 1506 ‚
964 1462 1092 1512 quibus
1108 1461 1193 1498 deus
1215 1461 1275 1498 ille
1289 1460 1420 1498 dicitur
1435 1473 1616 1500 ΣΑΡΑΠΙΣ.

279 1511 530 1548 RESPERGERE
559 1524 643 1549 oms
665 1524 927 1550 ExanMENTo
950 1517 968 1560 ]
996 1512 1121 1548 Editio
1147 1512 1315 1562 princeps
1341 1539 1350 1555 ,
1389 1513 1528 1559 respuere
1554 1516 1617 1548 oris

230 1575 460 1598 excreamemo.

287 1611 520 1649 OCULORUM
547 1616 677 1658 TABE]
707 1612 846 1649 Frustra
863 1612 996 1648 amicus
1013 1611 1146 1660 Ryekii
1161 1610 1323 1648 tentabat
1342 1638 1350 1652 ,
1382 1611 1472 1648 nube.
1519 1613 1618 1648 Tabes

228 1661 410 1698 medicum
435 1662 483 1699 est
498 1663 740 1705 vocabulum,
760 1674 799 1698 ut
819 1661 998 1712 Ryckium
1016 1662 1159 1698 monuit
1180 1661 1237 1699 Cl.
1265 1660 1540 1699 Drelincurtius.
1571 1662 1618 1699 Et

228 1712 266 1748 in
294 1711 568 1748 definitionibus
586 1741 596 1757 ‚
633 1725 711 1762 quse
738 1713 943 1748 tribuuntur
959 1712 1102 1748 Galerio
1122 1740 1131 1755 ‚
1153 1711 1199 1747 fic
1221 1711 1444 1760 explicatur:
1460 1716 1557 1752 Φθίσις
1574 1715 1617 1755 ὲςὶ

227 1762 346 1808 peiorem:
372 1769 426 1802 τῆς
453 1764 534 1813 κόρης
559 1764 644 1809 μετιὲ
669 1763 867 1813 ἐμυθρῶσῑος.
892 1763 989 1798 Tabes
1015 1762 1058 1810 est
1073 1763 1207 1809 pupillae
1225 1765 1405 1798 imminutio
1423 1776 1492 1797 cum
1507 1763 1618 1810 obscu-

229 1824 364 1849 ratione.

283 1863 438 1898 MANUM
466 1866 610 1911 AEGER]
638 1863 696 1900 Sic
709 1862 785 1899 Mff.
803 1862 902 1899 Flor.
920 1861 1025 1899 Harl.
1039 1861 1147 1898 Bodl.
1168 1862 1235 1899 Jes.
1246 1861 1364 1898 Guelf.
1382 1861 1455 1898 Jac.
1470 1864 1620 1900 Grono-

229 1911 309 1949 vius
331 1915 363 1948 &
390 1911 634 1950 Recentiores.
651 1913 695 1950 In
713 1913 780 1950 Ms.
799 1914 886 1963 Reg.
903 1915 937 1948 &
951 1911 1175 1949 editionibus
1194 1911 1373 1950 veteribus
1387 1943 1395 1955 ,
1415 1925 1511 1949 manu
1524 1927 1618 1962 aeger.

230 1960 312 2000 Nec
329 1963 550 2014 ineleganter
566 1992 576 2008 ‚
601 1978 729 2000 manum
747 1992 756 2007 ‚
781 1963 993 2000 Graecorum
1009 1975 1122 1999 more.

279 2014 380 2050 ILms
410 2019 686 2062 ιΝετΑΝτῐΒυε]
717 2015 783 2050 Ms.
800 2014 912 2050 Corb.
931 2016 1004 2048 aliis
1019 2013 1219 2061 instantibus.

280 2062 616 2111 OBSECRATonE]
644 2064 740 2101 Male
757 2064 954 2102 Beroaldus
969 2092 978 2107 ‚
1009 2065 1242 2111 obsecrationes.

280 2113 542 2161 Ex1sT1MAm]
574 2115 616 2150 In
644 2115 710 2152 Ms.
730 2114 797 2151 Jes.
826 2118 859 2151 ὃς
888 2114 1051 2151 editione
1080 2113 1246 2162 principe
1275 2141 1284 2156 ‚
1311 2114 1475 2148 extimari.
1509 2111 1619 2148 Unde

232 2161 290 2199 Cl.
307 2161 470 2199 Ernestus
493 2167 525 2200 ὃς
544 2164 777 2202 Recentiores
794 2193 802 2209 ,
829 2165 1019 2213 existimari.
1041 2164 1116 2200 ΜΠ.
1140 2162 1344 2212 Reg.Harl.
1361 2161 1468 2199 Bodl.
1498 2165 1531 2197 &
1553 2161 1618 2196 Pu-

230 2212 397 2249 teolanus
412 2240 421 2255 ,
438 2214 604 2264 estimari,
624 2215 683 2252 vel
710 2216 872 2264 aestimari.
898 2214 1019 2251 Solito
1039 2213 1267 2250 librariorum
1294 2225 1413 2250 errore
1428 2240 1438 2257 ,
1464 2223 1502 2248 ut
1526 2211 1620 2261 saepe

234 2263 339 2313 supra
363 2263 527 2300 vidimus.

289 2313 535 2361 Drssmmm]
566 2314 631 2350 Ms.
650 2314 716 2351 Jes.
742 2315 862 2352 dixere.

290 2362 512 2401 INTEGRAssr
529 2368 546 2410 ]
580 2364 648 2400 Ms.
668 2364 753 2414 Reg.
775 2368 806 2401 ὅ(
821 2364 937 2401 editio
956 2365 1124 2413 princeps
1137 2390 1145 2406 ‚
1172 2366 1341 2412 integrare.

290 2413 465 2451 Parum
491 2419 693 2462 REMEnu]
734 2415 790 2452 lta
821 2415 888 2452 Ms.
916 2414 1032 2452 Corb.
1062 2414 1176 2452 editio
1206 2414 1396 2463 princeps,
1428 2408 1563 2460 ῘᾹΡΓῑῑι15
1593 2410 1627 2445 &

1264 2485 1385 2526 Xxx
1414 2482 1440 2536 ij
