2209 3047
326 177 801 220 HISTORIARUM
840 175 1035 217 LIBER
1076 175 1398 232 QUARTUS.

177 255 265 299 »tia
277 288 290 309 ‚
315 258 551 300 fortitudine
566 290 578 310 ‚
604 258 825 301 Catonibus
842 261 882 299 δε
894 256 1027 296 Brutis
1042 270 1259 309 aequaretur
1275 256 1507 298 Helvidius:
1526 256 1566 298 se

177 337 335 362 »unum
355 323 431 364 esse
452 337 503 363 ex
521 322 594 364 illo
613 324 776 373 senatu,
801 323 868 377 qui
894 317 1008 360 simul
1030 319 1221 360 servierit.
1248 321 1424 361 Suadere
1443 322 1565 362 etiam

176 400 199 422 »
210 385 364 435 Prisco,
381 401 430 426 ne
446 385 561 441 supra
575 387 804 442 Principem
820 383 1048 433 scanderet,
1066 397 1115 423 ne
1128 383 1413 438 Vespasianum
1429 384 1564 426 senem

177 447 494 504 »triumphalem
515 454 524 470 ¹
540 478 554 499 ‚
576 448 769 500 juvenum
784 448 1003 489 liberorum
1018 459 1196 502 patrem,
1224 449 1429 502 praeceptis
1447 463 1563 489 coer·

1478 191 1567 227 227

126 520 151 561 5
179 525 334 553 »ceret.
351 512 575 567 Quomodo
592 512 759 568 pessimis
780 509 1090 568 Imperatoribus
1116 509 1196 549 fine
1218 509 1297 549 fine
1320 509 1566 553 dominatio-

179 589 304 615 »nem
317 605 330 626 ,
353 577 408 616 ita
429 577 608 630 quamvis
627 575 799 630 egregiis
819 574 987 616 modum
1002 572 1195 614 libertatis
1212 571 1372 628 placere
1399 591 1441 614 ».
1463 576 1566 617 Haec

178 640 333 694 magnis
351 639 547 693 utrimque
562 637 891 680 contentionibus
905 636 1045 690 jacffata
1053 666 1065 688 ‚
1080 635 1238 677 diversis
1252 635 1385 676 studiis
1396 639 1566 693 accipie-

178 699 336 743 bantur.
349 702 464 744 Vicit
480 717 566 758 pars
580 731 593 752 ‚
617 716 700 756 quae
718 700 848 743 sortiri
873 700 1028 756 legatos
1051 698 1225 741 malebat
1238 729 1250 750 ‚
1277 701 1398 740 etiam
1425 701 1567 741 mediis

178 776 335 818 patrum
353 768 367 785 ²
385 764 654 806 adnitentibus
674 766 844 806 retinere
860 779 1028 806 rnorem.
1047 763 1100 804 Et
1116 762 1445 820 splendidissimus
1462 764 1569 818 quis-

98 836 114 864 1
127 835 152 863 0
178 841 255 881 que
271 826 415 868 eodem
431 826 654 870 inclinabat
666 858 678 879 ,
703 841 814 869 metu
829 827 987 868 invidiae
1004 827 1030 866 fi
1046 827 1115 883 ipsi
1133 825 1390 881 eligerentur.

101 1148 147 1193 15

92 1468 149 1497 20

239 889 321 932 IX.
354 892 564 932 SECUTUM
580 891 688 933 aliud
704 906 920 933 certamen.
940 892 1130 932 Praetores
1156 891 1278 931 aerarii
1294 893 1305 942 <
1323 905 1414 931 nam
1433 901 1519 930 tum
1547 905 1570 931 a

176 953 409 1009 praetoribus
434 954 672 997 traEtabatur
695 957 872 997 :erarium
891 960 900 984 ³
921 958 932 1006 )
957 972 978 992 <c
1008 953 1210 1011 publicam
1237 966 1510 1011 paupertatem
1538 971 1561 990 »

178 1019 301 1070 questi
308 1047 321 1068 ,
345 1034 366 1055 «
382 1019 548 1060 modum
564 1020 749 1076 impensis
765 1024 781 1048 4
796 1037 817 1057 »
834 1017 1142 1076 postulaverant.
1156 1017 1257 1058 Eam
1274 1033 1410 1058 curam
1427 1015 1569 1058 consul

178 1079 422 1136 designatus,
444 1082 495 1123 ob
513 1083 833 1138 magnitudinem
849 1084 1001 1132 oneris,
1022 1086 1062 1123 ὅ(
1078 1081 1243 1122 remedii
1259 1079 1538 1122 difficultatem
1553 1109 1569 1131 ‚

177 1143 353 1201 Principi
375 1146 611 1187 reservabat.
632 1145 874 1198 Helvidius,
902 1163 923 1183 (ε
947 1145 1110 1186 arbitrio
1138 1145 1293 1185 senatus
1323 1145 1523 1199 agendum
1539 1162 1562 1182 »

178 1208 348 1249 censuit.
364 1208 468 1249 Cum
485 1223 745 1266 perrogarent
761 1210 975 1251 sententias
1000 1206 1185 1250 consules
1199 1238 1211 1258 ‚
1238 1207 1450 1250 Vulcatius
1465 1209 1570 1249 Ter-

175 1269 344 1312 tullinus
358 1301 372 1322 ,
397 1271 579 1314 tribunus
593 1272 722 1330 plebis
734 1304 747 1324 ,
768 1273 1003 1324 intercessit,
1025 1290 1047 1310 (c
1062 1287 1113 1313 ne
1131 1270 1226 1326 quid
1243 1271 1358 1328 super
1373 1270 1483 1313 tanta
1498 1286 1539 1312 re
1552 1300 1568 1322 ‚

175 1334 394 1391 »Principe
426 1335 586 1377 absente
613 1366 626 1388 ,
670 1338 902 1377 statueretur
929 1353 972 1377 >›‚
999 1335 1219 1377 Censuerat
1243 1334 1459 1376 Helvidius
1482 1364 1495 1386 ‚
1524 1347 1569 1374 ut

183 1413 205 1434 «
221 1397 470 1454 Capitolium
498 1399 663 1456 publice
683 1401 978 1450 restitueretur,
1003 1398 1209 1452 adjuvaret
1234 1398 1494 1455 Vespasianus
1526 1415 1568 1439 2).

174 1458 274 1502 Eam
291 1461 528 1504 sententiam
546 1463 845 1505 modestissimus
862 1463 1027 1518 quisque
1044 1462 1201 1504 silentio
1216 1490 1229 1515 ‚
1251 1462 1395 1503 deinde
1413 1460 1570 1504 oblivio

175 1525 386 1566 transmisit
404 1530 419 1559 5
434 1543 442 1567 :
467 1526 579 1568 fuere
593 1557 606 1578 ,
627 1529 695 1582 qui
712 1532 752 1568 ὅ(
768 1526 1036 1568 meminissent
1053 1525 1083 1567 ⁶.

238 1587 293 1628 X.
325 1589 399 1630 TU
412 1602 443 1629 M
466 1591 644 1631 invenus
661 1592 714 1631 est
727 1591 941 1632 Musonius
957 1591 1088 1632 Rufus
1107 1595 1120 1616 ⁷
1138 1591 1179 1629 in
1199 1606 1220 1626 «
1242 1588 1430 1631 Publium
1447 1586 1570 1629 Cele-

175 1666 291 1693 »rem
317 1648 331 1674 ⁸
346 1681 359 1704 ,
387 1668 409 1694 a
428 1668 508 1708 quo
526 1654 693 1696 Baream
711 1656 909 1696 Soranum
925 1653 1026 1695 falso
1056 1654 1285 1695 testimonio
1316 1654 1571 1698 circumven-⁴

211 1772 227 1812 ‚¹
251 1769 356 1798 SENEM
376 1780 610 1801 rammam-EM
628 1773 642 1809 ]
668 1770 748 1802 Vide
764 1770 850 1810 supra

176 1806 311 1844 Hist.11,
333 1818 387 1847 77.
408 1829 411 1831 »

218 1850 229 1863 ²
252 1847 369 1877 Manus
399 1858 529 1878 PATRUM
550 1849 564 1885 ]
589 1849 623 1878 Id
649 1849 688 1879 est
708 1858 848 1881 neutram

176 1893 294 1925 partem
306 1886 415 1917 secutis
427 1909 436 1922 ,
449 1897 551 1927 neque
561 1889 711 1920 Helvidio
725 1913 732 1926 ‚
746 1900 850 1929 neque

175 1925 326 1956 Marcello
349 1926 493 1964 addic'tis;
507 1926 610 1966 ficque
624 1938 771 1968 accepere
790 1940 850 1968 op-

175 1964 245 1995 timi
257 1965 438 2005 interpretes
452 1966 538 2003 Itali,
551 1966 695 2006 Hispani,
708 1969 801 2009 Angli
816 1970 851 2000 ὃς

178 2004 272 2035 Galli.
287 2005 354 2036 Nec
374 2005 617 2045 intelligendum
630 2031 638 2044 ‚
660 2016 694 2038 ut
722 2009 850 2047 quibus-

177 2043 249 2074 dam
271 2044 388 2083 placet,
404 2045 443 2076 de
463 2045 656 2078 senatoribus
674 2048 805 2086 mediis,
818 2048 851 2078 id

178 2082 219 2114 est
238 2083 405 2115 mediocris
422 2084 566 2116 fortunae.

217 2127 228 2149 ³
254 2123 493 2155 ΤκΑετΑΒΑτυκ
516 2130 692 2160 samnium]
715 2127 763 2157 De
776 2137 851 2157 aera-

177 2161 246 2206 rino,
274 2161 388 2202 iisque,
416 2164 469 2203 qui
494 2164 634 2195 aerarium
663 2169 850 2201 tractavere,

178 2202 295 2232 duflum
318 2203 432 2233 Annal.
453 2205 546 2240 XIII,
568 2216 627 2241 29,
644 2204 679 2236 «Sc
698 2205 730 2235 in
756 2206 851 2237 Notis

177 2241 213 2272 ὃς
232 2242 512 2274 Emendationibus
531 2243 569 2273 ad
593 2244 674 2274 hunc
695 2245 814 2276 locum.

216 2284 232 2304 4
252 2282 424 2317 Imrssusis]
456 2282 590 2314 Publicis
620 2283 763 2322 impensis
784 2309 793 2323 ,
819 2292 852 2316 ut

179 2318 262 2350 infra
285 2330 350 2360 cap.
369 2333 420 2360 40.

223 2364 230 2386 5
255 2361 400 2393 ΟΒιινιο
429 2367 643 2397 TRANSMISIT]
675 2363 852 2394 oblivione

181 2398 352 2443 transmisit.
377 2402 504 2432 Neutris
524 2403 692 2434 delectatur
713 2403 851 2434 Tacitus.

180 2437 230 2468 Sic
245 2437 318 2470 alias
337 2439 460 2481 usurpat
478 2441 604 2482 obsidium
617 2466 627 2482 ‚
655 2442 796 2476 occidium.
816 2444 852 2473 In

891 1769 1002 1809 plurali
1021 1769 1168 1800 Horatius
1182 1770 1232 1806 ,ΙΙ
1254 1771 1350 1799 Serm.
1372 1770 1434 1804 VI,
1455 1771 1508 1799 62.

958 1827 1170 1859 Duceresollicitae
1182 1828 1283 1859 jucunda
1298 1826 1385 1851 oblivia
1396 1826 1457 1851 vicit.

891 1877 974 1908 Infra
996 1877 1081 1908 idem
1098 1877 1224 1908 Tacitus
1239 1902 1248 1914 ,
1273 1888 1338 1916 cap.
1360 1887 1409 1915 3¹·
1431 1876 1491 1905 Aut
1514 1876 1570 1906 levi

890 1927 1024 1946 murmure
1036 1941 1046 1955 ‚
1066 1916 1095 1947 [r
1107 1917 1376 1957 plerunzquestlentio
1395 1916 1567 1955 transmitte-

891 1957 970 1986 hant.

930 1998 943 2016 ⁶
965 1998 1008 2028 Er
1033 1996 1269 2033 MEMlNISSENT]
1294 1995 1432 2026 Maxime
1450 1995 1494 2032 ii,
1513 1996 1567 2036 qui

892 2036 995 2075 postea
1019 2035 1223 2072 Helvidium,
1252 2036 1294 2066 ob
1317 2035 1450 2066 nimium
1469 2036 1568 2066 liber-

892 2076 962 2107 tatis
986 2075 1136 2111 studium,
1152 2085 1239 2106 reum
1256 2075 1418 2114 majestatis
1442 2074 1568 2113 fecereg

892 2124 925 2146 ut
947 2115 1068 2146 dicetur
1087 2114 1178 2145 infra.

931 2160 944 2181 7
967 2156 1131 2185 Musomus
1155 2155 1256 2186 Rurus
1280 2156 1294 2193 ]
1315 2154 1362 2185 De
1392 2163 1456 2194 quo
1479 2154 1569 2194 supra

892 2195 1006 2225 Annal.
1027 2196 1102 2232 XV,
1126 2205 1178 2232 71.

931 2234 942 2253 ⁸
967 2236 1108 2265 ΡυΒιιυΜ
1123 2235 1298 2269 Carnium]
1310 2232 1455 2264 Publium
1470 2233 1570 2272 Egna-

893 2273 972 2304 tium
1002 2274 1168 2311 Celerem,
1189 2274 1228 2304 dc
1249 2283 1313 2313 quo
1339 2273 1427 2312 supra
1455 2273 1570 2302 Annal.

892 2315 982 2351 XVI,
1001 2324 1046 2351 32.
1069 2313 1179 2354 Ibique
1197 2313 1271 2344 vide
1283 2312 1443 2343 ,Iuvenalis
1462 2313 1570 2342 ceniu—

893 2363 966 2383 ram.
985 2353 1073 2384 Adde
1089 2362 1228 2384 veterem
1245 2352 1406 2383 Juvenalis
1419 2350 1571 2383 Scholias-

893 2401 964 2430 ten,
981 2393 1091 2425 inhaec
1113 2394 1228 2429 verba,
1248 2394 1347 2431 Satyr.
1369 2393 1400 2426 1,
1426 2401 1474 2428 33.

1161 2445 1248 2478 Magni
1269 2444 1360 2469 delusor
1382 2442 1462 2468 amici.

1287 2482 1402 2536 pf„-

1592 272 1706 293 ΞΞ

1590 307 1623 332 Α.
1633 309 1662 332 U.
1673 308 1704 333 C.

1612 357 1684 386 822.

1614 407 1638 430 J.
1650 407 1681 432 C.

1625 455 1678 491 69.
