2209 3047
492 303 523 327 A.
537 305 565 326 U.
577 303 605 325 C.

510 351 579 378 322.

511 400 533 422 J.
545 401 574 423 C.

521 448 571 481 69.

628 187 714 223 ΞΗ
875 172 923 211 C.
990 169 1398 212 CORNELII
1462 169 1748 211 TACITI

624 271 643 289 »
655 264 763 292 rent:
790 252 943 292 Batavo
975 253 1135 306 equite,
1162 254 1350 308 protritos
1376 250 1534 291 AEduos
1562 250 1863 304 Arvernosque:
1887 252 1999 294 fuisse

623 317 758 355 »inter
782 315 964 370 Verginii
982 315 1127 356 auxilia
1148 315 1291 370 Belgas
1316 321 1325 336 ¹
1343 331 1350 353 :
1384 313 1555 367 vereque
1572 313 1872 369 reputantibus,
1900 314 2001 355 Gal-

623 378 749 418 »liam
765 377 924 418 suismet
941 378 1086 419 viribus
1102 378 1329 419 concidiffe.
1344 379 1469 417 Nunc
1484 376 1641 417 easdem
1655 378 1836 417 omnium
1850 390 2000 432 partes,

623 459 644 479 >›
657 441 791 482 addito
806 470 818 490 ,
843 441 869 480 si
890 441 984 495 quid
1009 440 1188 482 militaris
1205 438 1421 496 disciplinae
1438 441 1479 480 in
1497 441 1626 480 castris
1644 440 1923 480 Romanorum
1947 442 2002 480 vi-

622 522 643 541 ³)
654 505 803 557 guerit:
825 504 900 545 esse
917 505 1050 545 secum
1066 518 1269 544 veteranas
1288 505 1475 544 cohortes
1489 532 1502 553 ,
1525 502 1666 556 quibus
1681 517 1804 558 nuper
1822 503 2000 544 Othonis

621 566 832 621 »legiones
861 567 1146 623 procubuerint
1167 571 1194 607 ².
1215 568 1420 607 Servirent
1445 567 1559 619 Syria
1582 565 1749 619 Asiaque
1764 595 1776 615 ,
1807 569 1847 606 ὅζ
1869 565 2000 607 suetus

626 628 815 684 »regibus
833 631 1001 671 Oriens:
1019 628 1166 670 multos
1182 629 1313 670 adhuc
1331 631 1371 669 in
1388 627 1522 670 Gallia
1543 630 1678 669 vivere
1691 658 1703 679 ,
1720 642 1810 669 ante
1825 628 2001 669 tributa³.

622 709 643 729 2)
655 693 826 746 genitos.
875 695 1018 748 Nuper
1045 693 1179 742 certe,
1209 693 1307 734 caeso
1347 691 1572 747 Quinffilio
1599 693 1708 732 Varo
1728 697 1772 742 4,
1797 691 1949 748 pulsam
1978 707 2001 732 e

621 754 870 795 »Germania
893 755 1136 796 servitutem.
1167 758 1259 796 Nec
1274 755 1487 796 Vitellium
1503 756 1730 810 Principem
1744 784 1757 804 >
1782 755 1848 795 sed
1871 755 2000 795 Caesa-

619 835 641 855 »
652 833 734 858 rem
752 819 971 872 Augustum
987 817 1096 859 bello
1125 832 1402 874 provocatum.
1419 817 1666 859 Libertatem
1690 816 1827 858 natura
1840 848 1852 867 ,
1880 820 1999 858 etiam

621 882 772 920 »mutis
796 880 1030 922 animalibus
1044 912 1056 931 ,
1081 881 1224 922 datam.
1242 883 1445 923 Virtutem
1468 883 1673 938 proprium
1695 882 1905 921 hominum
1927 880 2000 922 bo-

619 961 641 980 >³
654 959 761 983 num.
778 943 888 984 Deos
902 943 1132 984 fortioribus
1149 945 1288 985 adeffe.
1305 945 1477 985 Proinde
1491 946 1708 1000 arriperent
1724 944 1861 993 vacui,
1883 958 2002 984 occu-

621 1023 643 1043 »
656 1019 766 1061 patos
781 1036 794 1056 ,
814 1007 983 1061 integri,
1006 1007 1120 1048 fessos
1135 1025 1142 1047 z
1165 1008 1259 1048 dum
1277 1006 1344 1048 alii
1359 1008 1643 1063 Vespasianum
1656 1037 1670 1057 ,
1698 1005 1765 1047 alii
1789 1006 2002 1048 Vitellium

621 1069 817 1109 »foveant
829 1100 842 1119 ,
866 1083 1000 1125 patere
1016 1069 1153 1111 locum
1171 1071 1353 1111 adversus
1370 1084 1582 1124 utrumque
1596 1087 1617 1107 >>
1629 1101 1639 1111 .

684 1132 868 1173 XVIII.
901 1134 927 1173 S
939 1147 950 1172 1
962 1146 985 1172 c
1003 1134 1044 1172 in
1062 1133 1215 1174 Gallias
1230 1134 1543 1188 Germaniasque
1556 1135 1752 1183 intentus,
1770 1134 1796 1172 sl
1813 1133 2001 1174 destinata

620 1195 909 1250 provenissent,
938 1194 1256 1238 validissimarum
1277 1197 1624 1251 ditiffimarumque
1646 1198 1854 1237 nationum
1874 1211 2000 1250 regno

619 1258 868 1300 imminebat.
888 1260 943 1299 At
973 1258 1142 1300 Flaccus
1169 1261 1454 1312 Hordeonius,
1491 1262 1640 1316 primos
1668 1259 1811 1300 Civilis
1832 1273 2000 1300 conatus

621 1335 690 1375 per
709 1321 1056 1363 diffimulationem
1079 1322 1188 1364 aluit.
1204 1323 1283 1364 Ubi
1304 1341 1325 1361 <c
1346 1338 1573 1380 expugnata
1596 1324 1742 1373 castra,
1764 1322 1914 1363 deletas
1931 1337 2002 1363 co-

621 1385 789 1424 »horres
803 1415 815 1434 ‚
841 1385 997 1440 pulsum
1020 1386 1262 1427 Batavorum
1282 1386 1410 1427 insula
1431 1388 1662 1428 Romanum
1685 1401 1833 1426 nomen
1854 1403 1898 1435 n,
1922 1399 2001 1425 tre-

620 1445 705 1500 pidi
721 1449 852 1488 nuntii
868 1448 1118 1496 adferebant3
1133 1451 1377 1490 Mummium
1394 1450 1640 1506 Lupercum,
1650 1448 1825 1503 legatum
1841 1450 1895 1498 (is
1913 1448 2002 1489 dua-

619 1523 707 1547 rum
724 1508 930 1564 legionum
948 1511 1121 1553 hibernis
1139 1517 1341 1568 praeerat5)
1359 1530 1379 1550 «
1397 1513 1531 1567 egredi
1548 1513 1731 1553 adversus
1745 1513 1896 1552 hostem
1911 1529 1931 1547 »
1948 1509 2004 1562 ju-

619 1569 699 1611 bet.
716 1572 923 1628 Lupercus
939 1574 1181 1629 legionarios
1207 1591 1228 1617 e
1256 1574 1534 1632 praesentibus,
1568 1574 1692 1616 Ubios
1723 1590 1744 1615 e
1771 1575 1964 1630 proximis
1987 1603 2002 1625 ‚

619 1634 886 1677 Treverorum
905 1640 1056 1691 equites
1073 1639 1178 1680 haud
1194 1638 1317 1694 longe
1332 1652 1516 1694 agentes,
1532 1640 1675 1695 raptim
1690 1638 1899 1678 transmifit
1912 1667 1924 1687 ,
1941 1637 2003 1678 ad-

621 1696 703 1738 ditzi
718 1698 962 1741 Batavorum
979 1700 1038 1741 ala
1050 1732 1063 1752 ,
1088 1717 1170 1756 quae
1187 1700 1265 1755 jam
1286 1703 1439 1759 pridem
1463 1716 1675 1758 corrupta,
1698 1701 1819 1741 fidem
1846 1699 2002 1747 simula-f

664 1838 671 1851 ¹
700 1835 821 1864 Bmcas
839 1836 854 1872 ]
876 1834 902 1863 A
921 1835 1022 1865 Scalde
1040 1860 1049 1871 ,
1081 1837 1208 1868 l’Escaut
1224 1861 1232 1874 ‚
1258 1839 1294 1867 acl

620 1871 775 1941 {Sequanam
787 1897 796 1911 ,
822 1874 851 1904 la
865 1874 956 1905 Seine
966 1899 975 1913 ‚
989 1884 1053 1906 erat
1074 1876 1197 1916 Belgica.
1212 1877 1290 1908 Plin.

675 1934 682 1947 ‚
710 1923 755 1950 17.

622 1952 967 2020 &²6Igizocunuemur]
985 1955 1079 1993 Supra
1097 1955 1171 1985 Hist.
1191 1958 1239 1993 ΙΙ,
1251 1967 1287 1995 43

662 2033 670 2054 3
696 2031 787 2073 ANTE·
802 2041 936 2061 ‘trimum
953 2034 966 2070 ]
986 2033 1057 2063 Haec
1076 2043 1115 2064 ne
1135 2034 1289 2073 intelligas

620 2066 659 2096 de
682 2069 803 2099 tributis
819 2081 884 2109 quae
897 2071 993 2102 Julius
1006 2073 1103 2103 Caesar
1120 2072 1214 2104 ferme
1232 2084 1289 2104 an·-

621 2112 653 2136 te
670 2118 733 2137 cxx
757 2118 854 2139 annos
876 2109 1073 2149 imposuerat.
1089 2114 1155 2142 Nec
1168 2120 1230 2143 tam
1246 2113 1289 2143 vi-

618 2145 693 2176 tales
716 2154 789 2177 tunc
809 2148 908 2185 Galli,
927 2159 959 2180 ut
983 2153 1060 2181 recle
1080 2160 1188 2182 monet
1209 2152 1287 2192 Lip-

618 2183 684 2214 fius.
702 2188 816 2230 Verum
828 2188 931 2227 accipe
945 2190 982 2220 de
996 2191 1119 2222 tributis
1129 2215 1137 2227 ‚
1151 2202 1216 2230 quae
1231 2194 1289 2222 Au-

618 2224 716 2262 gustus
742 2226 946 2266 Tiberiusque
968 2253 975 2265 ,
1009 2230 1079 2260 aeris
1117 2231 1286 2261 Galliarum

617 2263 774 2309 censibus,
791 2267 1036 2304 praescripserant.
1055 2270 1189 2300 Primum
1214 2282 1287 2301 cen-

618 2302 682 2332 sum
704 2313 767 2343 eg1t
788 2306 954 2343 Augustus,
977 2308 1106 2346 septimo
1131 2310 1183 2339 suo
1209 2321 1286 2340 con-

618 2342 714 2372 sulatu
726 2354 808 2374 anno
824 2346 859 2374 U.
874 2347 909 2375 C.
927 2358 1030 2377 Dccxx
1041 2360 1086 2379 vn
1097 2372 1104 2383 ,
1118 2349 1189 2378 teste
1204 2350 1284 2380 Dio-

618 2391 656 2410 ne
681 2383 771 2425 LIII,
797 2394 863 2423 pag.
889 2395 954 2424 512.
972 2387 1032 2416 Alii
1050 2386 1134 2417 fuere
1159 2389 1283 2426 census,

616 2428 703 2452 annis
722 2423 756 2453 U.
775 2424 811 2456 (Σ,
827 2435 984 2460 υεεικνιι
1006 2426 1040 2459 &
1054 2438 1207 2459 DCCLXIX·
1221 2429 1284 2459 Ta-

1331 1837 1383 1869 cit.
1411 1837 1525 1868 AnnaI.
1557 1839 1588 1871 Ι,
1615 1847 1647 1875 31
1676 1837 1710 1868 &
1729 1847 1776 1875 33.
1797 1838 1842 1872 ΙΙ,
1864 1839 1893 1866 6.
1918 1837 1998 1867 Vere

1331 1888 1403 1917 ergo
1427 1877 1488 1908 dici
1507 1876 1610 1915 potuit
1622 1901 1631 1913 ‚
1644 1878 1741 1907 multos
1759 1875 1846 1904 adhuc
1859 1877 1887 1905 in
1901 1875 1996 1905 Gallizi

1330 1917 1420 1946 vivere
1432 1940 1440 1953 ,
1456 1925 1520 1945 ante
1533 1915 1634 1945 tributa
1649 1917 1767 1957 genitos.

1368 1961 1382 1980 4
1409 1958 1602 1993 Qumcrmo
1627 1957 1720 1987 VARO
1746 1956 1760 1992 ]
1786 1955 1833 1984 De
1863 1954 1998 1985 Varianfc

1329 1996 1415 2026 clade
1427 1995 1541 2025 dictum
1560 1996 1672 2026 Annal.
1687 1997 1715 2032 1,
1734 2005 1768 2024 10
1779 1994 1812 2024 &
1826 1993 1898 2023 alias
1912 1994 1998 2030 saepe.

1371 2041 1377 2062 5
1403 2036 1553 2065 Hxnmzms
1578 2045 1730 2065 PRAEERAT
1749 2035 1762 2070 ]
1784 2033 1920 2063 Hiberna
1942 2033 1997 2063 illa

1329 2083 1415 2105 erant
1433 2077 1545 2105 Vetera
1567 2075 1678 2111 castra,
1707 2083 1789 2103 nunc
1812 2071 1938 2108 Samen,
1964 2080 1997 2102 ut

1328 2124 1403 2144 mox
1430 2113 1568 2149 dicetur,
1593 2114 1707 2144 duabus
1734 2111 1910 2151 legionibus
1932 2110 1996 2142 fita.

1327 2153 1407 2184 Vide
1441 2152 1521 2182 infra
1553 2163 1618 2191 cap.
1651 2164 1700 2182 22.
1734 2150 1901 2181 Mummius
1935 2151 1996 2180 Lu-

1327 2203 1433 2231 percus
1454 2200 1517 2222 erat
1535 2191 1668 2231 legionis
1683 2193 1797 2231 legatus
1810 2214 1818 2227 ‚
1831 2191 1880 2220 sed
1893 2189 1995 2220 hiber-

1326 2232 1388 2267 nis,
1403 2232 1437 2261 in
1455 2231 1566 2270 quibus
1577 2233 1642 2261 duae
1659 2231 1798 2270 legiones
1809 2237 1910 2265 erant,
1924 2239 1996 2272 prae-

1326 2280 1388 2302 erat
1403 2283 1411 2309 ;
1430 2270 1511 2301 forte
1524 2295 1532 2306 ‚
1549 2272 1634 2309 quod
1655 2271 1775 2301 senior:
1792 2271 1835 2298 uti
1859 2269 1995 2306 expllcat

1326 2311 1473 2350 Ryckius.
1493 2311 1588 2340 Nulla
1609 2321 1682 2348 ergo
1702 2308 1882 2343 difficultas,
1901 2317 1994 2344 quam

1324 2350 1414 2388 fingit
1447 2349 1581 2379 eruditus
1614 2349 1756 2378 Savilius.
1788 2347 1862 2376 Duae
1876 2354 1993 2389 'autern

1324 2389 1383 2419 illae
1400 2388 1538 2427 legiones
1552 2396 1637 2418 erant
1657 2388 1766 2426 quinta
1784 2386 1816 2416 ὃς
1830 2385 1993 2424 qumtade·

1324 2428 1424 2466 eima,
1439 2438 1506 2467 quae
1525 2435 1738 2459 memorantur
1763 2424 1843 2457 infra
1858 2435 1922 2463 cap.
1942 2434 1992 2463 35.

2031 830 2078 855 10

2026 1462 2081 1490 20
