2209 3047
491 293 605 309 z

492 322 522 346 A.
534 322 562 343 [Σ.
575 321 606 344 C.

512 369 583 402 823.

508 418 579 441 J.C.

519 473 571 502 70.

603 2267 707 2305 facile,
730 2272 845 2299 ceterum
863 2274 1010 2311 aegerrume'
1024 2272 1159 2311 desinere:
1179 2283 1232 2302 non
1250 2274 1278 2302 in

625 204 714 239 274
891 189 940 229 C.
999 188 1409 230 CORNELII
1463 185 1749 230 TACITl

623 283 808 309 verorum
828 267 978 322 legatio
997 268 1084 310 illic
1103 268 1382 325 opperiebatur
1400 297 1412 319 ,
1441 270 1635 309 acerrimo
1652 269 1877 309 instin&ore
1894 268 1990 311 belli

619 330 759 371 Tullio
782 330 1015 372 Valentino.
1041 332 1080 372 Is
1103 332 1293 372 meditat&
1317 333 1497 372 oratione
1510 361 1523 381 ,
1550 332 1714 381 cuneta,
1743 333 1896 385 magnis
1914 333 1992 372 ima,

619 395 736 450 periis
757 391 944 445 objetRari
963 394 1098 445 solita,
1119 393 1462 449 contumeliasque
1478 399 1518 435 &
1533 393 1725 434 invidiam
1741 395 1783 432 in
1798 393 1994 450 populum

619 458 854 498 Romanum
876 458 1041 505 effudit;
1061 457 1238 498 turbidus
1262 457 1474 499 miscendis
1493 455 1753 499 seditionibus
1766 485 1780 506 ‚
1801 460 1842 496 &
1863 455 1996 512 pleris-

621 534 696 574 que
719 533 853 574 gratus
878 521 1041 561 vecordi
1063 519 1250 560 facundia
1278 525 1306 560 ¹.

681 582 793 623 LXI
803 583 855 623 X.
874 584 947 623 AT
966 582 1095 627 Julius
1111 583 1294 638 Auspex,
1314 597 1335 623 e
1354 581 1594 638 primoribus
1611 583 1854 632 Remorum,
1874 598 1895 618 «
1912 583 1992 622 vim

618 646 902 696 »Romanam,
939 645 1125 701 pacisque
1161 645 1266 686 bona
1293 663 1315 683 2>
1353 646 1581 696 dissertans,
1606 649 1646 686 ὃ(
1670 662 1691 681 «
1719 645 1821 685 sumi
1842 643 1995 685 bellum

617 709 770 748 »etiam
797 708 844 749 ab
866 710 1021 762 ignavis
1041 713 1079 758 ²,
1100 708 1344 748 strenuissimi
1365 707 1553 762 cujusque
1572 706 1753 764 periculo
1774 709 1879 763 geri,
1896 706 1994 759 jam-

617 785 726 824 »que
753 772 867 826 super
894 784 1013 826 caput
1036 770 1218 826 legiones
1247 789 1292 821 2),
1316 771 1639 827 sapientissimum
1662 785 1859 825 quemque
1880 784 1995 811 reve-

617 833 745 873 rentia
765 834 919 887 fideque
936 863 948 883 ,
974 832 1149 886 juniores
1175 833 1358 889 periculo
1390 850 1436 875 ac
1462 847 1572 874 metu
1597 835 1813 874 continuit.
1834 832 1886 873 Et
1910 834 1994 875 Va-

616 895 760 936 lentini
795 897 972 935 animum
994 894 1236 946 laudabant,
1265 896 1474 938 consilium
1502 897 1688 952 Auspicis
1717 895 1995 949 sequebantur.

618 958 782 998 Constat
800 957 986 998 obstitisse
1000 959 1185 999 Treveris
1201 959 1530 1013 Lingonibusque
1547 959 1652 1014 apud
1668 957 1841 1008 Gallias,
1862 959 1970 1012 quod
1980 987 1995 1008 ,

615 1021 799 1062 Vindicis
821 1034 934 1061 motu
947 1050 961 1071 ,
982 1036 1074 1061 cum
1094 1022 1290 1076 Verginio
1310 1023 1494 1062 steterant
1517 1027 1544 1061 ³.
1559 1021 1766 1061 Deterruit
1786 1019 1995 1076 plerosque

615 1084 913 1139 provinciarum
936 1083 1157 1124 aemulatio:
1181 1100 1203 1120 «
1226 1084 1334 1140 quod
1360 1083 1470 1125 bello
1493 1086 1640 1140 caput?
1661 1084 1767 1124 unde
1784 1083 1844 1135 jus
1865 1085 2005 1140 auspi--

613 1147 834 1200 »ciumque
851 1149 1077 1202 peteretur?
1099 1161 1214 1200 quam
1229 1176 1241 1196 ‚
1264 1147 1289 1185 fi
1312 1148 1452 1187 cunita
1467 1146 1755 1202 provenissent,
1775 1146 1908 1187 sedem
1924 1149 1992 1187 im-

612 1209 757 1263 »perio
776 1208 958 1264 legerent
977 1212 1023 1248 »?
1043 1209 1240 1250 Nondum
1260 1211 1425 1251 vi&oria
1439 1240 1451 1261 ,
1469 1208 1548 1262 jam
1566 1209 1764 1250 discordia
1782 1223 1886 1250 erat:
1908 1209 1994 1251 aliis

611 1269 789 1321 foedera,
817 1271 1048 1326 quibusdam
1079 1287 1175 1327 opes
1199 1272 1405 1326 viresque,
1437 1286 1504 1314 aut
1529 1273 1762 1313 vetustatem
1787 1274 1952 1328 originis
1980 1301 1995 1324 ,

611 1348 684 1389 per
700 1332 828 1388 jurgia
847 1333 1079 1385 jactantibus
1099 1341 1128 1372 4.
1145 1335 1283 1376 Taedio
1303 1335 1549 1385 futurorum,
1570 1335 1774 1391 praesentia
1793 1334 1993 1391 placuere.

612 1396 849 1437 Scribuntur
885 1398 934 1438 ad
961 1398 1159 1439 Treveros
1187 1397 1357 1454 epistolae
1377 1427 1390 1448 ,
1434 1400 1598 1439 nomine
1625 1397 1874 1448 Galliarum,
1902 1415 1923 1434 «
1949 1411 1995 1438 ut

611 1458 882 1500 »abstinerent
907 1462 1045 1510 armis,
1073 1460 1315 1516 impetrabili
1339 1460 1482 1511 venia,
1511 1465 1552 1501 &
1580 1462 1723 1516 paratis
1757 1461 1994 1517 deprecato-

611 1520 751 1562 »ribus
760 1551 774 1572 ,
801 1522 827 1561 fi
857 1525 1060 1578 paeniteret
1083 1540 1125 1564 ι).
1152 1524 1313 1565 Restitit
1339 1524 1446 1564 idem
1463 1523 1702 1565 Valentinus
1724 1524 1994 1577 obstruxitque

614 1585 788 1625 civitatis
813 1585 887 1625 suae
909 1590 922 1616 5
946 1600 1056 1627 aures
1069 1615 1081 1636 ‚
1102 1586 1209 1627 haud
1229 1586 1393 1643 perinde
1414 1586 1642 1628 instruendo
1661 1585 1771 1627 bello
1791 1588 1994 1639 intentus,

613 1645 731 1701 quam
757 1647 942 1702 frequens
970 1648 1249 1690 concionibus.

674 1709 822 1751 LXX.
856 1711 1038 1752 Imma
1065 1727 1148 1753 non
1172 1712 1364 1762 Treveri,
1395 1726 1525 1766 neque
1545 1711 1776 1767 Lingones,
1803 1725 1994 1753 ceteraeve

613 1771 823 1813 rebellium
844 1775 1047 1825 civitates,
1065 1790 1138 1831 pro
1157 1775 1433 1830 magnitudine
1454 1776 1626 1831 suscepti
1647 1775 1884 1816 discriminis
1906 1789 1993 1831 age-

613 1849 667 1875 re.
691 1837 757 1876 Ne
785 1836 906 1878 duces
932 1838 1119 1891 quidem,
1146 1839 1188 1879 in
1210 1853 1333 1878 unum
1359 1837 1580 1879 consulere.
1607 1837 1687 1878 Sed
1711 1836 1880 1888 Civilis,
1906 1839 1993 1879 avia

613 1896 827 1952 Belgarum
851 1898 869 1921 ⁶
893 1899 1157 1947 circumibat3
1188 1901 1282 1942 dum
1321 1900 1537 1942 Claudium
1565 1899 1797 1941 Labeonem
1825 1915 1993 1956 capere,

613 1974 682 2000 aut
702 1961 911 2003 exturbare
936 1964 1088 2004 nititur.
1115 1962 1306 2006 Clafficus
1318 1993 1333 2015 ‚
1357 1963 1478 2019 segne
1503 1963 1736 2020 plerumque
1762 1964 1890 2004 otium
1918 1977 1993 2005 tra-

1323 2078 1484 2118 plemento
1501 2078 1615 2108 Annal.
1633 2078 1706 2109 XVI
1717 2100 1727 2114 ‚
1744 2079 1795 2116 78.

1362 2122 1378 2140 ⁴
1397 2119 1605 2148 JAcTAuTmuS
1619 2119 1632 2155 ]
1644 2119 1685 2148 Ut
1693 2126 1786 2155 penes
1798 2115 1827 2146 se
1840 2115 1990 2153 foret-jus,

1323 2156 1490 2195 auspicium
1503 2180 1512 2193 ‚
1535 2157 1681 2195 sedesque
1700 2155 1838 2194 Imperii.
1857 2155 1906 2186 Sic
1932 2155 1989 2185 Li-

1323 2195 1391 2225 vius
1413 2197 1520 2232 XXII,
1545 2207 1569 2225 1.
1597 2194 1680 2235 Quod
1698 2195 1769 2224 enim
1783 2194 1823 2223 illi
1835 2193 1931 2233 justum
1941 2194 1990 2222 im·

1319 2235 1422 2271 perium
1432 2258 1441 2271 ‚
1457 2234 1525 2273 quod
1540 2235 1685 2274 aufficium
1697 2234 1766 2274 effe?
1782 2233 1868 2264 Idem
1877 2232 1988 2262 Livius

1322 2275 1508 2311 XXVIII,
1533 2285 1583 2313 27.
1610 2273 1754 2311 Imperium
1791 2271 1988 2311 auspiciumque

1321 2312 1470 2351 abnuistis,
1481 2314 1652 2351 sacramenti
1672 2312 1830 2351 religionem
1851 2309 1967 2349 rupistis.

1362 2357 1369 2377 5
1396 2353 1567 2383 CIVITATIS
1589 2354 1679 2389 suia]
1699 2352 1918 2380 Treverorum.

1358 2392 1371 2409 ⁶
1391 2393 1478 2422 Avu
1500 2392 1676 2421 Βεισᾼκυκ
1694 2391 1709 2427 ]
1731 2390 1778 2419 De
1798 2388 1908 2428 quibus
1922 2387 1988 2418 dic—

1320 2436 1385 2460 tum
1397 2429 1483 2469 supra
1506 2439 1571 2468 cap.
1593 2433 1642 2461 66.
1655 2438 1723 2468 pag.
1736 2438 1807 2467 27²·
1822 2435 1889 2459 not.
1907 2438 1937 2458 2.
1980 2446 1985 2451 ·

646 2078 663 2117 ‘¹
688 2076 836 2106 Vacoxm
860 2088 1015 2108 neumam
1030 2082 1043 2112 ]
1058 2078 1094 2107 Id
1114 2078 1171 2115 est,
1185 2087 1220 2110 ut
1231 2089 1285 2110 ex·

627 2112 716 2158 *liegar-
731 2116 837 2145 Illustr.
852 2117 1000 2153 Huetius,
1015 2117 1198 2154 temeraria,
1218 2119 1282 2149 sto·-

623 2152 692 2187 ida‚
709 2155 898 2192 improvidi.

611 2227 622 2234 ,
654 2193 666 2206 ²
690 2194 735 2222 An
758 2198 928 2228 renavis]
943 2195 987 2224 Ita
998 2193 1095 2225 ferme
1109 2195 1281 2231 Sallustius,

611 2239 645 2258 m
665 2230 803 2270 Jugurth.
831 2243 895 2271 cap.
918 2243 966 2271 54.
991 2233 1078 2262 Omne
1102 2233 1196 2263 bellum
1207 2235 1281 2272 flami

611 2307 723 2351 ejusdem
740 2309 868 2348 potestate
882 2312 990 2339 initium
1005 2312 1063 2349 ejus
1076 2310 1106 2340 Εν
1111 2311 1200 2350 finem
1212 2312 1278 2352 effe.-

609 2355 730 2383 znczpere
740 2349 828 2378 cuivis
843 2350 925 2379 eriam
936 2349 1036 2389 ignavo
1049 2349 1128 2379 licere
1137 2361 1150 2386 ,·
1165 2350 1278 2389 deponi,

611 2386 670 2414 cuim
689 2387 803 2417 vidior-es
816 2387 915 2418 velint.

649 2429 661 2451 ὃ
681 2426 863 2459 δτετεευικτ
880 2429 896 2466 ]
914 2429 952 2460 Ut
970 2427 1084 2460 dietum
1099 2427 1138 2459 est
1150 2428 1182 2459 in
1201 2430 1278 2467 Sup-

2029 846 2078 874 10

2029 1159 2076 1198 15

2024 1472 2080 1500 2<2

2022 1787 2075 1826 25
