2230 3047
77 823 127 850 10

74 1136 129 1176 ³5

73 1455 131 1482 2<>

326 164 801 207 HI'STORIARUM
832 162 1031 204 LIBER
1065 162 1360 205 TERTIUS.
1467 176 1543 211 193

156 258 290 302 partes
317 247 514 296 studium,
547 260 627 287 tam
657 245 821 302 pavidus
841 241 1000 284 Vitellii
1023 243 1206 283 discessus
1235 244 1407 284 addidit:
1437 257 1548 284 erec-

159 322 223 350 tus
253 311 407 351 Samnis
431 340 444 360 ,
480 309 746 364 Pelignusque
760 339 773 359 ,
812 312 852 348 ὃς
885 305 1005 346 Marsi
1044 310 1052 327 ¹
1072 334 1085 355 ,
1123 306 1374 347 aemulatione
1396 338 1407 357 ‚
1439 307 1547 360 quod

160 372 381 428 Campania
399 377 411 393 ²
430 372 695 428 praeveniffet,
718 385 762 411 ut
788 372 829 410 in
850 384 958 410 novo
987 367 1178 422 obsequio
1199 369 1247 408 ad
1277 372 1416 410 cunCta
1448 369 1544 410 belli

160 437 297 475 munia
313 450 421 476 acres
446 448 558 476 erant
575 434 698 475 ³.Sed
714 432 822 473 foeda
847 434 980 473 hieme
1006 446 1076 487 per
1102 431 1307 471 transitum
1337 434 1545 488 Apennini

162 498 411 540 conflifimtus
427 499 624 539 exercitus
639 514 647 536 :
669 501 709 537 &
725 498 793 536 vix
809 498 946 550 quieto
961 496 1119 549 agmine
1136 495 1246 534 nives
1262 494 1545 546 eluctantibus,

160 563 288 617 patuit
304 576 495 616 quantum
511 560 748 601 discriminis
764 559 991 599 adeundum
1006 557 1131 606 foret,
1152 559 1193 597 ni
1208 556 1422 599 Vitellium
1437 573 1543 599 retro

161 624 321 665 fortuna
348 625 523 666 vertisset
541 628 585 670 ⁴3
623 637 705 676 quae
733 621 934 663 Flavianis
972 620 1140 661 ducibus
1164 635 1246 661 non
1269 621 1398 661 minus
1422 622 1518 676 saepe
1532 652 1545 672 ‚

160 686 280 741 quam
296 688 397 728 ratio
416 686 542 728 adfuit
560 689 587 726 5.
606 684 788 726 Obvium
808 683 894 725 illic
914 683 1102 724 Petilium
1125 682 1324 723 Cerialem
1343 683 1515 724 habuere
1532 715 1545 734 ,

159 751 298 804 agresti
330 748 467 799 cultu,
492 754 533 790 &
560 746 704 789 notitia
733 747 919 789 locorum
946 747 1140 788 custodias
1173 745 1330 788 Vitellii
1355 746 1545 802 elapsum.

159 813 387 868 Propinqua
402 812 580 853 adfinitas
598 809 748 852 Ceriali
761 826 854 852 cum
869 810 1110 866 Vespasiano
1122 839 1134 859 ‚
1160 824 1235 850 nec
1253 809 1335 864 ipse
1352 809 1546 864 inglorius

160 874 312 916 militiae
327 890 338 923 3
365 875 495 930 eoque
510 876 613 915 inter
630 875 750 915 duces
769 873 998 929 adsumptus
1015 873 1080 912 est.
1101 890 1121 909 (c
1139 871 1283 913 Flavio
1301 888 1459 926 quoque
1475 874 1548 912 Sa-

159 956 182 976 ))
193 938 289 980 bino
303 969 315 988 ,
343 954 389 980 ac
408 939 648 979 Domitiano
669 937 832 994 patuisse
854 937 1048 990 effugium
1068 953 1113 986 »‚
1137 934 1254 975 multi
1275 936 1484 976 tradidere.
1498 935 1550 976 Et

160 1002 259 1042 missi
281 1001 328 1042 ab
348 1003 531 1043 Antonio
548 1002 678 1042 nuntii
694 1031 707 1051 ‚
732 1015 801 1056 per
817 1001 943 1040 varias
960 998 1126 1039 fallendi
1143 1013 1242 1039 artes
1260 999 1521 1054 penetrabant
1536 1030 1549 1049 ‚

169 1082 191 1102 «
206 1064 346 1106 locum
362 1081 408 1106 ac
425 1064 642 1121 praefidium
660 1062 676 1084 ⁶
694 1082 714 1100 »
732 1065 1004 1104 monstrantes.
1024 1061 1192 1102 Sabinus
1218 1079 1239 1097 <c
1261 1061 1481 1103 inhabilem
1496 1061 1551 1102 la—

161 1127 281 1169 »bori
298 1133 339 1169 &
355 1129 526 1170 audaciae
543 1126 816 1168 valetudinem
834 1145 854 1163 »
871 1125 1122 1167 causabatur:
1148 1125 1387 1165 Domitiano
1415 1126 1549 1166 aderat

162 1193 339 1233 animus:
366 1191 433 1232 sed
449 1191 629 1232 custodes
650 1206 671 1231 a
686 1189 857 1232 Vitellio
874 1189 1023 1239 additi,
1047 1203 1286 1242 quamquam
1309 1206 1329 1224 (ε
1350 1188 1389 1228 se
1416 1188 1547 1229 socios

157 1255 295 1310 »fugae
312 1272 333 1292 »
350 1256 631 1312 promitterent
644 1284 657 1304 ‚
682 1267 884 1307 tamquam
900 1252 1124 1293 insidiantes
1137 1249 1392 1291 timebantur.
1415 1252 1549 1305 Atque

159 1318 244 1374 ipse
258 1317 448 1359 Vitellius
460 1348 474 1369 ,
495 1317 672 1374 respeEtu
689 1317 846 1357 suarum
866 1314 1197 1357 necessitudinum
1215 1319 1229 1341 7
1239 1344 1253 1364 ,
1278 1313 1380 1354 nihil
1395 1316 1436 1354 in
1458 1315 1549 1356 Do·-

162 1382 374 1424 mitianum
390 1396 506 1422 atrox
521 1380 695 1437 parabat.

222 1444 321 1485 LX.
355 1445 528 1485 DUCES
553 1445 724 1500 partium
741 1457 785 1484 ut
808 1441 990 1484 Carsulas
1009 1439 1023 1464 ⁸
1047 1442 1218 1492 venere,
1243 1455 1393 1497 paucos
1416 1440 1465 1481 ad
1486 1455 1549 1481 re-

161 1509 295 1562 quiem
311 1508 393 1550 dies
410 1508 591 1558 sumunt,
612 1507 743 1548 donec
759 1505 896 1561 aquilae
906 1537 918 1557 ,
940 1506 1124 1561 signaque
1141 1504 1349 1560 legionum
1365 1504 1550 1558 adseque‹

160 1585 319 1612 rentur:
347 1576 387 1613 ὅ(
416 1571 531 1613 locus
559 1571 642 1627 ipse
672 1571 885 1611 castrorum
915 1568 1124 1626 placebat,
1150 1567 1230 1609 late
1258 1568 1510 1624 prospectans
1534 1596 1548 1617 ,

159 1646 251 1676 tuto
266 1636 474 1690 copiarum
486 1639 501 1662 ⁹
517 1635 699 1689 aggestu,
714 1633 993 1674 florentissimis
1008 1647 1113 1689 pone
1126 1644 1284 1686 tergum
1298 1631 1546 1686 municipiis:

161 1697 276 1738 simul
292 1697 499 1752 colloquia
515 1712 608 1739 cum
623 1695 853 1738 Vitellianis
872 1726 883 1746 ‚
909 1696 1050 1737 decem
1070 1693 1241 1734 millium
1258 1694 1385 1749 spatio
1403 1693 1548 1734 distan-

160 1760 266 1801 tibus
279 1790 293 1811 ,
319 1765 359 1802 &
377 1761 552 1817 proditio
569 1760 807 1816 sperabatur.
825 1761 952 1814 AEgre
966 1759 1006 1799 id
1023 1759 1103 1814 pati
1117 1757 1231 1798 miles
1246 1787 1259 1807 ,
1287 1761 1326 1797 &
1342 1757 1549 1797 vicloriam

159 1822 308 1875 malle,
333 1823 451 1879 quam
471 1839 634 1881 pacem:
658 1839 708 1865 ne
726 1824 811 1865 suas
831 1823 992 1877 quidem
1011 1821 1192 1877 legiones
1216 1819 1549 1876 opperiebantur,

873 1955 994 1978 novum
1016 1952 1081 1975 etat
1101 1942 1298 1983 obsequium.

203 1953 212 1967 ¹
236 1948 280 1979 Er
299 1948 405 1979 Massi
426 1949 440 1985 ]
475 1949 512 1977 In
537 1954 637 1986 partes
659 1946 834 1986 Vespasiani
1334 1980 1339 1985 ι
1407 1979 1412 1985 ,

913 1991 927 2009 ⁴
951 1984 1161 2019 vmnssm]
1190 1984 1271 2013 Cum
1303 1980 1451 2012 Vitelllus
1483 1980 1548 2010 Ro-

160 1989 277 2018 ereans
297 1988 332 2019 &
352 1987 510 2018 animosus
531 1986 651 2017 Samnis
664 2010 673 2023 ‚
697 1997 782 2017 nunc
806 1985 833 2014 Ia

158 2027 251 2063 partie
272 2025 305 2056 cle
325 2026 471 2066 I’Abruzze
496 2025 638 2055 citerieure
653 2049 662 2063 ,
691 2026 715 2055 Ie
741 2025 836 2055 comte
1452 2039 1460 2047 ·
1462 2023 1525 2085 η156·

161 2064 196 2094 de
210 2065 326 2133 Molpe,
342 2066 372 2095 Εν
388 2066 479 2103 partie
493 2065 526 2094 de
543 2065 571 2094 la
589 2074 659 2094 terre
676 2064 708 2094 de
723 2064 835 2094 Labour
916 2070 924 2091 5
950 2066 1096 2097 Aurum]
1113 2061 1161 2091 Sic
1179 2061 1265 2100 supra
1282 2070 1347 2098 cap.
1369 2062 1418 2096 46.
1432 2058 1458 2102 A
1472 2057 1548 2095 ficit,

161 2103 196 2134 ὓ·
217 2104 250 2134 de
281 2115 298 2134 a
328 2105 498 2142 Capiranace
512 2115 525 2140 ,·
556 2105 699 2144 Pelignus
711 2129 720 2141 ‚
750 2115 834 2135 nunc
874 2104 981 2142 utsoepe
997 2102 1088 2138 ali.z·s‚
1101 2101 1216 2138 fhrtuna
1231 2099 1321 2137 populi
1339 2098 1467 2127 Romani.

158 2145 251 2183 partie
266 2143 299 2173 de
311 2143 409 2173 l'Abru
427 2155 457 2182 {e
472 2144 612 2174 citerieure
630 2154 705 2172 entre
720 2143 835 2184 lesfleu-
913 2144 926 2162 ⁶
949 2144 1068 2173 Locum
1091 2153 1127 2171 ‚xc
1154 2149 1331 2169 Pnffismium
1352 2138 1366 2174 ]
1401 2138 1524 2168 Locum
1539 2159 1548 2171 ,

162 2194 212 2214 ves
226 2183 347 2222 ΡςῙὶ-ανα
366 2183 396 2213 ὓ
437 2194 535 2223 angro.
553 2182 660 2219 Marsi,
678 2194 836 2220 nuncpar-
876 2183 938 2221 quo
972 2181 1000 2212 se
1026 2180 1199 2219 reciperent
1218 2202 1228 2217 ,
1262 2186 1425 2215 tutumque
1455 2174 1550 2215 praefi-

162 2223 202 2253 tie
222 2222 254 2252 de
265 2222 411 2263 l'Abruzze
430 2222 574 2252 ulterieure
597 2224 663 2259 pres
685 2221 720 2250 du
741 2222 784 2251 lac
804 2222 836 2251 de
877 2222 975 2252 dium.

873 2035 955 2055 mam
977 2023 1105 2055 revertit
1118 2046 1126 2058 ,
1142 2031 1176 2052 ut
1193 2021 1308 2051 dictum
1334 2020 1374 2050 est
1393 2029 1447 2057 cap

162 2261 276 2295 Gelano-
915 2267 927 2286 ⁷
943 2263 1075 2291 Sunium
1091 2254 1449 2294 uscrzssxrumuumsspss
1461 2254 1548 2285 enim

203 2306 218 2323 2
241 2303 439 2335 Caunum]
457 2300 502 2330 La
519 2300 686 2336 Campanie,
706 2301 757 2330 vel
773 2310 837 2336 par·
876 2300 1007 2332 Vitellio
1025 2306 1089 2329 erat
1106 2307 1221 2334 mater,
1236 2306 1314 2327 uxor
1327 2319 1334 2331 ,
1356 2294 1466 2329 liberi,
1488 2294 1551 2324 &c.

164 2340 202 2370 tie
224 2340 256 2370 de
271 2340 298 2370 la
311 2350 381 2370 terre
399 2339 432 2369 de
454 2339 566 2369 Labour
579 2339 609 2369 Cr
626 2339 658 2368 de
676 2339 703 2368 la
722 2339 837 2369 Princi-
918 2341 929 2359 ⁸
953 2341 1119 2370 Cansurexs
1134 2340 1146 2376 ]
1162 2336 1354 2367 Carsularum
1367 2342 1553 2377 manenti-u-

164 2380 249 2417 paura
259 2380 420 2410 Citdrieure.
878 2380 949 2412 dcra
966 2388 1062 2418 prope
1078 2377 1166 2406 Samo
1180 2374 1310 2410 Gemini,
1335 2374 1366 2402 in
1382 2374 1520 2403 Umbria.

206 2424 218 2448 ³
241 2421 344 2452 Acus
367 2429 474 2450 anau-r
488 2420 504 2458 ]
516 2420 562 2454 Εὸ
576 2419 712 2453 acriores
724 2442 734 2459 ‚
752 2418 839 2459 quod
918 2425 931 2445 9
953 2421 1127 2452 commum
1142 2418 1158 2455 ]
1178 2418 1432 2448 Commeatuum.

264 2463 370 2506 Tom.
403 2464 482 2507 III.
1295 2457 1327 2497 B
1344 2455 1367 2496 b

1572 252 1686 266 Ξ

1573 286 1600 310 Α.
1613 287 1642 309 U.
1654 287 1684 311 C·

1593 334 1663 362 822.

1592 385 1613 408 J.
1626 385 1655 408 C.

1602 433 1653 466 69·
