2209 3047
361 174 443 217 AD
460 175 684 217 LIBRUM
709 174 761 215 V.
789 172 933 215 HIST.
965 173 1012 214 C.
1035 172 1215 215 CORN.
1242 170 1452 215 TACITI.
1532 179 1614 226 561

235 253 458 302 Vespasianum
487 268 523 289 ac
549 254 655 289 Titum
670 253 901 300 praedixerant.
926 250 985 286 Sed
1007 252 1124 297 vulgus
1139 279 1148 295 ‚
1173 265 1257 287 more
1273 253 1417 287 humanae
1438 250 1593 298 cupidinis
1609 281 1619 294 ,

224 304 293 351 fibi
318 317 443 340 tantam
469 305 618 352 fatorum
654 303 906 350 magnitudinem
935 303 1156 346 interpretati,
1182 315 1219 336 ne
1249 301 1388 347 adversis
1423 302 1546 350 quidem
1579 300 1621 336 ad

237 367 315 389 vera
349 355 566 390 mutabantur.
599 353 688 389 Earn
712 365 859 403 quoque
885 349 1027 387 testatur
1050 351 1242 386 Suetonius
1266 352 1302 387 in
1325 351 1529 400 Vespasian.
1558 350 1622 387 lV.

237 405 465 440 Percrebuerat
483 405 614 440 Oriente
632 416 697 439 toto
721 416 812 439 vetus
832 404 868 438 sy
887 402 1028 449 constans
1051 403 1154 447 opinio
1187 416 1200 434 :
1226 403 1280 449 effe
1309 405 1341 437 in
1358 403 1443 448 fatis
1478 428 1486 444 ,
1517 413 1550 436 ut
1587 415 1622 437 eo

238 465 375 500 tempore
387 454 503 493 sudaed
519 455 653 502 profecsii
673 467 776 488 rerum
793 455 985 498 potirentur.
1005 451 1042 486 Id
1058 451 1094 486 de
1108 453 1299 496 Imperatore
1315 452 1460 487 Romano
1479 478 1489 493 ,
1514 465 1623 500 quan-

240 515 309 539 tum
341 517 454 540 eventu
478 504 586 551 postea
620 506 729 550 patuit
751 528 761 544 ‚
787 503 975 548 praedifium
993 501 1095 536 Judaei
1126 499 1215 546 adse
1233 502 1387 536 trahentes
1414 503 1623 538 rebellarunt.

237 554 507 604 Significantius
523 554 642 590 adhuc
661 552 835 601 Josephus
851 580 861 594 ,
879 553 962 587 Bell.
979 551 1054 586 Jud.
1067 549 1118 587 VI
1133 578 1142 593 ,
1164 559 1196 598 ς.
1218 561 1315 584 num.
1336 562 1372 595 4.
1400 556 1437 587 τὸ
1459 557 1489 587 se
1505 551 1624 601 {wqt'pzv

242 606 339 645 αὐτές
364 604 546 649 (Ιέδὶιίιςς)
565 604 694 649 perinte-ac
713 606 783 650 πρὸς
799 605 849 637 τὸν
867 607 1000 646 ωᾶλεμῠν
1016 629 1025 643 ‚
1064 603 1094 638 ἦν
1120 601 1251 649 χρκσμός
1267 604 1436 644 οἶμφίζσλος
1464 605 1569 646 ὁμοίως
1593 607 1623 638 ἆυ

241 660 304 694 ’τοῖς
330 660 412 704 ἱεροῖς
450 660 598 703 ἑυρκμένος
623 652 803 702 κάμμασιν
825 679 835 693 ,
858 657 894 690 ὥς
917 652 1002 687 nan-02
1024 654 1072 687 τὲν
1099 654 1196 699 καιρὶν
1213 652 1314 685 ἐκεῖνον
1331 678 1340 691 ‚
1364 654 1428 686 dra—i>
1448 657 1499 689 τ’ῗις
1523 651 1624 700 χώρας

240 708 289 743 τὶς
308 707 406 740 αὐτῶν
421 704 507 753 εἴρξει
533 710 585 742 τῆς
601 707 763 747 οἷκεςμέιής.
785 701 865 738 Τὲτο
889 706 915 737 oi
937 701 992 748 μῖζι)
1009 707 1046 740 ῶς
1073 703 1173 736 οἷκεῗον
1197 701 1337 744 ἐξέλσιςον
1353 726 1362 742 ,
1389 699 1415 736 (δ’,
1433 704 1543 736 (πολλοὶ
1569 704 1626 737 τῶν

241 757 331 798 σοφῶν
358 759 563 790 ἐπλανήθησαν
583 755 650 801 περὶ
682 756 732 789 τὴν
756 752 850 793 κάσιν
876 765 885 774 ·
912 756 1000 788 ὲὸἠλες
1025 755 1053 786 δ’
1081 750 1142 799 αἴρει
1166 750 1239 791 rme)
1269 752 1320 787 τὴν
1350 753 1561 785 Οὐεσπασιανὲ
1591 754 1625 786 τδ

242 807 344 848 λόγιον
362 807 540 848 ὗᾳεμονίαν,
563 807 797 848 αι’(ωοιῗειχθὲντος
819 803 870 838 {wi
888 805 1026 840 I'aaealoee
1050 800 1279 848 αὐτοκράτορος.
1315 799 1375 835 Sed
1391 799 1472 847 quod
1487 801 1628 834 maxim&

243 854 370 889 Judaeos
390 853 432 888 ad
451 854 568 889 bellum
586 855 786 888 excitaverat
807 878 817 894 ‚
846 854 1036 887 vaticinium
1058 862 1126 885 erat
1145 851 1330 896 ambiguum
1355 851 1389 884 in
1408 850 1509 896 scieris
1538 850 1628 884 libris

244 915 404 951 repertum
431 930 441 946 ,
485 904 552 938 illis
581 903 771 948 temporibus
795 901 960 949 quemdam
993 914 1032 935 ex
1057 901 1193 947 ipfhrum
1206 900 1331 947 finibus
1359 899 1442 933 orbis
1470 910 1630 933 terrarum

245 956 375 1000 imperio
388 955 578 1000 potiturum.
609 953 648 987 Id
673 954 754 986 enim
779 952 830 986 illi
861 951 950 999 quafi
967 950 1033 996 filli
1055 953 1220 996 proprium
1244 960 1426 995 acceperunt
1444 975 1453 991 ,
1476 950 1630 996 multique

235 1005 398 1051 sapientes
422 1004 682 1049 interpretatione
705 1002 823 1047 decepti
843 1002 933 1048 fimf.
961 999 1174 1047 Significabat
1197 1012 1304 1045 nempe
1323 1000 1486 1034 oraculum
1513 999 1632 1045 Vespa-

236 1053 327 1102 fiani
348 1056 565 1100 principatum
580 1079 589 1094 ,
620 1054 673 1100 qui
693 1054 726 1086 in
741 1051 853 1087 Judaed
877 1051 1056 1086 declaratus
1073 1050 1114 1091 es?
1129 1051 1316 1097 Imperator.

299 1102 497 1138 Graculum
521 1101 666 1151 quidem
692 1101 842 1137 Tacitus
870 1113 912 1136 ac
941 1099 1133 1136 Suetonius
1158 1099 1234 1136 veri
1268 1099 1497 1149 ignorantia,
1526 1098 1632 1135 Jose-

246 1152 340 1202 phus
364 1152 574 1189 adulatione
589 1181 598 1194 ,
629 1151 667 1186 in
691 1150 897 1200 Vespasiani
920 1150 1101 1187 fortunam
1126 1160 1272 1185 traxere.
1300 1150 1352 1185 At
1375 1148 1502 1185 altiora
1527 1152 1559 1185 ὃς
1582 1148 1633 1184 di-

247 1203 393 1240 viniora
427 1202 660 1251 praenuntiari
686 1200 929 1238 demonstrant
951 1200 1107 1250 antiquae
1132 1199 1204 1235 illae
1233 1198 1370 1242 literae,
1399 1211 1478 1248 quae
1514 1198 1634 1235 adhuc

246 1252 382 1290 exstant
391 1252 486 1302 apud
497 1251 643 1294 Daniel,
656 1252 708 1295 ΙΙ,
723 1264 786 1299 44.
799 1254 838 1286 In
850 1252 956 1286 diebus
971 1262 1075 1286 autem
1087 1263 1253 1299 regnorum
1266 1248 1341 1292 (vel
1355 1262 1464 1296 regum
1478 1275 1487 1290 ‚
1505 1248 1633 1293 ψέγῃ)

245 1305 378 1338 illorum
393 1331 403 1347 ‚
440 1305 585 1350 uscitabit
596 1304 685 1339 Deus
700 1304 770 1337 caeli
792 1315 925 1350 regnum
937 1331 945 1343 ,
957 1301 1040 1350 quod
1057 1303 1089 1335 in
1102 1311 1253 1335 aeternum
1268 1312 1330 1334 non
1344 1298 1541 1346 diſj'ipabitur
1557 1325 1566 1341 ,
1597 1299 1635 1334 ἓν

244 1366 377 1401 regnum
407 1356 473 1401 ejus
500 1355 595 1387 alteri
616 1353 733 1399 populo
760 1365 822 1386 non
853 1352 998 1386 tradetur
1023 1365 1037 1384 .·
1068 1352 1256 1385 comminuet
1284 1361 1388 1383 autem
1413 1349 1449 1383 Θ
1478 1349 1635 1395 consumet

244 1406 395 1440 universa
417 1415 512 1451 regna
525 1404 588 1436 haec
602 1417 614 1436 .·
630 1403 666 1437 &³
688 1401 788 1446 ipsum
800 1400 903 1447 stabit
920 1403 954 1435 in
972 1411 1136 1434 aeternum.
1158 1397 1256 1434 Illud
1274 1397 1322 1433 est
1341 1409 1488 1446 regnum
1504 1425 1514 1441 ,
1534 1397 1637 1447 quod

247 1451 439 1501 Apostoli,
456 1450 579 1488 Judaea
596 1449 747 1499 profesti
761 1477 772 1493 ,
791 1462 869 1486 non
880 1462 992 1498 opum
1009 1448 1174 1498 fulgore,
1205 1460 1282 1484 non
1306 1460 1486 1483 armorum
1510 1447 1548 1484 vi
1564 1476 1574 1490 ‚
1591 1460 1637 1484 ne

246 1505 282 1538 in
303 1501 562 1549 persuasibilibus
588 1499 735 1548 quidem
757 1501 901 1534 humanae
921 1500 1089 1546 sapientiae
1114 1498 1242 1543 verbis,
1262 1497 1373 1544 sedin
1392 1497 1639 1545 ostensionespi-

246 1552 329 1587 ritus
355 1552 391 1586 ἓν
412 1553 545 1585 virtutis
570 1549 811 1585 fundaverunt
827 1577 836 1592 ‚
866 1547 951 1585 teste
973 1547 1085 1584 Paulo
1110 1547 1127 1583 Ι
1152 1546 1198 1582 ad
1225 1547 1395 1584 Corinth.
1422 1547 1481 1590 II,
1510 1559 1546 1593 4.
1571 1547 1639 1584 Ba-

245 1600 508 1650 byloniorum,
534 1599 715 1636 Persarum
731 1625 740 1640 ‚
765 1601 993 1640 Graecorum,
1024 1599 1345 1647 Romanorumque
1371 1597 1487 1646 regnis
1505 1598 1637 1644 majus,

247 1650 363 1688 statim
391 1663 454 1699 pet
477 1661 647 1686 terrarum
671 1649 798 1685 orbem
827 1649 898 1684 late
923 1647 1089 1684 diffusum
1114 1647 1162 1684 est
1184 1675 1193 1691 ‚
1232 1658 1272 1683 ut
1304 1647 1426 1683 videre
1459 1646 1508 1683 est
1542 1646 1639 1695 apud

246 1700 415 1738 eumdem
438 1699 587 1736 Paulum
612 1700 650 1735 in
675 1699 743 1747 Ep.
769 1699 815 1735 ad
838 1698 1022 1734 Romanos
1040 1725 1048 1740 ‚
1077 1697 1131 1741 X,
1168 1700 1225 1734 18.
1261 1697 1333 1733 Sub
1366 1696 1446 1744 ipso
1480 1696 1639 1733 Neronis

250 1750 458 1800 principatu
471 1778 480 1793 ,
503 1752 573 1798 jam
593 1749 762 1786 nonnulli
781 1762 800 1786 e
819 1748 932 1785 domo
951 1748 1097 1784 Caesaris
1117 1746 1328 1783 Christiance
1347 1746 1485 1782 militiae
1504 1759 1640 1783 nomen

249 1801 435 1838 dederant.
458 1800 548 1837 Inde
572 1800 699 1836 Paulus
726 1800 762 1835 in
782 1798 944 1848 Epistola
966 1798 1012 1834 ad
1034 1797 1279 1846 Philippenses
1302 1797 1355 1832 IV
1369 1823 1379 1839 ‚
1404 1809 1464 1833 22.
1487 1798 1642 1832 Saluiam

249 1865 330 1895 vos,
357 1855 410 1900 qui
434 1864 553 1886 mecum
566 1852 646 1898 sunt
663 1881 671 1893 ‚
688 1850 825 1897 fratres.
848 1850 1001 1886 Salutant
1020 1862 1076 1884 vos
1101 1862 1204 1884 omnes
1221 1848 1328 1896 sanfli
1343 1875 1354 1891 ,
1380 1848 1520 1883 maxim&
1536 1857 1643 1884 autem

253 1904 307 1951 qui
335 1902 372 1936 de
393 1901 527 1946 Cafsaris
553 1901 642 1936 domo
662 1902 752 1948 sunt.

305 1950 539 2000 Vespasianus
565 1950 733 1999 quidem,
764 1950 809 1986 ad
835 1949 1024 1999 imperinm
1049 1949 1173 1998 postea
1197 1950 1359 1992 evenus,
1390 1948 1492 1984 ausus
1518 1947 1566 1985 est
1590 1947 1644 1983 di-

252 2000 340 2037 vina
364 2002 513 2038 oracula
539 2001 577 2036 in
604 2001 672 2037 succ
696 2000 880 2050 dignitatis
903 2013 1011 2036 omen
1034 2012 1076 2036 ac
1101 1999 1361 2035 firmamentum
1385 1999 1571 2036 divertere.
1595 1998 1643 2032 At

250 2050 376 2095 Deus,
401 2051 505 2088 vanis
528 2050 734 2087 mortalium
758 2049 915 2087 consiliis
937 2049 1092 2086 illudens
1107 2077 1116 2093 ‚
1146 2049 1292 2086 brevem
1310 2048 1396 2085 fecit
1416 2047 1643 2097 Vespasiani,

254 2100 461 2138 breviorem
482 2100 585 2144 Titi,
610 2114 678 2138 nec
700 2101 872 2149 longam,
898 2103 932 2136 &
954 2100 1234 2148 improsperam,
1263 2099 1466 2135 Domitiani
1491 2096 1643 2145 potesta-

253 2159 353 2194 tem3
384 2151 577 2201 paucisque
595 2151 696 2187 annis
716 2150 842 2187 Flavia
861 2150 989 2186 domus
1007 2149 1164 2186 evanuit.
1181 2150 1299 2185 Immo
1319 2159 1357 2185 ut
1385 2147 1549 2184 illustrius
1566 2145 1645 2182 exs-

254 2210 346 2237 taret
380 2212 629 2248 argumentum
663 2201 788 2238 divina
817 2199 964 2237 oracula
1002 2200 1046 2235 ad
1075 2199 1235 2236 Flaviam
1265 2199 1413 2236 domum
1437 2210 1512 2233 non
1538 2195 1645 2244 perti-

256 2250 366 2287 nuisse
381 2277 391 2294 ,
420 2249 517 2286 illius
540 2250 646 2298 ipfius
668 2250 797 2287 domus
819 2262 898 2299 pars
925 2262 1053 2299 magna
1069 2275 1078 2292 ‚
1104 2249 1227 2286 Flavia
1261 2248 1477 2290 DomiriHa,
1508 2245 1645 2293 Vespa-

256 2299 345 2336 fiani
366 2300 484 2348 neptis
498 2329 509 2344 ,
538 2300 646 2336 Titus
663 2300 809 2336 Flavius
831 2299 999 2336 Clemens
1021 2301 1095 2344 eius
1114 2299 1228 2335 fratris
1250 2298 1344 2335 filius
1358 2327 1367 2342 ,
1392 2296 1557 2333 Plautina
1578 2295 1646 2330 fra-

258 2350 318 2385 tris
330 2362 477 2399 quoque
499 2350 594 2394 filia,
618 2350 727 2387 altera
741 2349 867 2386 Flavia
881 2349 1073 2385 Domitilla
1086 2377 1094 2392 ‚
1111 2349 1208 2386 idem
1229 2349 1388 2400 sanguis,
1411 2345 1649 2384 Christianam

259 2398 475 2450 religionem
510 2400 654 2449 professi
678 2428 689 2446 ,
729 2399 888 2450 ideoque
923 2398 1042 2437 exsilia
1075 2401 1109 2436 <Sc
1147 2411 1301 2438 mortem
1341 2397 1425 2445 passi
1452 2424 1462 2440 ‚
1499 2407 1649 2446 regnum

387 2471 592 2516 Tom.III.
1311 2467 1463 2509 Bbbb
