2209 3047
346 164 816 212 HISTORIARUM
852 162 1046 205 LIBER
1084 162 1379 207 TERTIUS.
1484 177 1569 218 205

186 247 308 304 usque
325 249 374 290 ad
389 249 602 292 Vitellium
619 247 770 289 mansit.
786 245 844 287 Ea
866 259 965 287 tunc
989 244 1088 285 aedes
1117 247 1379 288 cremabatur.

247 313 476 353 LXXIII.
509 315 535 354 S
547 326 603 353 ΕΙ)
625 312 713 367 plus
729 311 886 367 pavoris
902 308 1078 358 obseffis,
1099 308 1215 362 quam
1233 308 1495 351 obsessoribus
1512 309 1570 351 in-

183 374 290 416 tulit.
305 377 470 432 Quippe
484 375 726 417 Vitellianus
749 372 861 414 miles
875 403 888 424 ,
912 387 1041 426 neque
1055 372 1135 412 astu
1149 401 1162 421 ,
1187 388 1314 426 neque
1329 372 1570 424 constantia,

186 439 291 479 inter
307 438 426 479 dubia
442 437 659 493 indigebat.
677 436 739 476 Ex
759 436 915 476 diverso
938 434 1084 491 trepidi
1111 434 1258 475 milites
1276 466 1288 485 ‚
1315 437 1395 476 dux
1412 437 1542 492 segnis
1559 467 1572 487 ‚

136 513 158 556 5
189 504 230 542 &
247 500 372 542 veluti
390 514 529 557 captus
546 502 689 550 animi,
713 515 796 540 non
816 497 980 554 lingua,
1006 513 1090 538 non
1110 497 1267 538 auribus
1288 514 1519 555 competere
1543 506 1574 539 ¹:

134 557 137 561 ’
189 579 319 619 neque
336 564 475 615 alienis
493 563 664 606 confiliis
679 564 790 616 regi,
816 577 945 616 neque
961 562 1029 602 sua
1044 561 1232 618 expedire
1247 578 1254 601 :
1280 563 1360 603 huc
1376 562 1476 604 illuc
1493 563 1575 605 cla-

188 628 366 669 moribus
383 628 553 668 hostium
570 626 811 679 circumagi:
837 639 920 678 quae
936 623 1094 677 jusserat
1108 638 1243 665 vetare
1255 654 1269 674 ‚
1294 640 1378 680 quae
1394 640 1576 668 vetuerat

188 688 340 743 jubere.
355 691 483 741 Mox,
503 690 611 744 quod
623 691 664 729 in
680 687 846 744 perditis
861 687 977 728 rebus
994 688 1163 739 accidit,
1184 702 1324 729 omnes
1340 690 1577 744 praecipere,

189 768 311 794 nemo
328 754 510 807 exsequi:
536 753 736 808 postremo
749 781 763 801 ‚
788 749 947 803 abjectis
964 753 1080 792 armis
1094 782 1107 801 ‚
1131 752 1269 807 fugam
1285 755 1324 792 ὃ(
1341 751 1507 792 fallendi
1525 768 1579 792 ar-

102 828 162 855 ·10
189 829 247 858 tes
265 815 661 872 circumspectabant.
677 815 919 870 Inrumpunt
934 813 1172 865 Vitelliani,
1202 819 1243 856 ὅ(
1261 816 1401 856 cuneta
1418 815 1579 871 sangui-

190 894 241 920 ne
255 910 269 930 ,
290 879 396 920 ferro
409 909 422 931 ,
445 879 692 933 flammisque
708 877 891 918 miscent.
908 877 1032 919 Pauci
1047 876 1280 918 militarium
1295 879 1472 919 virorum
1486 909 1500 929 ‚
1522 880 1579 920 in-

190 956 250 983 ter
266 958 365 997 quos
381 943 554 984 maxime
574 942 742 997 insignes
757 971 770 992 ,
799 940 1015 983 Cornelius
1037 941 1263 993 Martialis,
1292 941 1483 983 AEmilius
1504 943 1580 983 Pa-

191 1006 316 1047 censls
329 1037 342 1056 ‚
362 1006 573 1062 Casperius
587 1007 718 1060 Niger
730 1035 743 1055 ,
760 1005 907 1046 Didius
922 1005 1059 1046 Scaeva
1071 1035 1085 1056 ,
1106 1020 1282 1061 pugnam
1298 1006 1397 1057 ausi,
1417 1004 1579 1046 obtrun-

193 1082 346 1110 cantur.
369 1068 554 1111 Flavium
580 1068 800 1119 Sabinum,
826 1069 1046 1119 inermem,
1071 1083 1201 1123 neque
1226 1069 1364 1125 fugam
1393 1083 1580 1126 coeptan-

114 1146 128 1173 ι
139 1144 162 1184 5
190 1144 275 1173 tem
288 1161 301 1182 ‚
327 1133 616 1174 circumfistunt
629 1162 642 1183 ,
669 1136 709 1172 ὅ(
726 1133 964 1187 Ωιιίηξὶίωῃ
979 1133 1190 1184 Atticum,
1216 1133 1426 1175 consulem
1443 1137 1478 1184 ²,
1498 1148 1581 1173 um-

190 1193 261 1236 bra
276 1197 441 1237 honoris
459 1200 500 1237 ὅ(
516 1194 668 1236 suamet
683 1196 859 1236 vanitate
875 1196 1134 1236 monstratum
1147 1225 1160 1246 ,
1186 1196 1294 1249 quod
1310 1196 1435 1237 edith
1452 1197 1493 1236 in
1508 1211 1582 1252 po-

192 1258 333 1315 pulum
350 1274 423 1316 pro
438 1259 681 1315 Vespasiano
696 1260 910 1314 magnifica
923 1289 936 1309 ,
960 1258 1150 1314 probrosa
1166 1259 1350 1300 adversus
1366 1258 1583 1301 Vitellium

192 1321 355 1375 jecerat.
375 1322 512 1364 Ceteri
531 1338 600 1378 per
615 1324 747 1365 varios
765 1323 876 1363 casus
899 1320 1045 1378 elapfi3
1073 1322 1234 1376 quidam
1254 1321 1388 1363 servili
1415 1322 1554 1363 habitu
1568 1352 1584 1376 ,

193 1384 262 1426 alii
291 1386 369 1426 fide
397 1384 608 1426 clientium
628 1386 802 1427 conteffi
814 1415 827 1436 ,
856 1389 897 1426 ὃς
923 1386 1030 1425 inter
1055 1385 1227 1426 sarcinas
1252 1385 1390 1427 abditi.
1415 1387 1544 1427 Fuere
1568 1415 1584 1438 ‚

106 1458 165 1491 20
193 1449 287 1503 qui,
311 1462 486 1506 excepto
499 1448 813 1491 Vitellianorum
829 1449 941 1503 figno
961 1454 971 1477 ³
983 1477 997 1498 ,
1017 1463 1097 1502 quo
1114 1450 1217 1489 inter
1233 1449 1272 1489 se
1292 1448 1584 1502 noscebantur,

193 1510 302 1553 ultro
310 1514 531 1567 rogitantes
540 1511 877 1568 respondentesve
886 1541 900 1562 ,
914 1512 1121 1553 audaciam
1132 1527 1205 1568 pro
1214 1510 1366 1553 latebra
1375 1512 1582 1555 haberent.

256 1575 342 1617 LX
351 1576 477 1618 XIV.
497 1576 539 1617 D
551 1590 577 1618 o
588 1589 618 1615 M
629 1590 639 1615 1
649 1589 674 1615 T
684 1589 695 1615 1
705 1589 728 1615 A
739 1589 764 1616 N
776 1588 802 1616 U
813 1590 830 1616 s
840 1605 853 1626 ‚
866 1574 992 1632 prima
1004 1577 1235 1632 inruptione
1249 1576 1355 1632 apud
1368 1576 1554 1617 aedituum
1564 1581 1584 1606 ⁴

193 1638 425 1681 occultatus
439 1669 452 1690 ‚
471 1637 648 1680 sollertia
663 1638 796 1679 liberti
809 1668 821 1689 ,
840 1637 950 1679 lineo
969 1640 1113 1679 amiciu
1128 1638 1250 1679 turbae
1264 1638 1548 1680 sacricolarum
1566 1644 1581 1671 5

192 1703 399 1744 immixtus
426 1702 710 1757 ignoratusque
722 1731 734 1752 ‚
762 1702 866 1758 apud
885 1701 1122 1742 Cornelium
1137 1703 1314 1742 Primum
1327 1732 1340 1753 ,
1372 1717 1583 1759 paternum

108 1775 135 1806 '2
142 1773 164 1816 5
194 1765 407 1819 clientem,
425 1763 539 1819 juxta
551 1765 772 1809 Velabrum
785 1764 824 1817 ⁶,
844 1763 1016 1810 delituit.
1030 1766 1093 1806 Ac
1105 1766 1285 1822 potiente
1298 1780 1429 1807 rerum
1446 1780 1556 1823 patre
1566 1796 1582 1819 ,

235 1920 245 1936 ¹
271 1915 545 1952 Comei-Ennssta
556 1913 729 1952 Sallustius,
744 1914 867 1954 Fragm.
949 1918 957 1940 5
980 1913 1257 1949 Sacmcomnum]
1271 1910 1438 1943 Ifiacorum
1453 1935 1461 1949 ‚
1479 1919 1514 1942 ut
1524 1912 1581 1944 do-

194 1955 231 1990 1,
250 1957 298 1987 18.
321 1954 411 1995 Quafi
427 1954 576 1992 formidine
601 1954 736 1983 attonitus
751 1976 761 1990 ,
785 1964 870 1993 neque
908 1960 957 1982 cet
983 1952 1150 1982 Suetonius
1176 1952 1211 1981 in
1232 1952 1353 1982 Domit.
1378 1954 1401 1982 1.
1426 1952 1581 1983 Domitia-

194 1994 288 2025 am‘mo
298 2018 307 2031 ,
318 2005 401 2033 neque
409 1994 520 2024 auribus
531 2018 540 2030 ,
551 2004 599 2023 aut
607 1993 703 2033 lingua
714 2003 869 2030 competere.
908 2002 964 2022 nus
975 1991 1040 2020 bello
1057 1991 1207 2021 Vitelliano
1221 1990 1343 2030 conjugit
1355 1991 1382 2020 in
1396 1991 1560 2028 Capitolium
1569 2014 1580 2029 ,

238 2040 250 2054 ²
274 2036 475 2072 Cousuuffl]
501 2033 672 2065 Consulem
699 2033 868 2064 suffectum.
909 2041 967 2060 cum
984 2041 1082 2068 patruo
1104 2030 1228 2067 Sabino,
1250 2040 1283 2058 ac
1300 2040 1381 2067 parte
1406 2031 1581 2069 praefi’ntium

197 2073 279 2106 Vide
295 2075 395 2104 Notas
417 2074 451 2104 ὅς
473 2073 717 2103 Emendationes
735 2073 773 2103 ad
792 2073 869 2102 Hist.
912 2070 1070 2107 copiarum.-
1085 2070 1137 2109 sed
1157 2070 1369 2106 irrumpentibus
1393 2070 1579 2109 adveffizriis,

198 2115 212 2144 1
223 2136 232 2150 ,
251 2123 302 2151 77.
325 2114 402 2144 Non
423 2113 462 2143 ad
476 2113 558 2143 hunc
573 2112 729 2149 Atticum,
750 2120 784 2142 ut
803 2112 869 2151 opi·
910 2110 940 2139 Cr
959 2109 1072 2139 ardente
1084 2110 1178 2146 templo
1189 2133 1197 2147 ‚
1214 2109 1286 2146 asad
1299 2109 1429 2139 aedituum
1442 2110 1511 2139 clam
1522 2121 1583 2147 per·

198 2152 330 2184 nabatur
350 2151 508 2190 Ryckius,
530 2152 581 2182 sed
599 2151 680 2182 forte
699 2152 737 2181 ad
755 2152 819 2190 ejus
829 2151 869 2181 fi-
908 2150 1044 2179 nofflavir:
1068 2159 1100 2178 ac
1127 2152 1206 2178 mand
1232 2148 1313 2188 Istaci
1335 2150 1440 2179 celatus
1464 2149 1581 2187 habim,

198 2192 277 2222 lium
294 2191 451 2230 pertinent
466 2191 688 2231 epigrammata
702 2191 870 2227 Martialis,
908 2188 1205 2228 interque-sacrificulos
1212 2189 1580 2228 vanaefitperfiitionis‚c1'1m

197 2232 278 2267 VH,
304 2231 397 2268 3r.&
414 2231 475 2265 IX,
500 2241 567 2261 101.
900 2229 932 2267 se
956 2238 1036 2257 trans
1062 2227 1182 2258 Tiberim
1206 2227 1243 2256 ad
1259 2228 1490 2268 condifi‘ipulisui
1517 2239 1579 2258 ma-

238 2275 248 2296 3
273 2272 543 2301 VJTELuAuoRum
565 2280 656 2301 simio
684 2270 699 2306 ]
725 2270 870 2309 Signum,
909 2278 977 2297 trem
997 2268 1092 2297 comite
1107 2278 1160 2297 uno
1185 2267 1353 2307 conruliffet,
1371 2270 1411 2297 ira
1431 2267 1531 2304 latuit,
1549 2276 1581 2297 ur

199 2309 321 2342 Gallice
345 2310 369 2339 le
384 2319 438 2339 mot
451 2308 486 2337 du
504 2319 589 2349 guet3
608 2318 641 2341 ut
654 2309 730 2348 saepe
744 2309 871 2340 monui·
901 2307 1092 2346 scrutantibus
1122 2307 1166 2346 qui
1189 2307 1302 2346 vestigia
1316 2307 1452 2347 fitbsecuti
1475 2316 1579 2345 erant,

198 2358 277 2380 xnus.
909 2346 1071 2384 deprehendi
1095 2357 1148 2376 non
1167 2347 1294 2383 potueris.

238 2392 254 2411 4
275 2389 362 2418 ΑΡυι)
386 2398 537 2419 AEniwum
551 2392 563 2424 J
579 2388 742 2421 AEdituum
759 2387 870 2428 templi
949 2388 963 2406 ⁶
983 2388 1086 2417 ,ΙυκτΑ
1100 2388 1298 2423 VELABRUM]
1310 2386 1357 2416 De
1366 2386 1503 2416 Velabro
1515 2385 1581 2424 diez

198 2427 286 2460 Jovis
301 2427 488 2467 Capitolini.
911 2435 977 2459 tum
993 2427 1033 2458 est
1047 2426 1134 2466 supra
1151 2426 1225 2457 Hist.
1246 2427 1276 2463 1,
1300 2436 1351 2464 27.
1368 2433 1433 2457 not.
1452 2437 1481 2457 2.

1595 296 1626 321 A.
1638 297 1668 320 U.
1679 296 1709 320 C.

1614 344 1687 373 822.

1621 395 1643 419 J.
1657 395 1688 418 C.

1626 447 1678 478 69.
