2230 3047
371 180 905 222 HISTORIARUM
954 179 1174 222 LIBER
1219 182 1498 224 PRIMUS.
1576 189 1626 234 65

248 275 270 301 e
305 260 468 302 colonia
518 262 686 302 Ostiensi
722 266 730 282 ¹
763 291 775 311 ,
821 262 862 300 in
914 259 1064 301 Urbem
1120 263 1242 301 acciri
1289 264 1402 304 Otho
1444 262 1633 315 jusserat:

249 324 442 365 armandae
476 322 560 375 ejus
592 339 685 365 cura
710 325 834 365 Vario
861 323 1077 379 Crispino,
1115 323 1276 364 tribuno
1303 340 1323 365 e
1349 329 1590 380 praetorianis
1618 357 1630 377 ‚

247 386 353 428 data.
374 387 436 436 Is,
458 389 538 440 quo
559 388 684 441 magis
703 401 878 437 vacuus,
904 388 1047 440 quietis
1069 387 1199 427 castris
1220 390 1234 406 ²
1251 416 1264 435 ‚
1286 386 1381 438 jussa
1402 389 1631 444 exsequere-

248 463 312 488 tur
328 479 340 500 ,
355 448 542 490 vehicula
558 450 737 490 cohortis
752 479 764 498 ‚
791 450 1011 504 incipiente
1034 451 1149 489 nocie
1167 479 1178 498 ‚
1201 451 1383 499 onerari,
1408 466 1544 506 aperto
1569 469 1629 494 ar-

198 522 221 561 5
248 514 535 561 niamentario‚
559 510 683 563 jubet.
707 512 884 566 Tempus
900 542 912 562 ,
940 514 981 552 in
1002 512 1296 568 suspicionem3
1325 513 1466 563 causa,
1493 517 1534 555 in
1558 518 1631 557 cri-

247 590 340 615 men
356 589 367 621 ;
392 576 590 615 affeetatio
615 576 758 628 quietis
774 604 786 624 ,
814 576 855 614 in
875 574 1092 615 tumultum
1109 574 1279 615 evaluit:
1302 579 1343 615 ὃς
1358 576 1439 615 visa
1453 578 1554 617 inter
1574 593 1628 620 te-

247 637 448 678 mulentos
469 653 602 688 arma,
631 637 860 692 cupidinem
884 637 940 677 sui
963 640 1139 679 movere.
1160 639 1312 679 Fremit
1334 637 1474 689 miles,
1499 645 1537 680 &
1561 643 1628 681 tri-

247 700 376 741 bunos
403 700 735 754 centurionesque
763 717 784 736 «
806 700 1044 754 proditionis
1074 718 1095 738 >)
1120 702 1274 755 arguit,
1303 718 1324 738 «
1349 716 1550 756 tamquam
1571 704 1630 744 fa-

244 762 394 802 »miliae
414 763 641 804 senatorum
664 767 674 790 ³
699 763 747 803 ad
767 764 987 818 perniciem
1009 765 1187 804 Othonis
1219 778 1462 805 armarentur
1485 783 1525 805 »z
1543 781 1630 822 pars

172 836 223 863 10
245 826 400 881 ignari,
426 831 467 867 ὅ(
488 828 585 868 vino
607 840 768 880 graves:
795 825 975 882 pessimus
1002 827 1166 880 quisque
1188 827 1230 867 in
1256 828 1509 868 occasionem
1532 844 1629 884 prae-

245 889 404 930 darum:
432 889 604 944 vulgus,
630 901 675 929 ut
698 903 784 929 mos
809 889 888 939 est,
917 887 1205 943 cujuscumque
1227 891 1359 931 motus
1386 893 1483 931 novi
1513 893 1629 947 cupi-

245 952 362 993 dum:
387 956 427 992 ὃς
448 951 635 1006 obsequia
653 951 867 992 meliorum
889 967 972 992 nox
996 951 1215 993 abstulerat.
1241 953 1502 995 Refistentem
1525 955 1629 995 sedi-

243 1016 347 1055 tioni
362 1015 564 1056 tribunum
576 1045 590 1065 ,
614 1019 654 1055 ὅ(
671 1015 928 1055 severissimos
945 1017 1227 1056 centurionum
1242 1015 1501 1058 obtruncant:
1521 1032 1632 1073 rapta

246 1093 354 1119 arma
371 1109 385 1129 ,
416 1078 555 1119 nudati
593 1076 716 1134 gladii
731 1107 744 1128 ,
781 1078 993 1119 insidentes
1026 1080 1136 1133 equis
1172 1077 1322 1119 Urbem
1356 1096 1402 1121 ac
1438 1079 1631 1136 palatium

170 1151 185 1178 ι
196 1150 218 1191 5
248 1154 403 1197 petunt.

308 1204 530 1246 LXXXI.
563 1205 702 1245 ERAT
725 1207 885 1247 Othoni
909 1205 1067 1247 celebre
1099 1208 1361 1256 convivium,
1390 1205 1631 1262 primoribus

243 1267 403 1309 feminis
425 1269 621 1322 virisque;
646 1270 714 1322 qui
737 1269 910 1325 trepidi,
936 1270 1122 1310 fortuitus
1151 1285 1201 1310 ne
1223 1269 1396 1310 militum
1418 1270 1526 1310 furor
1543 1300 1555 1319 ‚
1582 1285 1632 1311 an

247 1330 363 1372 dolus
382 1333 666 1388 Imperatoris,
692 1347 852 1373 manere
880 1347 926 1373 ac
951 1333 1224 1388 deprehendi,
1248 1348 1297 1373 an
1323 1333 1462 1386 fugere
1485 1337 1524 1373 ὃ(
1556 1333 1633 1373 dis-

245 1396 386 1450 pergi,
413 1394 669 1450 periculosius
687 1395 817 1441 foret;
842 1395 966 1435 modo
990 1397 1251 1436 constantiam
1270 1395 1452 1436 simulare
1468 1424 1481 1445 ‚
1508 1396 1632 1436 modo

162 1468 221 1495 20
246 1457 460 1498 formidine
482 1458 643 1512 detegi,
669 1457 783 1498 simul
810 1459 987 1499 Othonis
1014 1458 1171 1499 vultum
1192 1460 1362 1499 intueri:
1389 1472 1512 1513 utque
1537 1474 1633 1499 eve-

245 1521 306 1561 nit
321 1550 334 1571 ,
356 1519 557 1562 inclinatis
579 1521 627 1562 ad
648 1520 916 1577 suspicionem
940 1521 1139 1562 inentibus
1153 1552 1166 1572 ,
1193 1525 1284 1563 cum
1306 1523 1464 1563 timeret
1488 1523 1603 1562 Otho
1618 1552 1631 1572 ‚

246 1583 473 1625 timebatur.
496 1584 575 1625 Sed
597 1585 703 1625 haud
727 1584 838 1625 secus
859 1585 1086 1625 discrimine
1107 1585 1261 1626 senatus
1278 1615 1290 1635 ,
1318 1583 1435 1638 quam
1459 1585 1530 1625 suo
1553 1599 1631 1626 ter-

245 1648 342 1688 ritus
356 1677 368 1697 ,
396 1652 435 1688 &
458 1647 657 1703 praefe&os
678 1649 874 1703 proetoiii,
903 1647 951 1688 ad
973 1648 1208 1702 mitigandas
1232 1647 1407 1687 militum
1427 1649 1501 1688 iras
1518 1677 1531 1698 ,
1561 1649 1632 1689 sta-

246 1711 320 1750 tim
336 1711 494 1751 miserat
506 1741 519 1760 ,
541 1714 580 1751 &
602 1728 622 1746 «
639 1710 744 1751 abire
763 1711 930 1766 propere
948 1725 1086 1751 omnes
1103 1725 1124 1751 e
1141 1712 1333 1752 convivio
1350 1728 1371 1746 »
1394 1709 1509 1762 juffit.
1523 1711 1630 1751 Tum

165 1784 218 1824 25
248 1776 343 1814 vero
364 1774 497 1830 paffim
518 1774 762 1828 magistratus
776 1803 789 1823 ‚
812 1771 996 1829 projectis
1020 1774 1261 1828 insignibus,
1288 1771 1411 1814 vitatz‘i
1433 1775 1631 1814 comitum

248 1841 288 1878 ὅ(
311 1837 517 1878 servorum
543 1835 764 1890 frequentia
781 1867 793 1887 ,
822 1836 931 1877 senes
958 1837 1192 1891 feminaeque
1206 1867 1218 1887 ,
1241 1851 1311 1893 per
1330 1835 1538 1888 tenebras,
1567 1837 1629 1878 di-

247 1900 359 1942 versa
378 1899 495 1941 Urbis
515 1901 656 1940 itinera
669 1930 682 1950 ,
708 1901 783 1940 rari
803 1899 944 1941 domos
960 1931 972 1950 ,
994 1899 1154 1956 plurimi
1175 1901 1395 1941 amicorum
1414 1901 1515 1941 teda
1530 1930 1543 1951 ,
1564 1904 1603 1942 ὅ(
1616 1929 1632 1952 ,

246 1977 292 2005 ut
313 1964 457 2018 cuique
481 1961 729 2004 humillimus
754 1962 880 2004 cliens
894 1993 908 2014 ‚
934 1964 1104 2005 incertas
1125 1962 1292 2004 latebras
1313 1964 1504 2018 petivere.

248 2078 345 2118 castris
362 2079 414 2118 fich
435 2079 535 2108 nofflem
562 2072 748 2116 promerentur·
769 2101 778 2115 ,
804 2077 918 2118 i'nfidi'as
980 2088 1051 2110 uam
1070 2078 1151 2118 Ostiae
1175 2077 1211 2107 ad
1227 2077 1360 2107 arcendos
1383 2076 1569 2107 incendiorum
1585 2088 1631 2106 ca-

249 2118 358 2158 quidam
373 2119 524 2157 fiaspicati,
546 2118 687 2148 tumultum
702 2119 893 2147 excitaverunt
968 2128 999 2147 us
1024 2118 1171 2149 Claudius
1196 2118 1419 2149 collocaverat.
1441 2118 1573 2148 Sueton.
1598 2118 1630 2147 in

251 2168 285 2187 ac
302 2161 410 2194 repente
429 2168 540 2193 omnes,
555 2158 628 2187 nullo
643 2167 714 2186 certo
734 2157 816 2194 duce,
829 2158 857 2186 in
870 2167 919 2194 pa-
960 2157 1070 2216 Claud.
1090 2159 1188 2189 XXV

251 2196 349 2227 latium
370 2206 566 2235 cucurrerunt,
588 2196 777 2236 caedemftna
770 2196 1182 2241 Ctsflagi-¹C01.0NJA
1205 2196 1380 2232 OSTIENSI]
1414 2195 1508 2226 Nunc
1542 2195 1629 2234 Ostia,

252 2246 365 2267 cantes:
387 2236 542 2276 repulfifilue
562 2236 755 2272 tribunorum,
780 2236 822 2273 qui
847 2236 919 2267 inhi-
959 2237 1012 2294 De2
1026 2236 1086 2266 hoc
1110 2236 1229 2275 oppido
1254 2235 1328 2273 saepe
1348 2235 1443 2272 supra.

251 2276 313 2306 bere
334 2275 500 2313 aemalanc,
524 2276 665 2304 nonnullis
687 2275 769 2304 &oei
766 2275 823 2315 isis
834 2275 920 2315 ‚ficut
998 2278 1167 2312 ²Qmm-is
1191 2284 1317 2305 ensi-iiis
1341 2275 1354 2311 ]
1380 2275 1464 2303 Bene
1491 2273 1632 2312 Lipfius,

251 2325 333 2344 erant
352 2315 476 2351 cruenti,
498 2314 608 2344 ubinam
628 2314 780 2351 Imperator
798 2315 857 2354 estet
879 2325 922 2343 re·
961 2314 1227 2359 quiavigiliaejam
1240 2322 1313 2343 tunc
1324 2313 1512 2356 constitutae,
1523 2316 1555 2343 ὃς
1569 2323 1634 2343 om-

251 2355 407 2394 quirentes,
427 2364 607 2390 Jerruperunt
620 2355 649 2383 in
664 2354 812 2383 triclinium
827 2354 920 2393 afflue,
961 2365 1015 2384 nes
1029 2365 1060 2384 in
1078 2352 1312 2388 contuberniis,
1325 2362 1434 2389 except
1439 2352 1461 2381 is
1475 2352 1525 2380 xi
1511 2352 1634 2390 gilibus.

251 2403 302 2423 nec
325 2392 376 2432 nifi
397 2393 450 2432 vi‘Jb
468 2392 634 2432 destiterunt.
651 2394 707 2424 Illa
728 2402 832 2424 autem
852 2393 920 2432 sep·
1003 2399 1012 2420 ³
1036 2394 1184 2425 Furium
1206 2392 1426 2428 SENATORUM]
1444 2391 1532 2421 Servi
1544 2393 1635 2422 bena-

252 2432 451 2465 timadecima
484 2433 599 2464 cohors
630 2434 738 2466 eadem
775 2433 899 2466 videtur
911 2456 922 2473 ‚
962 2441 1078 2466 torum.

377 2477 482 2520 Tom.
506 2477 586 2521 III.
1407 2472 1428 2513 Ι

1647 315 1677 338 ,δ’

1730 314 1759 337 f>

1670 360 1740 388 822.

1672 416 1695 438 J,
1707 414 1736 438 C.
