2209 3047
358 170 835 216 HISTORIARUM
875 169 1071 212 LIBER
1112 170 1420 227 QUINTUS.
1511 183 1603 226 317

274 255 461 299 XVIII.
496 256 814 306 AsssuMpms,
835 267 917 308 quae
940 250 1168 304 jaciuntur,
1188 257 1229 294 ὃς
1252 253 1483 296 ardescente
1503 271 1604 312 pug-
1623 270 1740 287 ===¹

212 316 263 361 na
277 351 290 371 ‚
319 319 556 377 procursum
583 319 630 361 ab
664 320 775 359 hoste
802 316 1003 358 infestius:
1038 315 1237 357 immenfis
1265 318 1529 375 corporibus,
1563 325 1602 361 ὅ(
1625 306 1737 383 Αὲΐα

211 384 427 440 praelongis
455 384 571 424 hastis
594 383 820 423 fluitantem
849 378 1130 433 labantemque
1158 378 1328 420 militem
1354 383 1508 423 eminus
1540 383 1604 424 fo-
1648 363 1718 429 μὲ,

213 446 396 488 diebant:
425 446 539 487 fimul
571 461 593 486 e
623 443 761 496 mole,
792 456 910 498 quam
944 443 1125 484 eductam
1162 443 1203 482 in
1239 443 1431 485 Rhenum
1467 446 1606 487 retuli-
1657 461 1711 489 70.

157 521 186 564 5
212 524 301 551 mus
331 515 341 532 ¹
357 540 371 561 ,
398 509 679 551 Bructerorum
705 512 720 530 ²
749 521 901 549 cuneus
929 507 1163 548 tranatavit:
1188 505 1346 547 turbata
1369 507 1423 548 ibi
1452 524 1533 551 res:
1563 515 1605 552 &

211 571 438 630 pellebatur
458 574 658 616 sociarum
685 571 918 626 cohortium
943 573 1049 613 acies
1064 600 1078 621 ,
1103 571 1196 612 cum
1220 567 1401 625 legiones
1427 587 1605 629 pugnam

211 638 451 694 excipiunt,
479 631 762 694 suppressaque
792 635 963 675 hostium
989 630 1166 685 ferocia,
1199 632 1389 690 proelium
1418 650 1603 689 aequatur.

209 699 322 742 Inter
342 715 425 754 quae
447 701 614 756 perfuga
633 698 808 740 Batavus
832 697 930 739 adiit
953 696 1179 748 Cerialem,
1202 714 1224 734 «
1246 711 1358 751 terga
1381 698 1551 739 hostium
1573 717 1597 737 »

209 763 480 818 promittens,
508 780 530 799 <c
555 763 582 802 fi
607 775 789 804 extremo
820 760 976 817 paludis
1008 776 1127 816 eques
1155 761 1404 802 mitteretur:
1432 760 1604 804 solidum

134 832 187 871 j10
209 824 341 876 mna,
374 829 415 866 ὅ(
447 827 662 881 Gugernos
679 856 692 877 ,
722 824 864 880 quibus
892 825 1070 865 custodia
1101 823 1348 875 obveniss‘et,
1377 839 1516 880 parurn
1544 827 1604 866 in-

208 900 375 930 »tentos
399 906 442 930 ».
468 889 570 930 Duae
594 888 686 940 alae,
718 904 811 931 cum
838 886 1004 944 perfuga
1030 887 1145 928 miffae
1159 917 1173 938 ,
1202 889 1368 929 incauto
1394 889 1496 928 hosti
1523 890 1604 931 cir-

211 951 545 994 cumfunduntur:
568 953 678 1008 quod
697 952 766 993 ubi
790 950 968 994 clamore
991 953 1228 1006 cognitum3
1254 950 1437 1006 legiones
1460 967 1482 993 a
1499 952 1604 994 fron=

209 1028 251 1057 te
274 1014 520 1068 incubuere,
551 1015 729 1073 pulsique
754 1016 949 1057 Germani
967 1015 1158 1056 Rhenum
1181 1011 1276 1069 fuga
1297 1014 1499 1070 petebant.
1523 1016 1604 1057 De-

209 1077 408 1120 bellatum
439 1094 490 1121 eo
524 1080 589 1121 die
625 1079 762 1130 foret,
801 1079 828 1118 sl
865 1080 1053 1120 Romana
1081 1077 1205 1119 claffis
1230 1078 1340 1132 sequi
1363 1079 1606 1121 maturasset.

131 1145 183 1186 15
207 1142 277 1183 Ne
302 1157 422 1197 eques
449 1144 613 1198 quidem
638 1143 805 1194 institit,
831 1142 998 1199 repente
1025 1142 1116 1184 fufis
1138 1140 1356 1194 imbribus,
1380 1146 1421 1183 ὅ(
1444 1144 1604 1200 propin-

210 1202 288 1261 qua
314 1207 444 1247 notite.

274 1269 405 1310 XIX.
439 1270 672 1311 PosTERA
707 1270 798 1321 die,
831 1269 1129 1325 quartadecima
1148 1266 1258 1324 legio
1289 1269 1330 1308 in
1356 1267 1602 1325 superiorem

207 1334 494 1390 provinciam⁵
522 1332 647 1374 Gallo
674 1334 815 1374 Annio
842 1334 975 1374 missa:
1002 1331 1171 1374 Cerialis
1200 1333 1422 1374 exercitum
1444 1332 1601 1375 decima

209 1392 263 1440 ex
282 1393 478 1454 Hispania
499 1394 610 1451 legio
626 1401 645 1426 4
668 1395 884 1453 supplevit.
906 1395 1032 1438 Civili
1055 1395 1317 1437 Chaucorum
1333 1400 1346 1427 5
1372 1395 1522 1437 auxilia
1537 1411 1600 1437 ve-

124 1468 185 1504 ᾅο
210 1458 331 1502 nere:
367 1475 451 1502 non
490 1473 626 1501 tamen
661 1460 777 1502 ausus
815 1460 965 1518 oppida
1007 1459 1288 1501 Batavorum⁶
1319 1460 1436 1500 armis
1469 1461 1599 1510 tueri,

208 1524 360 1580 raptis,
385 1539 469 1579 quae
495 1524 590 1565 ferri
624 1537 837 1580 poterant,
866 1525 1011 1565 ceteris
1043 1521 1191 1575 injecto
1222 1524 1334 1579 igni,
1361 1524 1401 1563 in
1426 1521 1599 1564 insulam

209 1587 432 1634 conceffit3
460 1601 606 1643 gnarus
629 1587 758 1628 deeffe
776 1602 897 1629 naves
918 1586 1134 1628 efficiendo
1153 1588 1269 1643 ponti
1284 1616 1297 1637 ,
1324 1600 1453 1640 neque
1484 1600 1601 1627 exer-

212 1651 343 1693 citum
363 1652 599 1693 Romanum
615 1649 731 1692 aliter
745 1651 1076 1692 transmissurum:
1094 1651 1190 1704 quin
1205 1654 1245 1691 ὅ(
1260 1650 1381 1691 diruit
1393 1647 1544 1690 molem
1562 1655 1577 1677 ⁷
1586 1660 1603 1701 ,’

211 1729 235 1755 a
257 1714 393 1756 Druso
415 1715 663 1757 Germanico
679 1714 821 1757 fatiam
833 1744 848 1766 ‚
871 1716 1143 1768 Rhenumque
1156 1729 1286 1770 prono
1303 1711 1420 1754 alveo
1445 1714 1488 1753 in
1501 1712 1600 1754 Gal-

125 1788 154 1823 2
162 1790 184 1831 5
212 1776 311 1819 liam
336 1792 548 1832 ruentem,
573 1777 745 1832 disjectis
771 1794 855 1834 quae
881 1777 1164 1829 morabantur,
1193 1777 1348 1818 effudit.
1383 1778 1453 1818 Sic
1488 1776 1602 1818 velut

211 1840 351 1884 abano
388 1857 533 1896 amne,
572 1844 703 1886 tenuis
729 1840 865 1885 alveus
892 1840 906 1864 ⁸
922 1873 937 1895 ,
965 1840 1138 1883 insulam
1167 1842 1271 1882 inter
1297 1840 1601 1895 Germanosque

255 1970 264 1984 ¹
288 1966 473 1996 Raruumus
494 1966 509 2003 ]
533 1966 629 2005 Supra
657 1975 725 2005 cap.
744 1976 793 2003 ¹4·
928 1975 995 2005 quae
1026 1965 1096 1995 sunt
1126 1963 1246 1994 Mosam
1273 1963 1355 1995 inter
1380 1963 1415 1994 &
1442 1961 1600 1995 Rhenums

253 2009 267 2023 ²
289 2005 558 2043 Bnucrmoizum]
568 2006 617 2036 De
628 2006 740 2044 quibus
749 2004 888 2043 plurain-
927 2006 1049 2036 Horum
1059 2003 1210 2044 praecipua
1220 2013 1303 2035 nunc
1315 2002 1507 2042 appellantur
1523 2002 1601 2033 Gen-

214 2042 260 2074 fra
282 2043 316 2074 in
332 2044 415 2075 libro
433 2045 472 2075 de
490 2045 608 2076 Morib.
620 2046 727 2076 Germ.
742 2046 887 2075 XXXIII.
927 2054 998 2081 nep,
1020 2043 1136 2079 clem,
1167 2043 1323 2083 Nimegue,
1341 2041 1541 2086 Batenbourg;
1563 2044 1600 2075 ὃς

255 2087 265 2108 ³
294 2084 327 2112 Iu
357 2095 563 2115 suremonnm
592 2086 823 2122 PRovmcmm]
852 2086 888 2114 In
928 2092 1049 2113 extrema
1065 2082 1185 2115 Gallim:
1201 2093 1256 2113 orae
1275 2082 1420 2113 dicuntur
1436 2081 1512 2111 Hist.
1533 2083 1598 2119 IV,

213 2121 417 2153 Germaniam
428 2123 630 2162 superIOrem.
648 2123 756 2154 Gallus
768 2122 887 2154 Annius
932 2134 979 2153 12.
994 2124 1103 2162 ltaque
1114 2122 1216 2161 rapuit
1227 2146 1236 2159 ‚
1252 2132 1320 2167 quae
1344 2120 1418 2152 ferri
1434 2129 1598 2164 poterant:

214 2161 277 2200 iam
291 2169 482 2193 memoratus
503 2163 544 2194 est
561 2163 648 2202 supra
670 2163 744 2192 Hist.
757 2163 799 2194 IV
810 2186 819 2199 ,
837 2165 887 2193 68.
928 2162 1037 2193 ceteris
1049 2163 1156 2201 ignem
1173 2162 1302 2200 injecit,
1317 2171 1356 2192 ne
1368 2160 1504 2191 hostibus
1527 2171 1599 2199 pro*-

256 2204 271 2223 4
291 2201 337 2232 Ex
360 2201 512 2232 nmmum
529 2214 622 2233 ιεειο
637 2204 650 2240 ]
670 2201 833 2233 Decimam
845 2202 889 2232 Ie·
928 2202 1062 2232 deffent:
1074 2201 1137 2240 ipsa
1146 2210 1250 2233 autem
1265 2212 1283 2232 o
1309 2201 1380 2240 pida
1392 2199 1523 2230 minime·
1535 2199 1600 2230 suc-

237 2239 344 2270 ionem
367 2250 405 2270 ex
422 2240 568 2280 Hispania
593 2241 729 2273 excitam
752 2241 888 2273 vidimus
928 2242 1043 2273 cendit.
1059 2242 1166 2272 'Postea
1187 2241 1220 2271 in
1246 2240 1279 2271 in
1294 2241 1377 2271 ulam
1404 2239 1558 2270 conccssit.

230 2279 304 2318 upra
318 2279 392 2310 Hist.
413 2281 455 2311 IV
467 2302 477 2316 ,
497 2283 548 2311 68.
967 2287 979 2306 7
1000 2282 1122 2311 DmuxT
1145 2285 1280 2316 MOLEM]
1302 2281 1350 2310 De
1366 2279 1420 2309 hac
1435 2278 1520 2308 mole
1530 2278 1599 2309 diem

258 2323 266 2346 5
292 2320 527 2358 Cmuconum]
557 2320 604 2351 De
635 2320 747 2360 quibus
772 2319 888 2352 dierum
927 2328 995 2352 tum
1015 2320 1102 2359 supra
1122 2320 1234 2350 Annal.
1254 2321 1350 2353 XIII,
1370 2329 1426 2358 53,
1445 2326 1513 2348 not.
1531 2329 1558 2348 2.

217 2356 305 2395 supra
326 2359 400 2388 Hist.
419 2360 478 2395 IV,
500 2370 553 2398 79.
967 2359 978 2379 Β
1001 2361 1119 2390 Tnums
1144 2370 1264 2392 arveus
1278 2360 1293 2396 ]
1307 2360 1423 2389 Abauo
1435 2367 1525 2387 amne
1540 2380 1547 2391 ,
1563 2356 1598 2388 ὃς

257 2397 271 2415 6
291 2398 415 2428 Omma
436 2393 675 2436 BATAilonum]
706 2398 811 2430 Vinus
835 2399 889 2430 Ci-
937 2409 981 2430 ier
1008 2399 1213 2435 emissarium,
1246 2399 1332 2438 quod
1365 2407 1447 2426 nunc
1483 2395 1599 2426 dicitu:

216 2434 289 2468 vilis
306 2446 374 2469 non
387 2437 474 2472 ausus
498 2438 539 2471 cst
554 2438 645 2471 armis
658 2438 738 2472 tueri
751 2438 888 2480 oppida,
954 2439 1003 2470 eck
1018 2462 1030 2479 ,
1054 2439 1164 2472 Galliis
1188 2438 1344 2478 superfuso
1366 2460 1375 2474 ‚
1397 2435 1474 2466 adei>
1498 2435 1604 2472 tenuis
