2209 3047
618 228 701 263 392
808 211 1023 252 NOTAE
1067 209 1153 250 ET
1192 208 1795 252 EMENDATIONES

668 289 836 323 STRATIS
865 290 975 332 ΗΜ]
1000 286 1056 322 Ita
1072 285 1155 322 libri
1178 285 1305 332 scripti
1323 287 1357 321 &
1381 285 1469 321 editi
1493 296 1621 334 praeter
1650 286 1717 322 Ms.
1734 286 1823 337 Reg.
1843 287 1881 323 in
1895 302 1991 340 quo,

611 337 732 385 statis3
756 340 789 373 δε
808 336 1019 374 Rhenanum
1031 365 1040 379 ‚
1056 336 1117 386 qui
1133 334 1355 378 emendavit,
1369 337 1514 380 satiatis.

671 389 751 434 QUI
781 399 820 423 sE
850 390 1075 432 SANGUINE]
1100 387 1132 421 A
1146 385 1222 421 ΜΠ.
1249 384 1346 419 Flor.
1361 383 1449 436 Reg.
1469 384 1580 422 Corb.
1593 388 1627 422 ὃς
1647 384 1808 424 editione
1827 387 1993 437 principe

617 437 746 475 absunt
760 465 770 480 ‚
794 439 901 485 quise.
922 436 967 473 Et
981 437 1075 473 certe
1099 434 1218 472 omitti
1236 434 1390 482 poffunt.

668 525 774 562 CAP.
798 525 889 563 LIX.
917 526 1041 561 SomAE
1073 536 1151 560 AUT
1181 527 1395 569 ADVERSAE]
1424 524 1488 560 Ms.
1500 524 1611 560 Corb.
1633 527 1760 572 aversae.

667 576 751 612 ALA
778 575 995 620 TAUfflNA]
1020 574 1062 609 In
1085 573 1163 609 ΜΠ.
1187 576 1221 609 &
1245 573 1423 609 veteribus
1442 574 1663 610 editionibus
1678 603 1687 619 ,
1709 578 1763 611 ala
1787 576 1960 612 Tauriana.

667 676 773 713 CAP.
800 675 875 712 LX.
903 677 1105 711 Amocms
1135 677 1425 720 PRORUPERAT]
1448 673 1545 711 Bene
1561 675 1636 710 Mss.
1656 675 1759 712 Harl.
1777 676 1896 713 Guelf.
1912 676 1991 713 edi-

616 726 672 764 tio
699 727 864 776 princeps
884 729 917 761 ὃς
935 724 1001 760 Ms.
1018 723 1113 759 Flor.
1134 735 1241 759 manu
1254 723 1380 772 primia.
1402 724 1478 760 Mff.
1499 725 1610 762 Corb.
1622 725 1688 762 Jes.
1705 726 1966 763 &Puteolanus
1980 754 1992 771 ,

612 789 988 871 prosscgngczgg-BATUS]
1006 823 1104 860 Male
1122 822 1336 867 Rhenanus,
1353 824 1627 870 proturbantibus.
1642 824 1686 860 In
1709 825 1785 864 ΜΠ.
1804 826 1909 862 Bodl.
1923 825 1991 862 Jes.

609 877 827 923 perturbatus.

671 976 778 1013 CAP.
805 975 901 1010 LXI.
930 974 1019 1010 CUM
1048 985 1193 1015 AQmLA
1221 985 1381 1015 QUINTAE
1408 979 1621 1021 LEGIONIS]
1660 974 1758 1011 Bene
1790 974 1866 1011 Mss.
1894 973 1991 1012 Flor.

616 1026 736 1063 Guelf.
751 1024 853 1061 Harl.
874 1024 982 1060 Bodl.
1002 1023 1067 1059 Jes.
1093 1022 1310 1059 Puteolanus
1332 1027 1365 1060 &
1390 1023 1634 1061 Recentiores.
1658 1025 1841 1073 Corrupte
1867 1025 1905 1060 in
1925 1025 1992 1061 Ms.

619 1076 730 1112 Corb.
750 1076 876 1123 aquilis.
891 1073 935 1109 In
958 1073 1033 1109 Mff.
1048 1072 1135 1122 Beg.
1159 1072 1276 1108 Varie.
1296 1076 1330 1109 &
1347 1073 1509 1110 editione
1522 1074 1686 1124 principe
1700 1102 1709 1118 ,
1726 1076 1869 1124 aquilex.
1881 1074 1991 1112 Unde

618 1125 752 1174 Lipsius
772 1123 895 1160 frustra
909 1123 1088 1166 tentabat,
1116 1123 1225 1170 aquilei
1240 1127 1406 1170 Xqulntae,
1428 1123 1488 1160 seu
1500 1125 1743 1172 quintaedecimae
1766 1126 1908 1171 legionis.

664 1178 789 1211 LEGIO
815 1176 1157 1218 UNAETVICESIMA]
1174 1172 1229 1207 Ita
1248 1172 1315 1208 Ms.
1335 1172 1423 1222 Beg.
1447 1173 1561 1210 editio
1584 1174 1749 1222 princeps
1761 1202 1770 1217 ‚
1787 1177 1820 1210 ὃς
1833 1174 1890 1210 Cl.
1907 1174 1992 1209 Lal-

614 1224 780 1267 lemand3
811 1223 989 1272 probabat
1019 1235 1164 1272 quoque
1188 1222 1245 1258 Cl.
1264 1222 1437 1259 Ernestus.
1455 1223 1498 1258 In
1526 1223 1603 1261 Mss.
1628 1223 1724 1260 Flor.
1751 1223 1864 1260 Corb.
1887 1223 1991 1260 Harl.

616 1274 725 1312 Bodl.
745 1273 811 1310 Jes.
827 1273 947 1309 Guelf.
969 1286 1031 1308 una
1048 1286 1100 1318 pr.
1126 1273 1162 1306 ἓν
1177 1276 1240 1307 vic.
1261 1272 1351 1308 Inde
1368 1273 1586 1310 Puteolanus
1605 1273 1738 1316 edidit,
1753 1287 1815 1309 una
1833 1277 1941 1319 prima
1956 1275 1994 1309 ὃ·

613 1324 773 1411 ἒὶεῖᾐνηα.
796 1323 884 1409 {on
911 1322 1065 1359 absurdo
1093 1321 1219 1366 sensU‚
1249 1321 1273 1357 s1
1297 1321 1490 1374 distinguas
1512 1323 1593 1373 post
1625 1337 1699 1360 una.
1724 1323 1768 1359 In
1795 1323 1864 1359 Ms.
1890 1322 1992 1360 Harl.

641 1388 659 1412 e
676 1384 772 1412 etum
793 1386 811 1410 e
864 1384 938 1410 una.

669 1474 778 1511 CAP.
808 1472 921 1510 LXII.
950 1471 1090 1508 INERTI
1121 1484 1224 1509 Luxu
1242 1476 1259 1518 ]
1277 1473 1374 1509 Bene
1384 1472 1650 1509 Puteolanus&
1666 1473 1990 1510 RecentioresMs.

615 1525 729 1562 Corb.
746 1527 778 1559 in
798 1527 903 1560 inerti.
921 1522 1045 1558 Editio
1062 1522 1229 1571 princeps
1242 1550 1251 1564 ,
1270 1526 1301 1556 in
1323 1525 1446 1557 inermi.

667 1575 880 1611 INSTRUCTI
908 1575 1184 1616 lNTENTIQUE]
1208 1571 1304 1607 Bene
1325 1571 1402 1607 Mff.
1423 1571 1536 1607 Corb.
1565 1572 1653 1620 Reg.
1680 1571 1794 1608 editio
1825 1572 1993 1622 princeps

615 1629 649 1662 &
676 1623 903 1661 recentiores.
931 1622 974 1658 In
993 1621 1069 1658 Mff.
1092 1620 1195 1658 Harl.
1222 1620 1329 1657 Bodl.
1354 1621 1423 1658 Jes.
1449 1621 1569 1658 Guelf.
1594 1625 1629 1658 δε
1656 1620 1894 1668 Puteolanus,
1928 1625 1996 1672 ins-

613 1677 710 1713 cruffi
728 1677 940 1722 interritique.

663 1724 811 1760 NOMEN
842 1724 1070 1760 GERMANICI
1095 1722 1286 1758 VITELLIO
1314 1734 1457 1759 STATIM
1488 1724 1704 1767 ADDITUM]
1729 1721 1785 1758 Ita
1798 1722 1876 1759 Mff.
1891 1722 1994 1762 Harl.

614 1774 721 1812 Bodl.
740 1774 808 1812 Jes.
828 1773 915 1823 Reg.
939 1771 1058 1808 Guelf.
1087 1775 1120 1807 ὃς
1134 1771 1362 1808 Puteolanus.
1387 1771 1432 1808 Et
1456 1771 1602 1821 quidem
1623 1771 1773 1819 optime.
1795 1772 1839 1808 In
1861 1771 1996 1809 editio-
2058 1791 2076 1800 s

615 1839 658 1862 ne
681 1823 844 1873 principe
864 1827 898 1860 ὃς
923 1821 1183 1858 recentioribus
1199 1849 1207 1865 ,
1233 1826 1355 1858 nomine
1372 1823 1554 1857 Germanici
1586 1822 1716 1858 Vitellio
1735 1822 1851 1869 statim
1873 1823 1994 1859 addito.

614 1875 727 1911 Paulo
741 1873 889 1910 mollitis
913 1872 980 1908 Ms.
1007 1871 1120 1908 Corb.
1152 1874 1275 1907 nomine
1290 1871 1592 1920 Germanicistatim
1607 1871 1727 1906 addico.

665 1925 710 1960 IN
737 1935 890 1960 BELLUM
919 1925 1107 1967 AGEBAT]
1132 1922 1230 1957 Bene
1259 1921 1336 1958 Mff.
1368 1921 1464 1957 Flor.
1492 1922 1580 1970 Reg.
1607 1920 1711 1956 Harl.
1739 1921 1851 1958 Corb.
1877 1920 1992 1957 editio

615 1975 780 2024 princeps
805 1977 838 2009 ὃς
860 1971 1086 2010 recentiores.
1113 1971 1157 2006 In
1179 1971 1254 2007 ΜΠ.
1274 1971 1382 2007 Bodl.
1407 1970 1472 2008 Jes.
1496 1970 1616 2008 Guelf.
1638 1973 1671 2006 &
1693 1970 1932 2015 Puteolanus,
1961 1973 1995 2005 in

614 2026 732 2062 bellum
752 2024 892 2071 cogebat.

665 2074 896 2110 INTERRITAE
926 2084 1046 2108 ALITIS
1068 2075 1086 2117 ]
1115 2071 1190 2107 Mff.
1212 2071 1315 2107 Harl.
1336 2070 1442 2107 Bodl.
1469 2069 1537 2106 Jes.
1558 2069 1671 2106 Corb.
1701 2073 1734 2106 &
1753 2070 1995 2114 Puteolanus,

614 2127 763 2160 interrita
783 2125 883 2159 alitis.
907 2123 1089 2170 Corrupte
1110 2121 1176 2157 Ms.
1204 2121 1317 2157 Corb.
1349 2124 1383 2157 &
1409 2119 1523 2156 editio
1548 2120 1733 2169 princeps,
1761 2123 1934 2156 interrita:
1961 2133 1996 2156 ea

613 2176 693 2211 ales.
716 2173 847 2209 Melius
862 2172 1108 2214 Recendores,
1136 2174 1301 2207 interritae.

661 2223 759 2259 Lmu
786 2233 921 2258 MEATU
942 2226 959 2267 ]
984 2221 1081 2258 Bene
1102 2220 1262 2258 Pichena
1283 2224 1316 2257 δε
1340 2219 1583 2257 Recentiores.
1603 2220 1648 2256 In
1672 2219 1794 2257 Mffi&
1814 2218 1993 2257 veteribus

612 2271 834 2313 editionibus
846 2298 858 2314 ,
879 2273 943 2307 levi
957 2283 1074 2307 meatu.

662 2371 768 2408 CAP.
796 2370 928 2407 LXIII.
957 2370 1197 2415 Dwonmu]
1224 2370 1321 2406 Bene
1337 2370 1402 2405 Ms.
1428 2369 1516 2418 Reg.
1545 2367 1660 2404 editio
1686 2368 1852 2417 princeps
1877 2370 1911 2403 δε
1938 2380 1995 2411 re-

612 2422 800 2459 centiores.
823 2421 867 2457 In
881 2419 956 2456 Mff.
982 2417 1084 2454 Harl.
1100 2419 1206 2457 Bodl.
1227 2419 1294 2459 Jes.
1317 2419 1436 2457 Guelf.
1455 2422 1488 2455 δε
1504 2418 1724 2455 Puteolanus
1737 2448 1747 2461 ,
1761 2417 1994 2453 Dznodurium.

612 2472 678 2510 Ms.
700 2471 812 2510 Corb.
839 2469 1055 2509 Devedruros.

1863 2516 2000 2555 PAvoss
