2209 3047
313 164 393 206 AD
424 164 648 206 LIBRUM
674 163 748 206 IV.
771 161 916 204 HIST.
937 162 985 203 C.
1011 162 1190 205 CORN.
1209 161 1420 203 TACITI.
1485 177 1540 212 49
1556 176 1569 202 1

184 241 364 288 Tiberiusi'e
385 242 490 277 Julius
513 242 617 288 Caesar
643 240 805 288 Augustus
835 269 844 282 ,
870 238 1069 285 Tiberiusque
1100 238 1253 274 Claudius
1278 238 1383 285 Caefizr
1413 237 1576 286 Augustus

185 292 393 327 Germanicus
413 304 593 328 tenerentur
609 318 618 334 ‚
645 294 684 326 iis
708 291 827 339 legibus
845 289 1003 337 plebisque
1015 288 1107 334 scitis
1130 291 1308 335 Imperator
1334 290 1437 335 Caesar
1459 289 1575 335 Vespa-

177 340 289 388 fianus
306 343 432 388 fhlutus
450 342 525 388 fit3
551 353 676 389 quaque
700 354 741 376 ex
763 353 883 389 quaque
911 339 995 387 lege,
1025 340 1187 384 rogatione
1203 366 1213 382 ,
1239 339 1349 373 divum
1368 337 1574 385 Augustum,

185 390 384 427 Tiberiumve
413 393 538 429 Julium
570 392 724 437 Caesarem
753 388 958 437 Augustum,
992 387 1190 423 Tiberiumve
1217 389 1391 423 Claudium
1420 389 1575 434 Caesarem

184 440 366 489 Augustum
389 441 615 476 Germanicum
631 441 741 488 facere
765 441 928 481 oportuit,
960 451 995 473 ea
1019 439 1125 472 omnia
1147 438 1334 482 Imperatori
1360 440 1477 481 Caesari
1500 437 1575 484 Vest

181 490 314 537 pafiano
339 490 482 538 Augusto
499 491 607 538 facere
632 493 737 526 liceat.
762 488 854 525 Inde
881 487 1102 524 manifestum
1127 485 1175 523 est
1200 498 1269 521 nec
1296 487 1576 535 Vespasianum,

186 551 256 576 nec
279 539 416 589 priores
440 539 624 589 Principes
647 538 814 576 omnibus
839 537 978 587 legibus
1000 536 1097 574 fuiffe
1123 535 1272 572 solutos.
1293 535 1340 571 Iis
1361 538 1502 573 tanturn
1524 536 1578 573 le·-

187 589 292 639 gibus
312 601 372 627 aut
391 590 590 639 plebiscitis
611 589 720 626 soluti
743 588 847 631 sunt,
873 588 1002 637 quibus
1023 599 1140 637 neque
1164 585 1267 622 divus
1289 586 1490 634 Augustus,
1516 599 1578 623 ne-

187 652 257 688 que
278 640 468 684 Tiberius,
492 652 608 690 neque
630 638 803 675 Claudius
827 638 1051 674 tenebantur.
1080 636 1221 681 Quibus
1245 645 1363 671 autem
1386 648 1460 671 non
1481 646 1581 672 tene-

188 700 310 726 rentur
332 690 480 726 minime
502 688 653 726 dixerim
669 716 679 732 ,
708 688 790 725 curn
817 688 955 738 priores
979 688 1073 737 leges
1098 685 1261 735 imperii,
1283 684 1410 734 quibus
1435 685 1472 720 id
1492 699 1582 721 con-

186 739 392 782 tinebatur,
422 738 605 788 perierint.
632 738 813 775 Novimus
838 749 957 774 tamen
985 751 1029 773 ex
1064 737 1190 773 Dione
1221 734 1315 772 LVI.
1351 746 1434 783 pag.
1469 738 1546 780 582
1572 767 1580 777 ,

188 800 287 825 anno
312 787 420 824 Urbis
447 789 606 826 conditae
634 801 818 832 Dccnxu,
848 785 1047 836 Augustum
1071 786 1229 823 solutum
1253 785 1350 821 fuiffe
1379 783 1516 834 legibus
1544 785 1581 821 in

216 838 350 875 etendO
375 838 588 882 consulatu,
618 842 652 875 τὸ
676 842 726 876 τὴν
747 841 892 874 §wacezlau
919 840 1032 873 &Ero-ov
1063 837 1146 885 παρα)
1176 840 1210 872 τὸ
1232 840 1438 880 ιἐμομισμένον
1465 837 1581 870 augelis.

187 850 344 937 Regibus
370 901 517 938 quoque
549 887 802 938 conjugalibus
828 886 1009 935 Principes
1034 885 1132 922 fuiss'e
1160 886 1298 922 solutos
1324 883 1476 933 conjicit
1499 896 1584 920 eru-

190 938 284 974 ditus
306 938 468 975 Gravina
484 964 493 980 ,
524 939 676 986 Origines
704 939 792 973 Juris
819 938 935 973 Civilis
951 963 959 978 ,
990 948 1072 986 pag.
1104 948 1188 983 140.
1217 935 1333 981 Quod
1357 934 1453 971 enim
1474 933 1583 970 habet

189 988 370 1037 Ulpianus
398 1015 408 1032 ,
445 987 584 1038 Digest.
625 987 706 1024 libr.
738 987 768 1024 I.
810 987 887 1023 Tit.
927 1000 960 1035 3.
991 987 1027 1022 de
1048 987 1185 1035 Legibus
1214 985 1546 1033 &senatusconsultis
1572 1010 1584 1027 ,

186 1037 259 1087 leg.
288 1050 350 1084 3¹·
377 1040 524 1084 Princeps
547 1039 666 1086 legibus
683 1038 825 1085 fhlutus-
845 1037 909 1085 est,
937 1036 974 1072 id
999 1047 1188 1085 acceptum
1221 1049 1264 1072 ex
1295 1034 1446 1083 Ulpiani
1477 1046 1583 1071 com-

189 1087 372 1124 mentariis
404 1087 448 1123 ad
473 1087 590 1137 legem
611 1087 741 1124 Juliam
768 1091 801 1123 ὃς
823 1087 998 1135 Papiam,
1026 1099 1105 1136 quae
1132 1085 1228 1135 leges
1255 1085 1335 1121 sunt
1362 1084 1582 1134 conjugale&

189 1136 316 1174 Postea
342 1138 457 1174 crevit
487 1137 696 1187 Principum
722 1138 953 1180 immunitas3
982 1149 1050 1173 nec
1074 1136 1257 1183 Principes
1287 1135 1325 1170 in
1360 1135 1456 1184 leges
1490 1136 1588 1180 jura-

190 1186 288 1223 bant.
315 1186 405 1223 Ideo
444 1187 622 1235 Trajanus
655 1198 846 1237 tantopere
873 1187 1036 1223 laudatus
1070 1199 1091 1222 a
1114 1185 1260 1228 Plinio,
1300 1185 1338 1221 in
1372 1183 1584 1234 Panegyric.

189 1236 310 1274 LXIV
337 1240 370 1273 ὃ(
392 1237 515 1282 LXV,
543 1238 643 1287 qubd
668 1237 874 1287 processerit
896 1237 935 1273 in
959 1236 1090 1280 rostra,
1120 1236 1392 1283 inadfiensumque
1418 1236 1512 1270 illum
1526 1239 1589 1282 su-

186 1287 304 1334 perbiae
329 1288 515 1334 Principum
540 1290 643 1323 locum
667 1287 828 1330 triverit,
856 1287 894 1323 in
917 1287 1034 1337 legem
1056 1286 1226 1335 juraverit
1242 1313 1251 1328 ‚
1281 1285 1315 1321 se
1343 1284 1482 1334 legibus
1505 1283 1590 1320 sub-

190 1336 324 1384 jecerit.
351 1338 446 1382 Quod
470 1351 548 1386 ego,
573 1337 750 1374 exclamat
781 1337 942 1380 Plinius,
979 1349 1061 1371 nunc
1081 1339 1223 1383 primum
1250 1336 1367 1376 audio,
1406 1348 1488 1369 nunc
1517 1336 1591 1380 pri-

110 1393 124 1403 ‘
190 1400 277 1422 mum
300 1387 382 1441 eiisco
398 1414 408 1430 ,
436 1400 497 1422 non
524 1387 566 1434 est
593 1389 741 1433 Princeps
759 1388 858 1433 super
881 1387 984 1441 leges,
1004 1386 1062 1433 sed
1087 1387 1168 1433 leges
1181 1386 1282 1432 supra
1306 1386 1496 1431 Principem.
1520 1384 1591 1420 Ce-

190 1435 420 1472 leberrimum
445 1449 593 1487 quoque
615 1435 664 1473 est
686 1435 920 1485 Imperatoris
943 1435 1065 1471 Severi
1088 1435 1285 1471 Alexandri
1309 1433 1478 1471 effatum:
1500 1434 1591 1470 Licet

190 1489 275 1522 enim
298 1488 352 1522 lex
380 1489 504 1533 imperii
520 1488 717 1534 solemnibus
736 1489 823 1534 juris
845 1488 1072 1533 Imperatorem
1088 1486 1254 1532 fiilverit:
1284 1486 1364 1520 nihil
1390 1497 1494 1520 tamen
1524 1496 1592 1519 tam

187 1538 356 1584 proprium
380 1539 505 1583 imperii
531 1536 574 1585 est
598 1564 609 1581 ,
639 1536 736 1586 qua'm
766 1536 885 1585 legibus
919 1538 1041 1572 vivere.
1074 1535 1170 1574 Cod.
1203 1534 1285 1572 libr.
1319 1533 1404 1572 III.
1441 1534 1516 1571 Tit.
1555 1534 1593 1571 de

193 1585 327 1634 Testam.

243 1638 358 1685 Utique
385 1649 572 1685 quaecunque
593 1646 666 1672 ante
692 1637 771 1671 hanc
798 1637 896 1684 legem
921 1647 1070 1685 rogatam
1091 1637 1188 1679 aila,
1216 1635 1329 1684 gesta,
1360 1635 1506 1678 decreta,
1532 1636 1594 1669 im-

190 1698 305 1733 perata
327 1687 367 1722 ab
391 1688 585 1734 Imperatore
609 1686 730 1733 Caesare
753 1686 939 1735 Vespasiano
963 1685 1106 1735 Augusto
1123 1717 1130 1728 ‚
1152 1685 1238 1734 juſju
1263 1685 1457 1720 mandatuve
1483 1688 1548 1733 ejus
1572 1697 1593 1719 a

194 1749 313 1785 quoque
326 1737 405 1784 sunt
421 1764 430 1780 ,
463 1750 498 1772 ea
513 1736 642 1783 perinde
659 1736 744 1783 justa
765 1749 896 1785 rataque
920 1736 990 1783 fint
1003 1764 1012 1780 ‚
1039 1750 1075 1771 ac
1093 1735 1127 1781 [ἱ
1141 1737 1252 1782 populi
1268 1736 1406 1782 plebisve
1419 1737 1503 1784 juſju
1521 1735 1594 1770 αὲἶιι

194 1785 297 1834 efflent.
321 1789 411 1822 Haec
434 1786 491 1823 lex
515 1799 536 1822 a
559 1785 819 1835 magistratibus
841 1786 1062 1836 ducibusque
1086 1785 1337 1822 Flavianarum
1356 1785 1511 1834 partium
1534 1796 1594 1820 ro-

194 1845 288 1885 gata.
318 1836 434 1882 Quod
459 1836 546 1873 verb
573 1836 740 1872 additur:
763 1837 897 1884 perinde
915 1837 1006 1885 justa
1031 1848 1160 1883 rataque
1175 1836 1268 1883 fim'›
1293 1849 1329 1871 ac
1343 1836 1377 1882 fi
1400 1836 1508 1882 populi
1528 1835 1594 1881 ple-

194 1887 279 1933 bisve
297 1887 383 1936 juſju
407 1888 480 1922 ac'la
503 1888 618 1936 (ssent,
647 1886 685 1922 id
709 1899 754 1923 ex
774 1897 897 1924 vetere
919 1887 983 1923 usu
1011 1886 1206 1935 repetitur,
1236 1898 1310 1934 quo
1334 1884 1421 1933 justa
1447 1895 1594 1934 rataque

195 1946 316 1978 erant,
344 1948 423 1986 quae
447 1936 578 1986 populi
601 1935 762 1985 plebisve
785 1937 895 1985 jussu,
924 1937 962 1974 id
992 1936 1040 1974 est
1075 1935 1283 1973 centuriatis
1298 1964 1307 1979 ‚
1335 1946 1396 1971 aut
1423 1935 1564 1971 tributis
1583 1961 1596 1977 ‚

196 1986 355 2022 comitiis
374 1989 448 2023 aRa
473 1987 623 2023 fuerant.
661 1989 776 2033 Populi
803 1987 1051 2035 appellatione
1079 1986 1313 2023 continentur
1327 1985 1480 2022 universi
1498 1984 1596 2022 cives

198 2047 281 2071 cum
297 2036 377 2084 ipsis
401 2037 560 2086 patriciis
584 2050 626 2073 ac
649 2036 873 2074 senatoribus
887 2050 899 2081 3
921 2039 1023 2085 plebis
1047 2037 1200 2075 nomine
1227 2065 1238 2081 ,
1273 2036 1382 2074 ceteri
1404 2035 1500 2074 cives
1524 2034 1595 2071 sine

198 2085 356 2134 patriciis
379 2090 414 2123 ὅς
441 2086 677 2124 senatoribus.

245 2136 488 2174 SANCTIO.
512 2139 547 2174 Si
561 2140 629 2186 quis
642 2137 766 2185 hujusce
778 2139 856 2186 legis
872 2151 944 2187 ergo
954 2138 1104 2174 adversus
1118 2139 1198 2185 leges
1211 2139 1436 2185 ,rogationes‚
1455 2134 1595 2182 plebifise

189 2185 275 2236 seira
290 2186 625 2235 senatilsveconsulta
643 2188 744 2235 fecit,
764 2189 880 2236 fecerit
897 2216 907 2232 ,
924 2188 996 2236 five
1022 2189 1103 2237 quod
1127 2201 1196 2224 eum
1218 2201 1258 2223 ex
1283 2189 1372 2234 lege,
1406 2187 1593 2232 rogatione,

194 2236 334 2283 plebisve
362 2235 444 2283 scito
468 2237 636 2284 senatusue
659 2238 796 2285 consulto
822 2239 932 2286 facere
955 2239 1109 2285 oportebit
1126 2267 1135 2282 ,
1166 2251 1228 2273 non
1254 2238 1370 2284 fecerit
1396 2238 1487 2284 hujus
1511 2235 1593 2281 legis

199 2299 273 2335 ergo
289 2313 298 2330 ,
326 2287 359 2322 id
378 2290 405 2323 ei
427 2301 464 2322 ne
479 2288 595 2334 fraudi
618 2287 700 2335 esto,
726 2300 802 2323 neve
826 2289 901 2337 quid
928 2292 942 2335 (
966 2288 1136 2337 scriptum
1162 2291 1230 2337 quit
1252 2287 1301 2324 ob
1325 2296 1482 2324 veterem
1508 2296 1595 2332 pro-

201 2336 393 2373 nuntiandi
414 2337 564 2374 modurn
586 2340 601 2383 )
629 2339 664 2373 ob
690 2350 757 2372 eam
781 2352 845 2373 rem
865 2340 981 2386 populo
1000 2340 1075 2375 dare
1102 2339 1236 2380 debeto;
1265 2350 1342 2374 neve
1365 2339 1414 2372 cui
1435 2336 1472 2371 de
1503 2334 1538 2368 eci
1561 2346 1594 2368 re

202 2386 306 2429 αὲἶίο,
337 2400 414 2423 neve
441 2388 601 2436 judicatio
624 2387 710 2436 esto,·
733 2400 810 2424 neve
831 2391 901 2438 quis
923 2390 959 2426 de
986 2389 1022 2426 ed
1051 2403 1083 2426 re
1107 2388 1192 2436 apud
1217 2394 1231 2432 (
1254 2399 1322 2425 tres
1347 2386 1529 2434 sequentes
1550 2382 1597 2419 li·-

1242 2456 1406 2513 Qqqij
