2209 3047
617 223 705 262 544
818 204 1039 245 NOTAE
1075 203 1161 244 ET
1208 201 1801 248 EMENDATIONES

669 282 852 317 Ermfflm
882 284 1094 326 ANJMALIS]
1125 279 1212 317 Non
1229 293 1319 316 unus
1333 279 1482 315 Tacitus
1503 307 1512 322 ,
1546 279 1605 316 sed
1632 280 1825 319 Diodorus
1852 298 1996 337 quoque

623 331 759 367 Siculus
784 359 792 374 ‚
826 330 1056 374 Plutarchus,
1088 332 1215 379 Apion
1254 330 1387 379 aliique
1420 329 1604 366 Asminum
1634 330 1842 368 Judaeorum
1870 349 2002 375 numen

621 393 874 417 memoravere.
914 380 1074 430 Indeque
1113 381 1201 417 salse
1232 379 1401 416 adversus
1430 380 1593 418 Judaeum
1629 381 1820 431 quemdam
1854 397 2003 434 poetam

620 430 816 473 Martialis,
840 432 1052 481 Epigramm.
1079 430 1147 474 XI,
1170 442 1234 479 95.

791 490 864 520 Ecce
886 501 993 530 negas,
1011 491 1137 529 jurasque
1152 490 1217 518 mihi
1238 500 1287 527 per
1308 492 1407 528 templa
1419 491 1568 522 Tonantis.

830 531 897 560 Non
914 530 990 560 credo
1013 542 1022 558 .-
1040 531 1104 567 jura
1122 553 1130 566 ‚
1158 529 1248 565 Verpe
1260 554 1268 566 ,
1283 541 1331 567 per·
1342 532 1522 562 Anchialum.

616 583 683 620 Vel
697 583 821 632 potius
836 596 898 633 per
909 584 1105 618 Ancharium
1121 608 1131 624 ,
1156 591 1194 616 ut
1211 580 1367 618 habebat
1383 583 1628 620 vetustissimus
1642 583 1709 620 Ms.
1729 584 1858 621 Codex
1873 585 2001 622 Thua-

619 646 728 670 naeus.
771 633 899 670 Afinus
927 632 1022 668 enim
1056 629 1227 666 Romanis
1259 631 1369 669 dietus
1402 633 1450 672 est
1474 636 1655 672 aucharius.
1694 633 1753 673 De
1783 635 1853 672 hac
1879 636 2002 674 fabula

615 684 763 735 eiusque
779 683 920 734 origine
937 681 1060 731 paucis
1075 680 1280 718 dicendum.

818 772 915 828 De
938 772 1145 848 subulci
1175 772 1310 845 afini
1351 792 1384 827 a
1419 771 1623 829 Iudaeis
1660 776 1802 832 culti.

667 887 819 922 ASINUM
850 897 869 919 a
895 885 1026 922 Judaeis
1060 885 1196 922 cultum
1224 885 1381 921 fabulam
1406 885 1472 923 esse
1496 886 1664 923 omnibus
1695 897 1919 935 compertum
1942 889 2004 925 est.

615 936 695 972 Nec
713 937 803 972 inter
819 935 852 971 se
869 935 1102 972 consentiunt
1121 963 1130 980 ‚
1159 936 1221 986 qui
1244 935 1471 972 mendacium
1496 937 1703 986 prodidere.
1728 937 1803 973 Alii
1831 937 1964 974 afinum
1989 965 2002 983 ‚

617 987 679 1022 alii
697 986 777 1021 alini
794 996 902 1034 caput
919 1012 928 1027 ‚
952 986 1013 1021 alii
1040 986 1229 1022 hominem
1257 985 1354 1022 asino
1376 986 1605 1030 insidentem,
1630 988 1668 1023 in
1681 987 1889 1024 Judaeorum
1911 999 2004 1024 tem-

617 1036 682 1085 plo
712 1036 807 1072 fuiffe
837 1036 1011 1072 sacratum
1036 1035 1169 1073 volunt
1192 1051 1201 1072 ε
1222 1036 1301 1072 haec
1323 1036 1447 1072 omnia
1469 1036 1619 1072 absurda
1643 1038 1708 1074 effe
1728 1049 1828 1086 patet
1847 1051 1891 1074 ex
1918 1038 2000 1086 ipso

615 1086 770 1129 Tacito,
791 1087 951 1136 quimox
974 1099 1053 1136 cap.
1073 1098 1110 1134 5.
1130 1087 1343 1136 profitetur,
1369 1086 1515 1123 Judoeos
1535 1097 1654 1124 mente
1685 1088 1764 1123 sola
1795 1101 1904 1124 unum
1933 1101 2003 1124 nu-

616 1150 697 1172 men
713 1162 723 1178 ,
754 1136 952 1181 summum,
979 1149 1150 1173 aeternum
1166 1165 1175 1181 ,
1198 1150 1315 1187 neque
1333 1137 1504 1174 mutabile
1519 1166 1528 1181 ‚
1552 1151 1668 1188 neque
1697 1137 1923 1174 interiturum
1945 1138 2003 1174 in-

616 1186 777 1234 telligere
792 1201 800 1222 :
816 1187 915 1222 nulla
939 1187 1121 1223 simulacra
1144 1201 1270 1224 eorum
1288 1186 1457 1231 urbibus,
1479 1187 1611 1224 nedum
1631 1188 1794 1236 templis,
1819 1189 1895 1224 esse.
1920 1188 2003 1224 Ob-

613 1236 760 1284 jiciebat
776 1247 895 1273 tamen
915 1237 1042 1286 Apion
1056 1266 1065 1282 ‚
1080 1238 1319 1274 calumniator
1335 1237 1579 1274 audaciffimus
1595 1267 1604 1281 ,
1634 1238 1806 1274 asininum
1829 1237 1920 1274 illud
1942 1250 2004 1274 ca-

613 1297 680 1334 put
711 1299 857 1323 aureum
885 1288 929 1324 ab
946 1288 1135 1324 Antiocho
1155 1288 1345 1337 Epiphane
1376 1288 1414 1323 in
1431 1288 1570 1337 templo
1593 1288 1692 1325 fuisse
1715 1299 1905 1337 repertum.
1931 1288 2004 1324 Cui

613 1336 809 1385 respondet
828 1337 1021 1386 Joseplms,
1049 1351 1159 1374 contra
1177 1342 1336 1385 Apionem
1356 1338 1413 1382 ΙΙ,
1430 1351 1453 1385 7
1467 1370 1474 1381 ,
1502 1352 1619 1388 neque
1646 1338 1690 1374 ab
1707 1339 1895 1374 Antiocho
1908 1366 1918 1382 ‚
1937 1352 2003 1375 ne-

613 1398 683 1436 que
712 1399 732 1422 a
746 1386 924 1437 Pompeio
938 1389 1079 1437 Magno
1094 1415 1104 1432 ‚
1133 1401 1250 1438 neque
1275 1402 1293 1424 a
1309 1388 1453 1425 Licinio
1469 1390 1590 1426 Crasso
1604 1417 1612 1432 ‚
1631 1402 1746 1438 neque
1769 1401 1789 1424 a
1804 1389 1895 1424 Tito
1914 1417 1923 1432 ‚
1939 1389 2002 1438 qui

613 1448 741 1473 omnes
763 1438 937 1486 templum
968 1438 1158 1474 obtinuere
1174 1464 1183 1480 ,
1210 1438 1281 1474 tale
1301 1438 1488 1487 quidpiam
1504 1439 1602 1475 fuisse
1620 1439 1807 1475 inventum
1830 1453 1838 1474 :
1872 1451 1935 1475 eos
1954 1439 2003 1474 ni-

612 1485 666 1521 hil
702 1487 864 1535 reperisse
888 1518 896 1530 ,
922 1487 986 1523 nifi
1014 1488 1228 1536 purissimam
1251 1488 1443 1536 pietatem,
1470 1488 1514 1524 de
1544 1489 1614 1537 qua
1636 1488 1728 1523 nihil
1755 1488 1886 1524 Judaeis
1903 1487 2003 1536 apud

612 1536 705 1572 alios
721 1536 889 1581 effabile3
919 1538 968 1573 ob
994 1538 1129 1573 sacram
1157 1537 1294 1573 scilicet
1313 1539 1347 1573 ὃς
1363 1537 1584 1574 ineffabilem
1598 1538 1668 1573 Dei
1683 1538 1851 1573 Jehovah
1867 1565 1875 1580 ‚
1897 1549 1977 1575 ΠἸι-Γν
1993 1568 2002 1580 ,

611 1586 840 1636 religionem.
879 1587 993 1623 Addit
1014 1587 1189 1636 Josephus
1212 1598 1348 1625 veteres
1378 1587 1669 1637 gravissimosque
1693 1587 1884 1635 scriptores
1897 1586 2005 1636 Poly-

614 1636 733 1680 bium⁷
745 1637 960 1675 Strabonem
973 1665 983 1681 ‚
999 1637 1197 1674 Nicolaum
1207 1637 1470 1674 Damascenum
1487 1666 1496 1681 ‚
1515 1637 1754 1687 Timagenem
1768 1640 1802 1674 ὃς
1818 1636 2005 1674 Castorem

613 1687 810 1735 prodidisse
840 1689 980 1724 tantum
1011 1689 1187 1738 templum
1217 1688 1262 1724 ab
1284 1688 1473 1725 Antiocho
1491 1719 1499 1731 ,
1525 1687 1588 1738 qui
1609 1687 1734 1738 iniqua
1751 1690 1784 1724 δε
1808 1686 2003 1723 insatiabili

614 1749 727 1784 opum
755 1738 926 1786 cupidine
943 1738 1117 1788 flagrabat
1132 1767 1142 1783 ‚
1171 1738 1270 1775 fuisse
1285 1738 1494 1788 expilatum.

662 1788 715 1823 At
736 1788 832 1825 unde
849 1789 952 1836 hujus
973 1788 1103 1825 fabulae
1129 1789 1236 1839 origo
1255 1789 1268 1826 ἓ
1286 1789 1433 1827 Plurimi
1456 1789 1610 1826 eruditas
1629 1819 1637 1832 ,
1662 1788 1722 1826 sed
1746 1801 1823 1825 non
1848 1789 1896 1824 ita
1916 1799 2002 1836 pro-

612 1836 750 1874 babiles
766 1864 774 1880 ,
801 1851 845 1874 ex
865 1838 1130 1876 Hebraicorum
1152 1840 1412 1877 Graecorumve
1429 1840 1620 1877 nominum
1635 1838 1864 1874 fimilitudine
1892 1837 2002 1887 origi-

616 1887 780 1924 nationes
813 1899 981 1937 repetunt
998 1918 1008 1934 ‚
1041 1903 1126 1939 quas
1141 1890 1265 1927 videre
1289 1890 1337 1927 est
1363 1890 1460 1940 apud
1477 1890 1650 1928 Cl.J0an.
1665 1889 1734 1926 Jac.
1752 1887 1970 1925 Huldricum
1992 1917 2001 1929 ,

617 1937 755 1972 Gentilis
778 1939 1006 1984 Obtrefflator,
1027 1939 1120 1976 Part.
1140 1940 1168 1977 Ι.
1188 1953 1267 1990 cap.
1290 1953 1327 1989 4.
1346 1954 1429 1991 pag.
1446 1941 1493 1990 56
1511 1944 1544 1977 δε
1564 1940 1661 1990 seqq.
1688 1939 1819 1976 Verius
1846 1936 2007 1974 credide-

615 1985 683 2021 rim
700 1987 857 2024 fabulam
880 2000 996 2026 ortam
1012 1990 1078 2027 esse
1089 2004 1132 2027 ex
1141 1991 1401 2041 AEgyptiorum
1415 1990 1652 2041 malignitate.
1664 1989 1804 2025 Natura
1817 2000 2004 2037 procaces,

615 2035 652 2071 se
675 2036 772 2074 solos
790 2038 965 2088 sapientes
983 2053 1169 2091 rerumque
1193 2041 1329 2090 peritos
1349 2041 1505 2089 jactitare
1539 2040 1660 2081 soliti,
1688 2039 1859 2088 afinisque
1888 2037 2004 2073 infen-

615 2084 729 2121 fiffimi
743 2118 750 2129 ,
767 2088 841 2125 hoc
855 2102 1065 2127 commento
1081 2091 1139 2128 vel
1150 2090 1168 2128 J
1172 2091 1356 2128 udaeorum
1373 2090 1617 2141 ignorantiam
1633 2118 1642 2133 ‚
1655 2089 1907 2138 religiosamve
1919 2086 2004 2123 taci-

617 2136 825 2174 turnitatem
842 2140 1090 2188 despiciebant
1102 2169 1113 2185 ,
1131 2141 1189 2178 vel
1205 2141 1428 2191 frequentem
1443 2142 1480 2177 in
1491 2141 1698 2178 Judaeorum
1710 2139 1809 2175 libris
1823 2137 2002 2174 afinorum

617 2187 827 2223 memoriam
844 2217 853 2232 ‚
885 2191 1123 2241 vi&oriasque
1149 2191 1348 2234 Samsonis,
1371 2194 1405 2228 &
1425 2192 1516 2227 fusas
1543 2203 1586 2227 ex
1614 2190 1699 2225 asmi
1726 2188 1872 2227 maxilla
1894 2199 2002 2238 aquas

615 2235 794 2273 ridebant.
806 2237 914 2275 Forte
933 2254 1079 2290 quoque
1096 2241 1268 2277 asininum
1280 2242 1348 2277 fuit
1363 2241 1513 2291 aliquod
1525 2240 1733 2277 ludibrium.
1748 2239 1807 2275 Sic
1817 2238 2003 2287 hodieque

616 2284 654 2320 in
679 2287 842 2336 AEgypto
863 2300 961 2325 tanta
984 2291 1032 2327 est
1055 2292 1256 2327 Turcarum
1283 2291 1448 2340 superbia
1463 2318 1473 2334 ,
1509 2301 1549 2327 ut
1576 2303 1711 2340 equos,
1745 2288 2000 2326 nobilissimum

616 2335 774 2380 animal,
809 2337 871 2373 fibi
893 2339 1068 2389 seponant
1083 2369 1093 2385 ,
1115 2341 1230 2378 asinos
1247 2341 1409 2383 tantum,
1432 2342 1505 2378 vile
1528 2353 1658 2389 pecus,
1680 2338 1886 2375 Christianis
1901 2365 1911 2380 ‚
1939 2335 2002 2391 Ju-

616 2384 702 2421 decis
715 2414 724 2430 ,
744 2387 940 2432 Arabibus‚
959 2390 1183 2439 Maurisque,
1201 2391 1480 2428 aMahumetica
1491 2391 1670 2440 religione
1687 2388 1813 2425 alienis
1826 2416 1835 2431 ‚
1855 2397 2001 2435 permit-

615 2444 703 2475 tant.
727 2436 819 2474 Vide
836 2437 1122 2490 C1.Haffe1quist
1135 2468 1146 2486 ‚
1177 2442 1320 2489 Voyagcs
1343 2442 1421 2478 dans
1435 2443 1462 2477 le
1472 2442 1610 2478 Levant.
1638 2440 1746 2486 Tom‚
1770 2438 1801 2476 Ι.
1828 2449 1910 2487 pag·
1937 2438 1999 2474 8ο-

1946 2510 2004 2550 Ut
