2209 3047
615 207 702 253 460
804 198 1026 239 NOTAE
1069 194 1153 236 ET
1199 194 1793 241 EMENDATIONES

615 276 754 311 clamat.
770 273 905 309 Tentat
923 285 1067 321 quoque
1086 271 1245 309 Ferretus
1256 300 1265 316 ‚
1283 285 1337 306 cur
1353 272 1656 321 rursussumpfiffent
1672 300 1680 316 ,
1708 277 1775 310 δίε.
1787 274 1866 312 Nec
1882 280 1985 316 male,

614 326 665 361 At
683 324 774 370 strpe
790 323 938 358 Tacitus
954 323 1095 370 usurpat
1113 350 1121 365 ‚
1143 336 1233 357 arma
1246 351 1255 366 ‚
1281 323 1431 356 militiam
1456 325 1616 368 resumere.
1643 322 1739 359 Bene
1761 323 1986 372 Davanzati‚

611 375 720 419 perche
743 374 875 421 aveſjero
891 374 1004 419 ripreso
1027 374 1132 407 l⁷armi
1144 378 1155 407 ?
1168 371 1226 406 Sic
1241 371 1371 418 optimi
1385 371 1514 420 quique
1530 372 1748 419 interpretes,

660 423 912 467 ToLERENT]
937 421 1069 459 Melius
1082 449 1092 465 ,
1111 423 1281 456 tolerarent
1297 431 1356 457 :ut
1370 422 1442 468 jam
1460 422 1601 457 monuit
1618 421 1675 458 Cl.
1692 421 1864 459 Ernestus.
1882 423 1982 459 Prius

610 472 782 520 praecessit
799 499 808 514 ‚
835 474 962 520 poſjent.

660 521 752 556 Mox
776 525 978 567 mansus]
1004 521 1033 558 J.
1048 520 1087 556 F.
1107 519 1314 556 Gronovius
1338 520 1460 557 mallet
1478 547 1487 562 ,
1522 520 1682 568 infenfizis.
1710 521 1759 555 Iis
1787 522 1882 557 enim
1908 534 1983 558 non

610 569 679 604 suit
698 570 851 607 infensus
867 598 876 613 ‚
899 571 958 607 sed
983 583 1045 607 eos
1063 569 1229 605 infenfisis
1250 570 1431 620 acriusque
1452 569 1629 607 allocutus
1650 569 1710 607 est.
1734 570 1760 606 F
1764 571 1842 607 orte
1864 582 1982 610 tamen

609 620 747 668 infensus
755 646 766 663 ‚
791 620 886 658 idem
906 620 952 657 est
967 647 977 663 ,
1002 631 1043 655 ac
1066 620 1184 656 iratus,

663 718 769 756 CAP.
795 719 904 755 XXV.
933 719 1062 756 vices
1092 730 1207 762 mma,
1234 730 1286 755 AN
1317 723 1521 765 coustmo]
1543 720 1640 756 Bene
1654 719 1729 756 Mss.
1746 720 1843 756 Flor.
1865 720 1979 757 Corb.

608 768 722 805 editio
745 770 931 817 princeps,
958 769 1114 805 Pichena
1142 773 1176 805 δε
1200 769 1444 806 Recentiores.
1476 770 1520 804 In
1544 770 1610 805 Ms.
1632 769 1719 819 Reg.
1745 784 1844 816 vagus
1868 773 1938 806 inde
1961 784 1982 805 a

607 818 745 865 consilio.
768 818 834 853 Ms.
853 818 954 853 Harl.
971 821 1004 854 ἅ
1023 818 1240 855 Puteolanus
1255 845 1264 860 ‚
1291 833 1392 868 vagus
1408 819 1480 855 inde
1498 819 1636 866 confilio.
1661 819 1731 856 Sed
1743 819 1780 854 in
1791 819 1857 855 Ms.
1874 819 1979 856 Harl.

606 867 715 903 altera
731 879 835 902 manu
848 868 1008 902 additum
1022 896 1032 911 ,
1051 881 1104 903 an.

648 916 897 962 EXERCITUS]
929 917 995 953 Ms.
1020 918 1133 954 Corb.
1166 921 1350 955 exercitum.

657 965 978 1012 DinucERETve]
999 966 1055 1002 Ita
1068 967 1204 1015 Lipsius
1221 971 1254 1004 δε
1272 967 1502 1006 Recentiores
1528 968 1577 1005 ob
1601 972 1764 1005 ᾰιντίθεα-ιν.
1786 968 1831 1004 In
1844 968 1920 1005 ΜΠ.
1945 972 1980 1006 ὃς

603 1015 783 1053 veteribus
804 1015 1045 1059 editionibus,
1068 1018 1243 1053 duceretz'e.

653 1065 862 1105 POSTQUAM
880 1070 1117 1112 PERCULSOS]
1145 1067 1241 1103 Bene
1253 1067 1440 1103 Acidalius
1467 1071 1500 1103 δε
1524 1066 1579 1102 Cl.
1593 1066 1765 1103 Ernestus.
1788 1067 1886 1103 Male
1899 1067 1978 1103 Mff.

601 1116 634 1149 <Sc
654 1125 788 1150 veteres
813 1114 989 1151 editiones
1005 1143 1013 1158 ,
1037 1118 1152 1163 puljbs.
1178 1117 1355 1152 Nondum
1376 1116 1464 1165 pulfi
1490 1128 1611 1159 erant,
1645 1117 1706 1153 sed
1732 1117 1881 1166 perculsi
1899 1129 1975 1154 tan-

599 1162 688 1199 tum.
721 1164 815 1210 Quae
830 1164 908 1200 duce
922 1178 1032 1201 voces
1056 1178 1076 1200 a
1100 1165 1250 1201 librariis
1276 1166 1381 1202 facile
1403 1178 1678 1202 commutantur.

650 1212 950 1260 OBTURBABAT]
982 1215 1038 1250 lta
1051 1215 1128 1251 ΜΠ.
1145 1215 1240 1252 Flor.
1262 1215 1348 1265 Reg.
1367 1215 1479 1252 Corb.
1501 1218 1590 1265 Agr.
1619 1216 1732 1252 editio
1751 1217 1916 1265 princeps
1944 1218 1979 1253 ὃς

597 1263 825 1299 recentiores.
862 1263 938 1300 Mss.
964 1264 1066 1300 Harl.
1083 1265 1273 1302 Bod1.Jes.
1295 1269 1328 1302 &
1343 1265 1578 1308 Puteolanus,
1599 1267 1757 1301 obturbat.

648 1312 827 1348 IMPUBEM
853 1318 1015 1360 FiLmM]
1059 1315 1118 1350 Sic
1142 1315 1218 1351 ΜΠ.
1248 1315 1345 1351 Flor.
1370 1315 1473 1351 Harl.
1495 1315 1601 1351 Bodl.
1623 1315 1690 1352 Jes.
1717 1315 1828 1352 Corb.
1856 1314 1975 1351 Guelf.

597 1360 810 1398 Gronovius
841 1365 875 1398 ὃς
897 1361 1142 1400 Recentiores.
1174 1364 1218 1400 In
1240 1364 1307 1402 Ms.
1331 1364 1421 1414 Reg.
1451 1368 1485 1401 ὃς
1510 1364 1731 1402 editionibus
1759 1364 1938 1401 veteribus
1961 1391 1976 1408 ‚

597 1413 797 1457 impuberem.

645 1462 907 1498 PRECABATUR
932 1467 1160 1508 PLACATOS]
1199 1463 1259 1499 Sic
1279 1463 1356 1499 Mff.
1384 1463 1485 1500 Harl.
1509 1463 1616 1500 Bodl.
1645 1463 1710 1501 Jes.
1739 1464 1829 1499 Bud.
1853 1464 1974 1501 Guelf.

594 1510 834 1553 Puteolanus,
860 1511 1021 1547 Ernestus
1051 1516 1083 1548 ὃς
1110 1513 1167 1548 Cl.
1197 1511 1417 1549 Lallemand.
1443 1514 1486 1547 In
1515 1513 1695 1548 Ms.Flor.
1719 1516 1844 1559 platos,
1871 1514 1974 1562 supra

595 1558 726 1595 additis
740 1560 877 1596 duabus
892 1561 1000 1597 literis
1021 1576 1068 1597 ca.
1091 1561 1216 1597 Editio
1235 1563 1420 1609 princeps,
1442 1561 1576 1610 Lipfius
1593 1562 1725 1610 aliique
1740 1562 1866 1605 multi,
1897 1577 1975 1609 pre-

594 1610 726 1645 cabatur
751 1614 867 1656 piatos.
902 1611 945 1646 In
970 1610 1047 1647 Mff.
1072 1611 1185 1648 Corb.
1200 1611 1384 1659 Agr.&in
1394 1611 1507 1647 altero
1523 1611 1591 1647 Ms.
1608 1610 1705 1647 Flor.
1724 1613 1915 1657 precabatur
1936 1625 1975 1649 ne

587 1662 706 1705 piatos.
742 1659 851 1696 Unde
880 1659 973 1696 forte
1004 1661 1175 1709 scriptum
1200 1661 1267 1697 fuit
1289 1661 1377 1697 olim
1395 1688 1405 1704 ,
1429 1675 1502 1696 voce
1515 1661 1625 1709 flebili
1643 1662 1712 1697 deos
1729 1662 1920 1707 precabatur
1937 1675 1975 1699 ne

588 1712 697 1755 piatos
714 1714 818 1755 patris
835 1723 959 1750 manes,
977 1723 1051 1746 neve
1062 1713 1097 1757 se
1119 1724 1153 1746 ut
1165 1712 1361 1757 parricidam
1376 1712 1608 1758 averfizrentur.

648 1759 963 1795 AVERSARENTUR
979 1763 996 1805 ]
1029 1761 1126 1796 Bene
1141 1761 1207 1796 Ms.
1222 1760 1319 1797 flor.
1338 1760 1495 1797 Pichena
1512 1763 1545 1798 δε
1561 1759 1801 1797 Recentiores.
1829 1759 1874 1795 In
1893 1759 1972 1797 aliis

593 1806 669 1843 ΜΠ.
686 1810 719 1844 &
733 1808 954 1845 editionibus
971 1810 1149 1846 veteribus
1163 1839 1172 1853 ‚
1196 1812 1451 1855 adversarentur.

643 1857 903 1895 TRucmATos
937 1863 1157 1905 SPOLIANT]
1187 1859 1240 1895 Ita
1266 1860 1379 1910 vulgo
1405 1860 1481 1896 ΜΠ.
1503 1863 1537 1896 &
1564 1859 1645 1895 libri
1664 1871 1788 1895 omnes
1806 1858 1904 1895 editi.
1925 1858 1967 1895 In

593 1904 658 1942 Ms.
679 1906 705 1942 F
710 1907 775 1943 lor.
805 1910 967 1944 trucidati.
997 1910 1088 1948 Inde
1102 1909 1224 1947 frustra
1247 1920 1360 1949 tentat
1378 1909 1616 1954 Gronovius,
1633 1910 1806 1946 trucidant.
1834 1908 1970 1946 Probat

592 1964 710 1994 tamen
737 1957 792 1995 Cl.
818 1957 989 1997 Ernestus.

646 2055 750 2093 CAP.
768 2057 895 2094 XXVI.
923 2058 1054 2096 Fmso.
1071 2088 1099 2098 ..
1115 2063 1339 2106 ExERCITU]
1361 2060 1458 2097 Bene
1473 2059 1550 2096 ΜΠ.
1570 2058 1672 2095 Harl.
1701 2057 1808 2094 Bodl.
1829 2059 1967 2093 Puteo-

589 2104 691 2139 lanus
708 2109 739 2141 ἀ
760 2106 998 2146 Recentiores.
1028 2110 1070 2145 In
1086 2111 1152 2146 Ms.
1178 2111 1244 2148 Jes.
1264 2112 1343 2158 flſjo
1358 2138 1366 2146 .
1382 2137 1412 2145 ..
1427 2113 1610 2146 wercizum.
1643 2107 1720 2144 Mff.
1748 2107 1844 2143 Flor.
1874 2108 1964 2155 Reg.

591 2153 706 2190 editio
739 2157 903 2206 princeps
928 2187 937 2201 ,
959 2161 1051 2208 feſjos
1134 2164 1316 2196 exercitum.
1349 2159 1418 2196 Ms.
1448 2159 1534 2209 Agr.
1547 2160 1876 2207 fssos...e.rercitus.
1893 2155 1962 2192 Ms-

590 2201 703 2240 Corb.
721 2207 833 2253 feſjmrz
846 2235 853 2243 .
866 2235 873 2243 .
889 2235 895 2242 .
914 2213 1096 2246 exercitum.

640 2253 741 2298 QUAE
764 2268 878 2292 SUPER
906 2270 1064 2294 CUNCTA
1081 2287 1112 2296 ..
1135 2271 1327 2296 .1PSORUM
1360 2270 1471 2296 MILES
1499 2261 1518 2304 ]
1562 2257 1629 2293 Ms·
1659 2257 1732 2306 Ag·
1757 2257 1856 2303 super
1894 2265 1961 2302 quae

587 2306 699 2338 cunHa
724 2307 860 2340 terrebat
882 2309 943 2353 ipse
974 2310 1073 2343 miles.

634 2352 812 2390 INGRATA
825 2383 836 2398 ‚
863 2369 950 2398 QUAE
977 2369 1085 2393 TUTA
1103 2362 1119 2403 ]
1147 2359 1244 2394 Bene
1257 2357 1333 2393 Mff.
1349 2357 1450 2393 Harl.
1470 2357 1576 2392 Bodl.
1594 2355 1661 2393 Jes.
1682 2353 1896 2390 Puteolanus
1922 2354 1956 2387 &

583 2399 826 2442 Recentioses.
842 2405 939 2442 Male
953 2406 1021 2443 Ms.
1038 2407 1151 2445 Corb.
1168 2410 1201 2444 ὃς
1216 2406 1329 2445 editio
1344 2406 1511 2456 princeps
1521 2432 1532 2451 ,
1548 2409 1678 2454 ingrata
1695 2416 1834 2452 tutaque.
