2209 3047
377 195 460 239 AD
490 196 715 239 LIBRUM
740 197 792 238 V.
814 193 958 238 HIST.
980 195 1028 236 C.
1058 194 1238 237 CORN.
1268 193 1477 237 TACITI.
1554 210 1637 252 575

251 273 393 324 pondet
411 287 424 317 3
452 278 486 311 ὃς
512 274 661 324 legitur,
684 273 770 310 dum
794 272 898 308 durat
918 271 1024 309 leffio
1048 272 1217 315 Genesis,
1238 272 1275 308 id
1301 272 1349 310 est
1363 286 1428 323 per
1446 273 1641 311 duodecim

252 325 400 360 sabbata
414 338 422 361 ε
438 325 594 361 secunda
608 336 687 373 pars
707 322 900 372 respondet
914 321 1046 359 Exodo
1065 349 1074 365 ‚
1106 322 1164 359 seu
1200 335 1303 363 ninus
1323 352 1332 368 ,
1361 324 1461 374 quod
1479 337 1643 373 pronun-

252 374 345 410 tiant
359 375 572 422 Schemethfiz3
594 378 627 410 δε
650 374 781 424 legitur
797 385 858 421 pet
869 372 1040 409 undecim
1056 371 1201 408 sabbata
1216 374 1339 410 :tertia
1350 387 1431 423 pars
1448 375 1644 424 respondet

253 423 446 468 Levitico,
475 425 534 461 seu
555 434 657 468 κῆρη
686 451 696 467 ,
724 423 825 473 quod
853 422 1092 472 pronuntiant
1115 422 1262 459 Ua‘cekelo
1284 438 1292 460 ε
1315 436 1439 474 quarta
1464 437 1544 474 pars
1570 426 1643 463 res-

254 474 397 523 pondet
424 474 520 510 libro
551 473 795 510 Numerorum
814 501 823 516 ,
861 473 920 509 seu
950 483 1091 515 5:50³,
1109 471 1210 521 quod
1241 476 1479 520 pronuntiant
1506 477 1643 511 Piemit-

256 526 372 570 qepaiil
398 538 407 560 :
435 524 560 575 quinta
594 536 674 572 pars
701 521 896 572 respondet
927 521 1221 560 Deuteronomio
1242 550 1252 565 ,
1283 523 1341 559 seu
1364 529 1497 567 'nim-1,
1541 526 1643 575 quod

257 574 497 622 pronuntiant
525 575 691 610 Teveliim.
721 572 879 622 Singulae
902 583 971 609 tres
998 571 1069 608 illae
1099 582 1216 622 partes
1237 585 1300 622 per
1313 574 1404 610 dena
1421 575 1568 612 sabbata
1589 576 1643 615 le-

255 634 389 674 guntur
411 635 507 664 aym
532 634 651 660 autem
664 622 794 673 legitur
812 622 970 671 vespere.

307 674 352 710 In
372 672 558 710 duodenas
573 683 689 722 partes
704 683 817 711 mem)
837 675 871 709 &
888 682 1006 711 ‘immin
1023 671 1291 709 distribuuntur.
1316 673 1482 712 Secundo
1499 677 1557 714 die
1569 689 1642 715 ma-

255 735 413 773 gnorum
427 723 596 760 mensium
609 754 617 766 ‚
638 723 757 772 primo
774 721 832 759 die
849 734 1045 771 parvorum
1063 721 1233 759 mensium
1253 733 1364 761 nemu
1389 723 1529 775 legitur.
1555 727 1642 764 Sex-

254 772 445 809 todecimo
483 783 601 810 autem
630 773 688 810 die
722 785 936 820 magnorum
954 771 1434 822 menfium‚quintodecimo
1449 788 1644 823 parvorum

255 822 427 859 menlium
458 823 590 872 legitur
617 834 749 862 ’stoma
782 822 1074 859 JudaeiSinenses
1097 834 1247 872 magnos
1269 824 1425 867 menses,
1451 828 1644 875 magnasve

255 871 380 916 lunas,
397 873 583 922 appellant
606 873 742 910 menses
756 900 765 916 ‚
783 873 846 923 qui
873 871 1037 909 constant
1058 872 1206 921 triginta
1224 872 1360 909 diebus.
1385 875 1519 911 Parvos
1543 888 1646 912 men-

254 922 308 958 ses
322 950 332 966 ,
353 923 528 972 parvasve
552 923 654 959 lunas
669 951 680 966 ,
710 933 849 959 vocant
871 922 1006 959 menses
1023 950 1032 966 ‚
1051 923 1113 972 qui
1135 922 1274 960 tantum
1298 935 1433 960 novem
1458 927 1492 961 &
1514 924 1646 975 viginti

254 971 332 1009 dies
353 972 500 1009 habent.
516 972 559 1008 In
580 973 700 1022 parvis
715 972 890 1009 menfibus
916 972 1109 1010 observant
1132 985 1146 1009 1
1177 976 1210 1010 ὃς
1236 983 1279 1021 15
1305 972 1411 1011 diem.
1441 975 1486 1012 In
1507 977 1646 1026 magnis

255 1022 433 1059 menfibus
450 1023 646 1059 observant
658 1023 754 1060 diem
777 1035 799 1058 2
815 1026 848 1060 &
871 1025 929 1060 16.
948 1024 956 1039 ¹

311 1071 410 1108 Cum
431 1084 549 1110 autem
565 1073 623 1110 lex
639 1074 677 1109 in
692 1073 887 1123 Synagoga
905 1073 1035 1122 legitur
1055 1099 1064 1117 ,
1091 1073 1264 1110 volumen
1279 1074 1349 1109 Ta·
1362 1075 1448 1123 King
1468 1075 1506 1110 in
1526 1076 1645 1114 cathe-

254 1121 319 1158 dra
344 1122 453 1159 Molis
480 1123 670 1172 reponitur
686 1144 696 1166 3
714 1136 833 1173 eoque
856 1123 1008 1160 evoluto
1023 1151 1032 1166 ,
1060 1123 1149 1172 legit
1167 1123 1330 1167 Judaeus,
1363 1124 1461 1172 pileo
1481 1127 1646 1164 coeruleo

254 1174 386 1216 tefius,
401 1173 572 1222 &xylino
593 1173 678 1210 velo
702 1173 806 1222 super
827 1185 936 1222 caput
953 1173 1124 1221 expanso.
1154 1173 1306 1223 Legenti
1323 1173 1434 1210 adstat
1452 1176 1615 1213 monitor
1632 1203 1646 1221 ,

255 1222 320 1271 qui
331 1233 507 1260 errantem
528 1223 698 1261 lthorem
714 1224 885 1273 corrigat.
904 1223 1085 1260 Monitori
1105 1223 1262 1260 adhaeret
1287 1223 1374 1260 alter
1392 1225 1566 1270 monitor,
1583 1227 1647 1276 qui

254 1271 373 1321 ipsum
393 1273 560 1310 observet
588 1277 622 1310 ὃς
645 1274 822 1310 emendet.
849 1274 963 1309 Anno
991 1285 1089 1320 1722
1104 1300 1115 1317 ‚
1147 1273 1205 1310 die
1227 1273 1432 1323 3·O&obris
1448 1301 1457 1317 ‚
1482 1275 1647 1326 Synago-

253 1334 338 1372 gam
356 1322 563 1359 Judaeorum
587 1323 790 1360 adiitPater
802 1323 1009 1372 Domenge.
1033 1323 1141 1359 Diem
1161 1323 1264 1359 illum
1281 1324 1516 1361 numerabant
1531 1326 1648 1363 Judaei

253 1373 400 1408 tertium
423 1376 456 1409 &
476 1372 687 1422 vigesimum
712 1373 872 1421 septimae
895 1372 1018 1409 Lunae.
1043 1373 1239 1408 Sabbatum
1263 1384 1338 1409 erat
1365 1374 1401 1408 in
1427 1376 1553 1412 οᾶἃνὲι
1571 1376 1648 1413 festi

253 1421 604 1459 Tabernaculorum.
638 1421 778 1459 Festum
802 1422 922 1470 ipsum
949 1433 1111 1470 coeperat
1135 1420 1199 1459 die'
1222 1422 1472 1461 sextodecimo
1490 1426 1648 1473 ejusdem

253 1470 378 1508 Lunoe.
401 1471 519 1508 Judaei
536 1482 618 1509 ante
643 1485 726 1508 eum
748 1471 968 1508 evolverunt
984 1482 1087 1508 vetus
1100 1473 1250 1519 Ta-King
1274 1485 1294 1508 e
1321 1475 1443 1510 Bethael.
1472 1475 1648 1522 Quaefivit

254 1533 336 1570 quac
362 1521 445 1558 effer
471 1521 576 1569 hujus
603 1521 677 1558 diei
704 1521 824 1558 leffio.
853 1521 1097 1558 Ostenderunt
1122 1521 1156 1558 ei
1172 1522 1500 1573 quinquagesimam
1522 1525 1648 1562 secun-

254 1570 339 1607 dam
353 1570 546 1608 seffionem
560 1598 569 1615 ‚
590 1573 689 1618 cujus
703 1571 849 1607 initium
863 1571 911 1608 est
925 1571 1000 1617 Ἶῆη
1018 1585 1026 1607 :
1044 1584 1124 1620 pars
1134 1573 1208 1620 ejus
1231 1572 1278 1609 est
1291 1573 1484 1610 Canticum
1500 1575 1646 1624 Moysis.

252 1620 346 1658 Inde
368 1633 448 1671 quae
470 1621 578 1658 nobis
600 1620 649 1658 est
665 1621 958 1671 quinquagesima
981 1632 1106 1670 quarta
1134 1622 1262 1666 festio,
1291 1622 1421 1660 Judaeis
1444 1624 1648 1663 Sinensibus

253 1670 304 1709 est
318 1670 460 1708 tantum
488 1671 779 1722 quinquagesima
791 1672 907 1708 tertia.
929 1670 1124 1708 Canticum
1136 1672 1272 1723 Moysis
1287 1673 1422 1710 duabus
1439 1675 1619 1712 columnis
1635 1704 1648 1721 ‚

253 1732 296 1758 ut
317 1721 355 1758 in
370 1721 499 1758 nostris
514 1721 663 1764 Bibliis‚
696 1722 869 1773 scriptum
884 1749 894 1767 ‚
922 1721 1012 1771 legit
1030 1723 1067 1760 P.
1085 1723 1287 1770 Domenge.
1318 1723 1361 1760 ln
1382 1725 1455 1761 hoc
1474 1726 1618 1763 cantico
1634 1753 1648 1771 ,

255 1772 417 1820 Ta-King
431 1773 578 1810 Sinense
593 1772 702 1810 habet
715 1773 810 1812 bznn
824 1774 837 1790 ²
856 1801 866 1817 ‚
906 1772 969 1808 ubi
994 1773 1032 1809 in
1054 1772 1181 1809 nostris
1203 1773 1348 1817 Bibliis,
1379 1774 1648 1815 Deuteronom.

253 1822 421 1865 XXXII,
457 1834 532 1870 25,
563 1823 696 1873 legitur
723 1822 837 1864 baum.
859 1822 1006 1860 Postero
1039 1823 1118 1868 die,
1134 1824 1308 1872 vigefimo
1333 1836 1463 1875 quarto
1490 1826 1648 1875 septima:

254 1870 389 1917 Lunae,
420 1873 528 1909 nobis
563 1887 590 1922 4
617 1873 787 1910 Oecobris
807 1901 817 1918 ,
850 1873 964 1911 Judaei
985 1873 1148 1910 Sinenses
1174 1874 1298 1912 festum
1321 1887 1430 1918 min,
1447 1878 1462 1921 (
1481 1889 1648 1925 pronun-

254 1922 348 1959 tiant
379 1925 545 1959 leaulaha
569 1951 579 1968 ,
620 1935 682 1960 aut
700 1925 896 1972 leaulatse)
919 1923 957 1959 id
983 1923 1033 1961 est
1059 1923 1184 1960 festum
1206 1925 1318 1974 legis,
1343 1925 1569 1963 celebravere
1583 1955 1592 1970 ‚
1613 1930 1647 1963 δε

256 1972 413 2010 solemni
427 1973 696 2023 supplicatione
716 1977 778 2019 (en
788 1975 982 2022 proceffion)
998 1974 1171 2012 tredecim
1181 1975 1346 2023 Ta-Kings
1358 2003 1368 2019 ‚
1385 1976 1646 2013 circumtulere.

310 2023 421 2061 Nunc
445 2023 675 2073 exponendae
715 2023 797 2061 sunt
834 2024 997 2062 Sinenses
1029 2024 1290 2073 Inscriptiones
1312 2053 1321 2069 ,
1362 2038 1447 2074 quas
1471 2039 1648 2062 memora-

258 2072 375 2110 vimus
402 2074 506 2124 supra
532 2087 613 2125 pag.
646 2075 733 2124 569.
772 2076 903 2112 Earum
927 2075 1097 2111 summam
1124 2075 1174 2111 ita
1199 2075 1356 2126 explicat
1373 2075 1477 2112 Pater
1500 2076 1647 2112 Gaubil.

257 2124 376 2160 Prima
394 2123 588 2174 Inscriptio
619 2137 639 2160 a
669 2124 815 2161 literato
842 2125 970 2163 Judaeo
985 2153 994 2170 ‚
1023 2124 1173 2163 nomine
1190 2127 1445 2176 King-tchong,
1459 2126 1573 2176 posita
1598 2125 1648 2163 est

257 2185 356 2211 anno
386 2173 416 2211 J.
444 2174 484 2210 C.
507 2186 619 2222 1444.
641 2185 749 2225 atque
772 2176 822 2211 ita
842 2176 962 2212 habet.

313 2226 439 2261 Αιιῦἶον
465 2226 543 2273 legis
561 2255 568 2267 ,
599 2226 705 2272 Y—fiz-
721 2227 842 2275 lo-ye,
875 2225 1037 2270 Israelis,
1061 2226 1103 2274 est
1127 2227 1405 2269 Ha-vou-lo-han,
1434 2226 1613 2262 Abraham
1638 2256 1647 2268 ‚

259 2275 300 2310 ab
312 2276 433 2311 Ha-tan
446 2303 454 2316 ‚
466 2274 596 2319 Adam,
612 2275 847 2322 nonusdecimus
860 2276 886 2313 ³.
900 2277 1033 2314 Sanflus
1048 2278 1104 2313 ille
1121 2278 1209 2312 lzomo
1228 2278 1360 2313 vivebat
1377 2289 1497 2312 centurn
1512 2276 1648 2326 quadra-

296 2366 303 2377 ·
325 2360 447 2385 Notabilis
464 2361 502 2385 liic
515 2361 655 2387 Judaeorum
673 2362 808 2387 Sincnsxum
821 2364 894 2392 usus3
912 2366 936 2388 ἃ
1013 2368 1022 2380 ²
1042 2362 1175 2386 Placetlioc
1186 2363 1292 2387 vmbum.
1303 2362 1372 2387 Ceuc-
1383 2362 1482 2386 vividius
1490 2362 1530 2388 cll,
1540 2370 1565 2386 ac
1577 2362 1648 2394 signi-

262 2401 312 2426 quo
323 2393 384 2419 forte
399 2394 483 2419 melius
493 2413 499 2423 ,
519 2396 592 2428 quam
607 2397 688 2421 multis
705 2397 855 2421 eruditorum
872 2399 936 2422 viro-
979 2396 1102 2424 ficantius,
1115 2399 1137 2421 δε
1146 2397 1174 2421 ad
1183 2405 1209 2420 ca
1220 2404 1272 2429 qua:
1282 2398 1411 2429 sequuntur
1424 2398 1497 2428 magis
1510 2404 1649 2422 accommo-

260 2436 315 2451 ΝΜ
325 2430 483 2460 opinionibus
502 2448 508 2457 .
530 2429 680 2459 difficultates
692 2430 720 2456 de
731 2432 881 2464 past-limbus
890 2432 934 2458 Ju-
978 2430 1068 2454 datum,

261 2461 334 2489 daicis
345 2470 417 2490 metae
426 2464 486 2491 solvi
497 2464 601 2497 potsunt.
1015 2471 1022 2490 ³
1044 2462 1120 2489 Judoei
1131 2464 1252 2493 Sinenscs,
1266 2465 1308 2489 liat
1321 2463 1348 2487 dc
1359 2464 1648 2497 reinterrogati‚seu11=ek
