2230 3047
200 506 227 548 5

175 825 228 854 10

166 1142 191 1177 .‚
204 1143 226 1184 5

171 1463 228 1491 20

172 1775 226 1814 25

170 2092 232 2135 '30

373 157 903 204 HISTORIARUM
936 155 1155 197 LIBER
1205 156 1484 199 PRIMUS.
1582 174 1642 211 47

254 242 401 286 bantur
423 260 445 280 «
464 243 581 300 ipsius
599 241 796 283 exercitus
815 236 994 296 pericula
1015 241 1055 278 ὃ(
1072 237 1338 280 contumelias
1353 256 1374 276 »
1399 253 1646 294 conqueren-

255 322 314 349 tes
332 338 345 358 ,
372 306 648 349 accendebant
664 306 830 346 animos.
850 304 942 344 Nec
964 298 1108 358 procul
1129 300 1326 342 seditione
1343 302 1506 344 aberant
1519 334 1531 353 ‚
1552 306 1644 344 cum

256 371 520 412 Hordeonius
545 368 717 411 Flaccus
739 384 760 404 «
777 367 883 408 abire
902 364 1056 420 legatos
1073 382 1117 414 »,
1137 379 1259 418 utque
1277 364 1480 406 occultior
1500 368 1646 422 digres-

255 434 320 475 sus
342 433 437 474 esset:
448 462 462 484 ,
490 450 512 470 «
536 433 652 474 noete
675 432 805 473 castris
825 428 1020 470 excedere
1042 446 1063 465 »
1087 425 1210 479 jubet.
1230 427 1329 468 Inde
1349 442 1464 469 atrox
1483 446 1619 473 rumor
1630 462 1645 484 ,

257 495 557 538 adfirmantibus
571 495 768 552 plerisque
783 523 796 544 ,
819 510 840 529 «
856 492 1083 534 interfectos
1100 521 1112 542 ,
1133 507 1181 532 ac
1194 491 1263 531 nifi
1277 491 1346 547 ipsl
1362 492 1617 536 consulerent
1629 526 1645 548 ‚

256 560 376 602 »fore
389 589 403 611 ,
428 572 474 600 ut
490 559 674 600 acerrimi
688 555 864 598 militum
877 586 890 607 ,
915 560 956 597 ὅ(
976 555 1181 612 praesentia
1197 556 1428 609 conquesti,
1451 571 1520 611 per
1536 573 1645 601 tene-

255 623 376 665 »bras
388 652 402 674 ,
423 623 678 664 &inscitiam
695 634 921 663 ceterorum
936 649 949 670 ‚
972 618 1254 660 occiderentur
1273 635 1294 655 >›
1306 650 1315 659 .
1333 618 1646 675 Obstringuntur

256 688 362 728 inter
381 686 421 728 se
442 687 568 728 tacito
590 685 744 726 foedere
766 682 960 739 legiones.
977 682 1226 724 Adsciscitur
1246 681 1489 724 auxiliorum
1507 685 1618 726 miles
1634 717 1646 736 ‚

257 751 388 806 primo
413 750 611 806 suspecslus
627 778 640 799 ‚
662 762 891 803 tamquam,
920 746 1176 788 circumdatis
1203 745 1439 787 cohortibus
1463 745 1611 801 alisque
1632 779 1646 799 ‚

258 814 430 870 impetus
454 814 497 853 in
527 812 708 868 legiones
743 824 972 868 pararetur,
1003 824 1101 850 mox
1131 809 1270 850 eadem
1297 811 1424 851 acrius
1449 809 1645 858 volvens;

257 875 440 918 faciliore
463 878 568 918 inter
589 874 718 918 malos
751 874 947 917 consensu
981 873 1030 914 ad
1054 872 1234 925 bellum,
1261 872 1380 929 quam
1405 875 1445 915 in
1469 889 1569 931 pace
1597 876 1646 916 ad

259 940 534 982 concordiam.

319 1004 417 1046 LV.
451 1004 739 1045 INFER10R18
776 1015 911 1043 tamen
947 1001 1171 1042 Germaniae
1204 999 1386 1056 legiones
1406 1030 1419 1052 ‚
1459 999 1648 1042 sollemni

259 1065 528 1108 Calendarum
544 1067 820 1111 Januariarum
837 1066 1084 1107 sacramento
1101 1079 1172 1120 pro
1183 1063 1313 1105 Galba
1336 1065 1475 1105 adac'tae
1484 1095 1498 1115 ,
1519 1064 1646 1106 multi}

258 1131 512 1171 cunctatione
525 1160 538 1180 ,
559 1135 599 1171 &
615 1131 710 1171 raris
729 1131 949 1186 primorum
966 1128 1152 1169 ordinum
1171 1128 1361 1169 vocibus:
1386 1129 1510 1169 ceteri
1528 1127 1646 1169 silen-

257 1193 318 1234 tio
334 1223 346 1245 ,
374 1195 549 1251 proximi
567 1192 760 1247 cujusque
784 1193 990 1234 audaciam
1010 1191 1308 1247 exspe&antes;
1336 1189 1447 1232 insita
1468 1191 1646 1233 mortali-

257 1254 330 1298 bus
347 1254 505 1308 natura,
521 1258 690 1314 propere
707 1256 837 1311 sequi,
855 1271 937 1311 quae
953 1256 1064 1311 piget
1080 1255 1285 1296 inchoare.
1314 1255 1394 1295 Sed
1416 1256 1505 1311 ipsis
1520 1255 1646 1311 legio-

258 1319 374 1362 nibus
400 1322 529 1362 inerat
550 1320 750 1362 diversitas
774 1321 1013 1360 animorum.
1047 1319 1245 1369 Primani,
1277 1319 1538 1373 quintanique
1560 1332 1647 1359 tur-

257 1381 342 1424 bidi
367 1384 468 1426 adeo
485 1413 498 1435 ,
521 1397 566 1425 ut
586 1384 746 1439 quidam
767 1383 858 1425 saxa
879 1383 920 1423 in
943 1380 1081 1423 Galba:
1099 1383 1294 1436 imagines
1317 1380 1508 1432 jecerint:
1536 1383 1648 1436 quin«

257 1446 459 1489 tadecima
481 1463 529 1489 ac
550 1448 818 1489 sextadecima
840 1445 1021 1501 legiones
1036 1475 1048 1495 ‚
1086 1444 1214 1495 nihil,
1239 1444 1343 1485 ultra
1372 1445 1576 1486 fremitum
1605 1449 1647 1486 ὅζ

256 1512 385 1552 minas
399 1540 412 1562 ,
441 1511 540 1553 ausae
553 1540 567 1562 ,
591 1512 751 1552 initium
771 1510 1005 1566 erumpendi
1025 1508 1421 1565 circumspefflabant.
1444 1510 1500 1550 At
1523 1510 1564 1548 in
1590 1509 1649 1549 su-

259 1574 407 1630 periori
427 1575 608 1616 exercitu
633 1581 642 1597 ¹
661 1604 674 1625 ,
699 1588 836 1629 quarta
859 1589 906 1614 ac
930 1572 1243 1614 duoetvicefima
1268 1571 1475 1627 legiones,
1505 1572 1647 1612 iisdem

259 1636 435 1680 hibernis
450 1643 464 1659 ²
479 1638 690 1679 tendentes
707 1668 719 1688 ,
740 1638 827 1694 ipso
844 1636 1114 1678 Calendarum
1130 1636 1152 1680 J
1156 1637 1406 1676 anuariarum
1419 1636 1483 1677 die
1495 1635 1648 1676 dirum-

259 1714 362 1757 punt
382 1702 576 1757 imagines
598 1701 757 1743 Galbae:
783 1714 921 1756 quarta
939 1699 1050 1755 legio
1068 1700 1313 1755 promptius,
1335 1699 1648 1741 duoetvicefima

263 1765 495 1806 cunCtanter
509 1795 523 1816 ‚
549 1780 646 1807 mox
663 1765 858 1806 consensu
872 1793 885 1814 ,
910 1779 957 1805 ac
974 1777 1024 1803 ne
1043 1764 1308 1804 reverentiam
1328 1764 1486 1820 imperii
1501 1777 1650 1804 exuere

260 1827 492 1870 viderentur
504 1858 517 1880 ,
530 1827 699 1878 fenat2'2s
713 1829 926 1882 populique
941 1827 1120 1866 Romani
1133 1825 1344 1868 obliterata
1362 1825 1441 1879 jam
1456 1828 1621 1868 nomina
1635 1855 1649 1878 ,

257 1891 510 1933 sacramento
540 1891 815 1934 advocabant:
849 1890 963 1932 nullo
995 1889 1220 1945 legatorum
1246 1890 1550 1931 tribunorumve
1576 1906 1649 1946 pro

257 1953 393 2012 Galba
413 1956 593 2004 nitente3
615 1955 849 2010 quibusdam
862 1984 876 2006 ‚
897 1968 941 1995 ut
964 1954 1005 1993 in
1022 1953 1223 2004 tumultu,
1252 1952 1466 1994 notabilius
1482 1953 1648 1994 turban-

258 2017 378 2060 tibus.
397 2021 442 2060 N
445 2034 497 2060 on
515 2033 649 2060 tamen
669 2019 876 2074 quisquam
894 2020 935 2058 in
956 2017 1123 2058 modum
1144 2018 1378 2068 concionis,
1402 2030 1470 2057 aut
1490 2017 1650 2073 sugges-

260 2094 305 2124 tu
326 2086 337 2111 ³
363 2079 546 2124 locutus:
574 2098 703 2138 neque
721 2084 829 2124 enim
844 2095 927 2124 erat
949 2081 1081 2122 adhuc
1097 2111 1110 2132 ‚
1139 2082 1204 2122 cui
1218 2082 1480 2137 imputaretur
1494 2085 1524 2121 ⁴.

305 2197 312 2211 ¹
336 2192 534 2228 Exnnmw]
558 2193 593 2221 In
614 2190 779 2229 superioris
803 2191 934 2220 Germa-
1018 2196 1026 2216 3
1052 2191 1122 2220 Αυτ
1141 2200 1297 2221 succi-asro
1310 2193 1323 2229 ]
1337 2190 1552 2221 Exstrucbatur
1563 2189 1646 2219 enim

261 2231 322 2262 niae
345 2231 494 2262 exercitu.
514 2232 560 2261 De
585 2233 627 2262 IV
647 2232 681 2262 &
702 2231 789 2260 XXII
810 2229 935 2260 ceteril'-
976 2230 1129 2267 tribunal,
1147 2241 1183 2260 cx
1195 2240 1257 2267 quo
1276 2231 1339 2261 dux
1358 2232 1526 2269 auctorque
1544 2230 1647 2259 rebel-

261 2281 323 2340 ?ue
343 2270 541 2311 legionibus,
560 2280 627 2310 quae
649 2271 683 2300 in
699 2270 745 2300 his
764 2269 856 2300 bellis
875 2268 937 2307 pas·
977 2269 1072 2300 lionis
1097 2269 1258 2300 seditiosos
1275 2271 1519 2309 adloquebatur‚
1544 2277 1577 2299 ut
1599 2268 1647 2298 vi—

275 2321 317 2340 rm
331 2318 562 2347 memorantur,
575 2309 648 2340 vide
662 2311 761 2340 Notas
774 2310 808 2340 &
824 2309 937 2338 Emen-
978 2310 1077 2339 dimus
1094 2309 1178 2348 supra
1201 2310 1310 2339 Annal.
1327 2311 1339 2339 Ι
1353 2334 1362 2346 ,
1388 2312 1434 2339 18.

263 2350 465 2380 danonesad
485 2350 676 2386 Hist.11‚6.
1015 2353 1029 2372 4
1054 2350 1365 2380 Curxmrurauarua
1385 2351 1398 2386 ]
1430 2349 1538 2385 Neque
1562 2347 1647 2377 enhu

305 2393 316 2406 ²
340 2391 483 2420 lisnEM
513 2390 688 2428 HJBERMS]
719 2387 937 2427 Mogontiaci,
978 2396 1041 2418 crat
1059 2388 1090 2418 in
1111 2399 1149 2419 eo
1173 2389 1330 2427 tumultu,
1347 2388 1400 2428 qui
1423 2388 1531 2418 ducem
1550 2388 1578 2417 le
1601 2386 1647 2416 ol*-

264 2426 413 2469 quyence.
978 2436 1123 2459 rentarcn

1668 293 1699 317 A.
1711 294 1740 318 L‘.
1752 294 1782 317 C.

1690 347 1761 376 822.

1696 398 1718 420 J.
1730 398 1761 420 C.

1699 447 1751 479 69.
