2209 3047
485 290 597 307 ΞΕ

483 321 512 345 Α.
526 321 553 342 U.
566 319 594 342 C.

503 367 576 401 823.

505 417 529 440 J.
547 416 578 440 C.

513 471 566 499 70.

618 191 709 238 316
886 184 935 225 o.
995 181 1407 226 CORNELII
1464 180 1753 226 TAchr

616 265 804 306 »ultione
827 265 982 320 magis,
1010 263 1126 320 quam
1152 264 1298 322 proelio
1333 277 1433 320 opus
1464 263 1553 305 esse.
1587 265 1801 306 Pauciores
1828 281 1952 323 nuper
1985 278 2003 310 ἱ

617 344 743 372 »curn
769 328 947 385 pluribus
973 329 1159 370 certasse:
1190 344 1236 370 ac
1258 341 1392 368 tamen
1411 326 1519 368 fusos
1540 328 1791 378 Germanos,
1817 330 1924 382 quod
1943 346 2002 372 ro-

617 392 756 435 »boris
777 392 910 433 fuerit.
933 392 1138 448 Supereffe
1152 421 1165 443 ,
1193 392 1260 445 qui
1286 390 1425 446 fugam
1449 392 1590 432 animis
1606 421 1619 441 ,
1648 393 1716 446 qui
1739 390 1906 432 vulnera
1926 405 2004 434 ter-

618 475 641 495 >)
651 472 705 512 go
721 486 734 507 ,
758 455 887 497 ferant
905 473 948 496 ».
969 457 1155 512 Proprios
1175 454 1268 495 inde
1289 452 1466 495 stimulos
1485 453 1713 510 legionibus
1737 454 1978 496 admovebat
1991 485 2006 506 ,

627 538 649 558 (ε
671 519 889 561 domitores
910 520 1123 560 Britanniae
1145 523 1159 539 ²
1181 518 1553 572 quartadecimanos
1573 534 1594 555 »
1617 516 1836 574 appellans.
1859 535 1881 555 ‹<
1900 520 2008 560 Prin-

621 584 787 640 »cipem
813 582 1011 634 Galbam,
1042 583 1157 623 sextae
1181 580 1354 637 legionis
1381 582 1613 623 auctoritate
1637 581 1806 623 facium:
1834 579 1904 622 illa
1928 582 2007 637 pri-

620 648 761 687 »mum
786 647 872 689 acie
894 645 1142 687 secundanos
1164 660 1270 686 nova
1296 645 1404 701 signa
1417 675 1430 696 ,
1455 660 1682 700 novamque
1706 643 1879 699 aquilam
1905 644 2010 686 dica-

621 723 763 752 »turos
796 715 806 738 ³
833 727 876 749 ».
905 711 1018 751 Hinc
1040 710 1254 765 praeve&us
1276 709 1326 749 ad
1349 710 1639 751 Germanicum
1660 709 1882 750 exercitum
1896 737 1910 759 ,
1931 722 2009 749 ma-

622 788 695 815 nus
720 771 935 824 tendebat,
964 789 985 810 (t
1006 785 1051 813 ut
1069 772 1180 813 suam
1206 773 1360 828 ripam,
1385 772 1453 813 sua
1477 773 1597 813 castra
1621 771 1814 826 sanguine
1836 772 2008 812 hostium

620 838 922 892 »reciperarent
944 853 987 876 ι).
1013 834 1200 877 Alacrior
1228 837 1411 876 omnium
1433 835 1587 877 clamor
1600 863 1613 885 ,
1638 835 1723 889 quis
1750 833 1818 876 vel
1841 848 1862 874 e
1886 832 2008 890 long&

621 914 721 956 pace
746 897 880 954 proelii
909 899 1087 955 cupido,
1118 898 1185 940 vel
1209 898 1309 939 fessis
1333 897 1444 940 bello
1469 900 1577 957 pacis
1605 913 1743 950 amor,
1772 898 2010 954 praemiaque

622 966 665 1004 ὅ(
692 963 800 1016 quies
826 963 867 1002 in
896 963 1095 1018 posterum
1119 960 1388 1018 sperabantur.

685 1024 839 1067 XVII.
873 1027 982 1066 NEC
1006 1023 1150 1065 Civilis
1179 1024 1359 1065 filentem
1378 1030 1396 1053 4
1417 1024 1556 1065 struxit
1575 1024 1703 1065 aciem
1717 1052 1731 1074 ‚
1752 1022 1891 1065 locum
1910 1032 2011 1081 pug⁴

622 1103 679 1128 nae
700 1088 837 1128 testem
859 1088 1017 1129 virtutis
1039 1088 1171 1129 ciens:
1197 1104 1218 1124 «
1238 1089 1352 1128 Stare
1375 1088 1600 1128 Germanos
1622 1087 1873 1140 Batavosque
1894 1088 2009 1143 super

621 1151 816 1205 »vestigia
851 1149 1014 1206 gloriae,
1046 1152 1199 1192 cineres
1233 1150 1391 1205 ossaque
1417 1149 1627 1205 legionum
1653 1148 1879 1191 calcantes:
1911 1165 2010 1203 quo-

620 1228 827 1268 »cumque
849 1213 992 1256 oculos
1015 1215 1225 1256 Romanus
1248 1214 1495 1264 intenderet,
1520 1215 1818 1270 captivitatem,
1839 1211 2012 1254 cladem-

619 1293 642 1315 »
654 1292 728 1332 que
752 1281 793 1318 &
819 1277 902 1318 dira
927 1279 1062 1319 omnia
1087 1277 1299 1319 obversari.
1319 1279 1387 1319 Ne
1409 1290 1649 1318 terrerentur
1673 1277 1785 1318 vario
1803 1276 2013 1317 Treverici

621 1340 790 1397 »proelii
807 1354 970 1382 eventu:
993 1342 1102 1382 suam
1122 1339 1208 1382 illic
1229 1342 1437 1382 vi&oriam
1452 1340 1666 1381 Germanis
1687 1338 1895 1389 obstitisse,
1916 1338 2013 1379 dum

619 1404 799 1445 »omissiS
821 1403 936 1455 telis,
958 1402 1084 1461 praeda
1106 1419 1245 1445 manus
1268 1404 1510 1459 impediunt:
1533 1403 1601 1444 sed
1626 1404 1768 1443 cunEta
1787 1416 1884 1443 mox
1906 1401 2012 1457 profi

621 1482 749 1524 »pera
763 1497 778 1518 ,
807 1471 847 1508 ὅ(
871 1469 974 1510 hosti
1000 1469 1198 1509 contraria
1223 1467 1408 1509 evenisse.
1436 1468 1537 1521 Quae
1562 1466 1764 1523 provideri
1789 1466 1870 1506 astu
1896 1464 2010 1506 ducis

621 1533 880 1586 »oportuerit
894 1560 907 1582 ‚
933 1531 1114 1588 provisa:
1146 1545 1310 1587 campos
1332 1530 1564 1580 madentes,
1590 1532 1632 1570 &
1653 1529 1741 1584 ipsis
1761 1541 1906 1583 gnaros
1913 1557 1927 1578 ,
1948 1542 2010 1584 pa-

622 1592 769 1635 »ludes
791 1594 967 1636 hostibus
986 1595 1148 1636 noxias:
1170 1595 1364 1636 Rhenum
1386 1597 1427 1634 ὃς
1451 1593 1676 1634 Germaniae
1699 1591 1795 1632 deos
1818 1593 1859 1631 in
1881 1590 2014 1647 aspec-

622 1669 699 1697 »ω
716 1686 729 1708 ,
767 1672 937 1711 quorum
965 1659 1131 1698 numine
1158 1657 1402 1714 capesserent
1429 1670 1633 1713 pugnam,
1668 1652 1918 1709 conjugum,
1944 1668 2013 1710 pa-

623 1734 815 1760 »rentum
829 1751 842 1771 ,
864 1723 997 1778 patriae
1017 1736 1236 1762 memores:
1258 1719 1375 1761 illum
1397 1719 1504 1761 diem
1526 1732 1595 1761 aut
1613 1716 1930 1774 gloriosissimum
1953 1718 2014 1756 in-

624 1795 717 1824 »ter
740 1782 909 1836 majores
925 1815 939 1836 ,
966 1798 1032 1826 aut
1063 1776 1381 1840 ignominiosum
1411 1783 1516 1840 apud
1544 1783 1721 1839 posteros
1747 1781 1836 1822 fore
1862 1798 1905 1820 ».
1933 1778 2013 1820 Ubi

625 1846 726 1887 sono
756 1863 956 1889 armorum
982 1847 1244 1904 tripudiisque
1269 1851 1281 1898 (
1309 1849 1364 1888 ita
1389 1846 1470 1888 illis
1492 1861 1579 1887 mos
1608 1849 1621 1877 5
1642 1848 1653 1895 )
1684 1843 1901 1900 approbata
1923 1842 2014 1883 sunt

626 1909 755 1961 dieta,
786 1911 885 1952 saxis
901 1940 914 1962 ,
949 1910 1240 1967 glandibusque
1266 1909 1314 1962 ⁶,
1351 1914 1391 1951 &
1420 1910 1561 1951 ceteris
1587 1906 1791 1948 miffilibus
1822 1904 2013 1963 proelium

624 1971 843 2028 incipitur3
870 1989 1000 2028 neque
1024 1976 1157 2016 nostro
1182 1972 1311 2014 milite
1336 1972 1522 2029 paludem
1544 1970 1822 2027 ingrediente,
1851 1973 1893 2010 &
1913 1969 2011 2010 Ger—

625 2037 752 2077 manis
766 2065 780 2087 ,
806 2049 851 2077 ut
878 2037 1072 2079 elicerent
1086 2067 1099 2089 ,
1125 2035 1404 2079 lacessentibus
1425 2041 1455 2075 ⁷.

669 2137 678 2152 ¹
702 2134 882 2165 PAucioR-fis
904 2145 1004 2167 norm
1025 2138 1040 2174 ]
1074 2138 1111 2166 In
1133 2135 1298 2174 Treveris3
1338 2142 1383 2166 tas
1409 2134 1444 2166 δε
1466 2132 1711 2164 Emendationes
1733 2132 1772 2163 ad
1791 2130 1866 2162 Hist.
1893 2132 1943 2167 V,
1963 2139 2009 2168 17.

626 2179 663 2202 ut
683 2173 782 2204 modo
802 2174 916 2205 dicium
939 2174 988 2204 est.
1381 2179 1389 2201 5
1414 2175 1495 2203 Irus
1516 2174 1604 2209 mos]
1619 2172 1699 2204 Vide
1715 2172 1797 2203 infra
1812 2171 1850 2202 de
1864 2169 2006 2201 Moribus

669 2215 682 2229 ²
703 2212 894 2243 Domronrs
917 2215 1128 2252 anmmffi]
1149 2213 1229 2246 Vide
1251 2213 1299 2245 su-
1337 2214 1486 2244 German.
1504 2213 1559 2243 XI.
1933 2246 1939 2252 ι
1972 2245 1981 2254 ⁴

627 2250 681 2290 pra
695 2252 808 2282 Annal.
826 2253 898 2282 XIV
910 2273 919 2287 ‚
943 2264 992 2290 34.
1377 2255 1391 2272 ⁶
1412 2253 1659 2287 GLANDIBUSQUE
1672 2252 1687 2288 ]
1701 2249 1796 2281 Fufili
1820 2258 1859 2280 ex
1878 2246 1984 2287 argilla
1997 2253 2010 2284 ,’

667 2295 676 2315 3
702 2291 896 2326 NovAMQun
919 2303 1062 2327 ΑρυιιΑΜ
1085 2302 1265 2322 mcmunos
1280 2293 1295 2329 ]
1337 2292 1486 2331 plumbo,
1500 2290 1625 2322 ferrove
1639 2289 1722 2321 faerae
1736 2288 1880 2329 glandes,
1893 2285 2008 2318 &fun-

627 2330 723 2365 Quod
738 2330 869 2361 secunda
884 2330 937 2360 illa
955 2331 1038 2370 legio
1061 2331 1133 2361 esset
1148 2341 1165 2361 e
1191 2334 1297 2362 recens
1337 2332 1382 2361 dis
1394 2331 1597 2369 jaciebantur.
1851 2364 1857 2370 ,

625 2368 823 2408 conscriptis;
837 2377 872 2401 ut
892 2369 1029 2400 vidimus
1044 2369 1131 2409 supra
1147 2369 1221 2400 Hist.
1235 2372 1295 2407 IV,
1374 2376 1387 2394 7
1409 2368 1686 2404 Lacessenmus]
1711 2368 1859 2397 German]
1890 2366 2005 2409 Roma«

625 2410 677 2439 68-
1334 2418 1392 2439 nos
1415 2407 1568 2439 conviciis
1598 2407 1782 2438 lacess'ebant
1792 2428 1802 2444 ‚
1832 2411 1866 2436 ut
1892 2414 1945 2436 eos
1969 2413 2004 2434 m

663 2451 678 2470 ⁴
698 2448 884 2487 Suram-m]
906 2446 1118 2488 Meliusfilens.
1130 2447 1210 2481 Vide
1226 2448 1296 2479 No·
1333 2448 1479 2487 paludem
1495 2446 1657 2479 elicerent.

2039 843 2086 871 10

2036 1469 2087 1497 ‚20
