2209 3047
337 163 420 205 AD
450 162 675 205 LIBRUM
700 163 753 204 V.
774 160 919 203 HIST.
941 161 989 202 C.
1019 161 1199 204 CORN.
1229 161 1440 204 TACITI.
1517 177 1572 217 54
1581 180 1600 218 3

214 255 311 278 unum
342 243 480 278 exulem.
520 241 597 278 Mss.
628 240 733 277 Harl.
761 239 828 278 Jes.
858 238 970 276 corb.
990 241 1120 287 Moffi‘n
1142 251 1202 276 aut
1229 241 1383 289 Mojs'em.

268 292 482 335 UTRIMQUE
511 295 705 337 DESERTl]
736 292 791 327 Ita
808 290 884 327 Mff.
903 289 1000 326 Flor.
1022 288 1111 339 Reg.
1135 291 1249 327 Corb.
1269 292 1354 341 Agr.
1375 291 1489 328 editio
1508 293 1606 342 prin-

211 356 296 392 ceps
313 375 320 387 ‚
341 343 503 393 Ryckius
526 346 559 379 &
582 341 826 379 Recentiores.
855 340 934 378 Mff.
959 340 1062 377 Harl.
1079 340 1187 378 Bodl.
1205 341 1272 378 Jes.
1300 346 1334 379 ὃ(
1359 343 1603 389 Puteolanus,

214 395 256 429 ab
284 396 421 443 utrisque
448 394 571 441 deserti.

264 445 341 480 SED
371 455 521 480 SIBIMET
539 471 548 486 ‚
579 455 631 479 UT
657 455 751 479 Dum
773 453 938 478 CAELESTI
956 469 966 485 ,
998 447 1261 487 CREDERENT]
1286 442 1384 480 Bene
1399 444 1475 480 Mff.
1499 443 1603 481 Harl.

211 493 322 530 Bodl.
352 494 420 532 Jes.
450 493 669 531 Puteolanus
691 497 724 529 &
750 491 995 528 Recentiores.
1025 490 1172 528 Orosius
1194 504 1340 541 quoque
1372 494 1415 538 Ι,
1440 507 1485 530 ro
1504 526 1512 537 ‚
1542 496 1602 531 ha-

213 543 275 580 bet
285 545 355 592 sed.
378 546 422 580 In
438 544 516 580 Mff.
535 544 634 581 Flor.
654 543 742 593 Reg.
770 553 876 592 atque
903 542 1066 579 editione
1092 541 1256 591 principe
1274 570 1283 585 ‚
1321 545 1355 578 ξφ
1384 545 1526 591 sibimet.
1559 546 1604 582 In

213 594 283 630 Ms.
313 594 428 632 Corb.
457 598 490 630 ni
508 595 650 642 fibimet.
676 593 719 629 In
738 593 804 629 Ms.
823 595 914 638 Agr.
941 606 974 628 ut
995 593 1137 641 fibimet.
1164 591 1328 629 Secunda
1345 607 1449 629 manu
1479 595 1603 633 inhoc

213 644 346 681 codice
369 645 472 693 super
495 657 529 679 ur
549 643 766 692 adscriptum
783 645 831 678 ξφ.
856 642 965 679 forte
985 655 1102 680 autem
1120 642 1297 679 redundat
1322 655 1367 678 ut.
1384 644 1494 681 Abest
1508 647 1606 684 enim

212 707 235 730 a
265 695 342 730 Mff.
367 695 457 744 Reg.
480 696 594 732 Corb.
620 697 653 730 δε
687 693 851 730 editione
873 693 1049 742 principe.
1078 693 1156 730 Nec
1182 693 1272 728 illud
1296 693 1430 730 habent
1457 695 1605 732 Orosius

213 747 248 781 &
264 745 370 780 Otho
395 744 621 794 Frisingensis
636 772 646 788 ‚
675 756 766 794 quos
790 743 874 780 vide
892 743 984 780 inter
1002 743 1227 780 Testimonia
1239 743 1422 780 Veterum.
1443 745 1605 782 Schelius

213 794 429 830 emendabat
448 822 458 837 ,
484 797 616 844 adeſjknt
634 794 765 842 fibrmcr
792 809 805 828 .·
835 806 870 828 ur
896 795 967 829 duci
994 794 1108 841 coelesti
1137 796 1297 830 crederent
1322 821 1333 837 ,
1368 797 1473 840 primo
1505 800 1606 842 cujus.

210 842 292 880 Nec
315 844 417 881 aliter
439 844 469 882 J.
487 844 526 881 F.
543 845 755 881 Gronovius
770 847 804 880 δε
825 843 882 879 Cl.
908 842 1072 880 Ernestus
1091 871 1101 887 ,
1129 844 1191 894 qui
1211 844 1343 892 sthimet
1369 842 1415 880 ad
1439 843 1607 888 Judaeos;

205 898 312 941 primo
340 898 429 943 cujus
453 895 499 931 ad
531 895 692 944 quemvis
734 893 941 930 Judaeorum
971 922 980 938 ‚
1019 894 1081 944 qui
1104 896 1154 932 eis
1180 907 1290 944 opem
1314 893 1422 932 ferret
1440 922 1451 939 ,
1480 894 1607 932 refere-

210 944 299 981 bant
325 958 332 980 :
359 944 419 982 vel
455 945 581 982 omissa
602 944 752 981 volebat
779 943 944 981 Ernestus
969 945 1080 981 verba
1107 974 1117 989 ,
1149 958 1184 981 ut
1205 947 1276 981 duci
1305 945 1429 991 caelesti.
1457 944 1508 981 At
1529 945 1608 983 haec

211 995 337 1032 omnia
363 1008 457 1032 vana
476 996 567 1034 sunt.
594 994 823 1032 Manifestum
841 994 889 1032 est
907 995 1005 1032 enirn
1029 995 1066 1031 id
1095 996 1274 1045 pertinere
1289 995 1334 1031 ad
1351 994 1482 1031 Mosen
1498 1023 1507 1039 ,
1537 1008 1608 1031 cae-

209 1044 332 1082 lestem
361 1045 510 1090 ducem,
534 1049 639 1094 primo
662 1050 751 1092 cujus
776 1046 914 1082 auxilio
927 1046 1042 1084 Judaei
1059 1047 1248 1095 praesentes
1271 1046 1307 1081 in
1319 1046 1504 1094 AEgypt0‚
1521 1046 1608 1082 &in

210 1096 317 1132 maris
337 1096 451 1133 Rubri
474 1096 620 1134 transitu
642 1096 799 1133 miserias
812 1098 882 1145 jam
898 1097 1123 1146 pepulerant.
1151 1097 1256 1133 Reae
1279 1095 1406 1132 Illustr.
1426 1095 1607 1133 Huetius:

210 1146 250 1182 Id
269 1149 343 1182 vult
364 1149 530 1184 Cornelius
544 1151 617 1197 jam
642 1161 727 1194 opem
746 1150 890 1197 aliquam
904 1148 976 1195 ipsis
996 1145 1098 1196 tuliſjt}
1125 1148 1246 1195 Mosem
1264 1177 1272 1189 ‚
1291 1150 1344 1195 qui
1368 1147 1607 1194 proptereafihi

209 1198 295 1233 credi
313 1211 333 1233 a
357 1199 479 1235 Judaeis
504 1198 694 1245 postularet.
720 1199 793 1234 Jam
815 1198 887 1234 inde
914 1211 1019 1234 autem
1049 1198 1254 1245 Mqfifidem
1283 1197 1425 1232 habitam
1439 1197 1608 1246 sequentia

209 1247 389 1296 ostendunt.
413 1248 456 1284 In
479 1249 555 1285 Mss'.
574 1248 672 1285 Flor.
692 1248 781 1298 Reg.
808 1252 842 1285 ὃς
866 1247 1030 1285 editione
1056 1248 1222 1297 principe
1239 1278 1247 1291 ,
1271 1247 1346 1283 duce
1364 1247 1488 1293 caelestt.

261 1297 393 1335 Pmmo
429 1311 546 1336 emus
578 1311 738 1336 Auxruo
768 1311 995 1335 PRAESENTES
1025 1311 1198 1335 M1stiziAs
1222 1300 1508 1342 PEPULISSENT]
1538 1295 1610 1334 Pro

206 1351 313 1394 primo
337 1349 501 1386 tentabat
522 1349 681 1386 eruditus
695 1348 1017 1395 Grotius‚pridem.
1049 1348 1166 1395 Quod
1199 1348 1347 1383 minime
1376 1347 1610 1383 necessarium

209 1397 270 1435 est.
298 1398 378 1436 Nec
403 1399 532 1436 melius
553 1398 842 1442 Freinshemius,
873 1402 963 1446 cujus
992 1399 1132 1446 confilio.
1160 1399 1251 1434 Mox
1281 1397 1319 1432 in
1342 1396 1418 1433 Mff.
1452 1400 1485 1432 ὃς
1509 1396 1611 1432 libris

209 1447 317 1485 editis
329 1476 339 1493 ‚
371 1451 499 1485 auxilio
516 1450 672 1486 credentes
682 1450 848 1496 praefintes
862 1474 872 1489 ‚
900 1451 967 1484 &c.
996 1449 1047 1485 At
1066 1449 1222 1484 credentes
1244 1447 1398 1483 omnino
1415 1446 1613 1484 redundat:

210 1498 258 1534 ab
283 1499 555 1536 amanuensibus
580 1499 743 1534 additum
766 1498 846 1546 post
861 1497 983 1534 Orofii
1011 1508 1188 1547 tempora.
1211 1496 1323 1533 Abest
1344 1497 1441 1533 enim
1471 1497 1515 1532 ab
1536 1498 1612 1545 ejus

208 1546 321 1584 libris.
352 1548 432 1586 Nec
467 1548 560 1585 illud
592 1549 701 1586 habet
725 1548 831 1585 Otho
858 1547 1094 1598 frisingensis.
1132 1547 1226 1584 Vide
1253 1546 1479 1584 Testimonia
1502 1547 1612 1584 Vete-

209 1611 301 1636 rum.
325 1598 605 1651 Lampugnanus
631 1613 651 1637 e
677 1599 807 1637 codice
827 1599 893 1636 suo
912 1598 1174 1635 Mirandulano
1200 1597 1325 1635 frustra
1352 1597 1502 1643 laudat,
1531 1611 1611 1645 per-

209 1651 275 1688 tuli
301 1662 364 1686 ent.

261 1650 420 1742 ffMQUE
448 1713 561 1737 HAUD
593 1704 783 1748 PROCUL]
813 1702 882 1746 Que
899 1699 994 1736 abest
1013 1711 1033 1734 a
1050 1698 1118 1734 Ms.
1136 1698 1251 1735 Corb.

263 1751 480 1787 Asmonum
508 1755 762 1797 AGRESTIUM]
794 1751 940 1788 Pessime
959 1749 1076 1787 editio
1101 1750 1269 1798 princeps
1283 1776 1291 1792 ‚
1311 1748 1500 1794 Affiriorum
1515 1760 1612 1796 agre-

201 1800 457 1887 stymVAfissOS
473 1801 557 1838 illos
573 1800 723 1852 agrestes
735 1801 981 1839 Tertullianus
997 1812 1157 1850 onagros
1184 1798 1287 1836 dixit.
1313 1798 1411 1836 Vide
1427 1797 1613 1837 Testimo÷

209 1862 272 1888 nia
329 1861 477 1888 ererum.

264 1902 481 1939 CONCESSIT
497 1907 514 1950 ]
546 1903 635 1940 Non
652 1902 704 1939 ita
721 1903 814 1940 bene
830 1901 946 1939 editio
966 1901 1135 1951 princeps
1151 1928 1162 1944 ,
1193 1899 1380 1948 conscendit.

264 1950 398 1989 VENAs
422 1958 596 2000 APEile]
626 1953 756 1989 Mallet
777 1952 905 1989 Illustr.
927 1951 1107 1994 Huetius,
1131 1964 1229 1986 venas
1244 1954 1372 1997 reperit.

264 2000 314 2039 ID
340 2008 556 2050 LEVAMEN]
586 2003 684 2040 Male
700 2003 768 2039 Ms.
782 2003 902 2041 Guelf.
920 2003 1003 2039 idem
1016 2003 1172 2038 levamen.
1198 2000 1369 2050 Intellige
1386 2029 1395 2043 ‚
1409 1998 1495 2047 fuit.

262 2051 309 2088 IN
336 2059 449 2101 QUIS]
482 2056 537 2091 Ita
563 2054 629 2090 Ms.
656 2053 754 2090 Flor.
769 2053 885 2091 editio
910 2053 1080 2103 princeps
1104 2055 1139 2089 &
1158 2051 1388 2090 recentiores.
1416 2049 1497 2086 Mff.
1518 2048 1608 2099 Beg.

209 2100 316 2140 Harl.
335 2102 444 2141 Bodl.
461 2105 527 2142 Jes.
546 2108 579 2141 ὅ(
595 2104 816 2140 Puteolanus
829 2133 838 2148 ‚
858 2108 892 2140 in
907 2106 1030 2154 quibus.

261 2152 449 2200 chATA]
481 2155 541 2191 Sic
559 2155 636 2191 Mff.
654 2154 752 2191 Flor.
774 2154 889 2192 Corb.
906 2155 993 2204 Agr.
1020 2152 1181 2190 Ernestus
1208 2156 1242 2189 δε
1269 2150 1514 2189 Recentiores.
1536 2146 1606 2184 Ms.

210 2201 368 2301 Harlj&
383 2203 629 2250 Puteolanus,
662 2207 770 2243 dicata
789 2207 880 2254 fient.
911 2206 979 2242 Ms.
993 2203 1081 2254 Reg.
1105 2207 1139 2240 &
1157 2203 1273 2241 editio
1289 2202 1457 2254 princeps
1480 2227 1492 2245 ,
1516 2199 1612 2236 dedi-

210 2266 286 2289 cata
322 2266 390 2291 unt.

263 2353 369 2390 CAP.
397 2354 458 2394 IV.
488 2356 663 2392 GENTEM
690 2359 923 2401 FmMARET]
956 2355 1023 2390 Ms.
1047 2353 1161 2390 Corb.
1180 2365 1301 2400 gentes.

257 2401 446 2443 PROFANA
475 2410 610 2452 rLLic]
641 2406 780 2444 Frustra
799 2417 913 2444 tentat
927 2404 1117 2443 Acidalius
1134 2432 1145 2450 ,
1167 2404 1307 2452 profana
1334 2402 1416 2437 illis.
