2209 3047
492 266 606 288 Ξὲ

493 302 524 326 Α.
536 300 607 324 U.C.

517 349 587 382 823.

515 400 539 424 J.
555 400 587 423 C.

523 456 575 485 70.

631 175 716 221 258
912 168 961 209 c,
1028 165 1408 209 CORNELII
1472 163 1744 208 TACITI

629 251 714 291 dius
740 248 893 303 Sagitta
910 277 922 299 ‚
958 248 1157 304 pra‘fec‘tus
1185 247 1252 289 alae
1282 248 1447 289 Petrinae
1476 252 1485 268 ¹
1506 276 1518 297 ,
1545 246 1732 302 prospera
1755 249 2010 303 navigatione

630 313 819 369 praevenit
840 313 1067 368 Papirium,
1099 313 1376 353 centurionem
1394 340 1406 360 ‚
1433 326 1454 351 a
1479 311 1677 351 Muciano
1701 311 1876 350 missum:
1903 313 2011 353 adse-

630 376 862 428 veravitque
885 392 906 412 «
936 375 1120 416 mandata
1146 374 1416 415 interficiendi
1446 374 1624 423 Pisonis,
1659 375 1885 415 centurioni
1909 375 2012 416 data.

628 456 651 476 »
663 438 860 479 Cecidiffe
869 438 1127 480 Galerianum
1143 443 1178 489 ²,
1190 436 1474 479 consobrinum
1487 436 1570 490 ejus
1584 452 1868 492 generumque.
1883 438 2012 478 Unam

629 503 704 541 »in
723 501 888 542 audacia
910 503 1018 558 spem
1041 501 1188 542 salutis.
1209 501 1289 541 Sed
1312 500 1392 541 duo
1411 503 1553 542 itinera
1574 501 1767 548 audendi5
1789 501 1857 541 seu
1875 499 2014 541 mallet

633 565 793 605 »statim
814 580 920 606 arma
935 596 947 615 ‚
970 566 1037 606 seu
1052 596 1065 616 ,
1090 562 1212 621 petita
1233 563 1398 605 navibus
1417 564 1551 606 Gallia
1565 595 1578 615 ,
1603 565 1747 605 ducem
1768 565 1806 604 se
1825 562 2012 606 Vitellia-

633 628 726 669 »nis
753 628 992 670 exercitibus
1015 629 1237 669 ostenderet
1258 645 1299 668 ».
1319 628 1438 669 Nihil
1459 629 1507 669 ad
1533 644 1579 669 ea
1599 641 1712 669 moto
1733 627 1902 678 Pisone,
1923 641 2013 667 cen-

631 692 738 732 turio
755 706 776 731 a
790 691 989 732 Muciano
1006 692 1160 742 missus,
1182 705 1226 731 ut
1242 704 1401 747 portum
1419 692 1705 746 Carthaginem
1724 692 1857 746 attigit
1869 720 1881 741 ,
1901 704 2014 744 mag-

631 752 682 794 na
704 769 832 804 voce,
859 753 946 794 laeta
963 755 1098 795 Pisoni
1120 756 1255 795 omina
1268 784 1280 804 ‚
1306 767 1509 809 tamquam
1528 756 1726 811 Principi,
1746 756 1982 795 continuare
1999 767 2011 799 ;

633 815 774 858 obvios
799 821 840 857 &
862 816 995 857 subita:
1035 819 1091 858 rei
1114 816 1309 858 miraculo
1339 820 1558 869 attonitos,
1583 832 1627 859 ut
1659 818 1799 859 eadem
1821 818 2010 872 adstrepe-

627 893 741 929 rent,
770 880 941 920 hortari:
967 879 1110 935 vulgus
1138 879 1371 932 credulum,
1401 897 1513 923 ruere
1542 883 1583 922 in
1612 881 1771 931 forum,
1799 898 1820 917 (ε
1845 879 2012 936 praesen-

627 944 757 982 »tiam
775 942 929 982 Pisonis
946 959 967 979 »
988 943 1219 998 exposcere.
1241 944 1403 984 Gaudio
1425 944 1745 997 clamoribusque
1765 944 1904 984 cun&a
1924 942 2011 982 mis-

629 1004 799 1054 cebant,
824 1003 1077 1060 indiligentia
1109 1007 1220 1056 veri,
1246 1010 1285 1046 ὃ(
1305 1005 1493 1047 adulandi
1512 1006 1692 1047 libidine.
1713 1007 1828 1056 Piso,
1856 1006 2010 1046 indicio

624 1068 786 1122 Sagittae
799 1096 813 1117 ,
839 1066 905 1107 vel
927 1066 1038 1107 insita
1062 1067 1253 1109 modestia
1267 1097 1280 1119 ‚
1307 1084 1390 1109 non
1419 1071 1461 1110 in
1491 1068 1698 1125 publicum
1721 1069 1891 1124 egreffus
1920 1069 1974 1109 est
1996 1097 2010 1119 ,

626 1144 756 1184 neque
781 1129 821 1170 se
857 1129 990 1172 studiis
1013 1129 1126 1185 vulgi
1156 1132 1343 1187 permisit.
1379 1131 1748 1186 Centurionemque
1774 1133 2008 1188 percunch-

623 1205 713 1243 tus,
736 1193 943 1249 postquam
966 1211 989 1231 «
1012 1194 1213 1248 quaesitum
1237 1194 1307 1236 fibi
1328 1196 1481 1236 crimen
1505 1200 1516 1224 ³
1545 1196 1772 1249 caedemque
1799 1213 1821 1232 »
1844 1209 2012 1250 compe-

625 1256 697 1296 rit:
727 1272 748 1292 «
774 1256 1035 1298 animadverti
1061 1259 1102 1298 in
1130 1273 1222 1299 eum
1245 1275 1271 1302 ,>›
1294 1257 1425 1311 justit,
1454 1259 1561 1299 haud
1590 1259 1754 1315 perinde
1781 1258 1847 1314 spe
1879 1259 1968 1298 vitae
1995 1268 2011 1308 ,‘

625 1318 745 1372 quam
768 1317 825 1359 ira
848 1321 890 1360 in
918 1321 1185 1376 percussorem
1200 1350 1213 1371 ,
1240 1322 1349 1375 quod
1372 1322 1479 1363 idem
1506 1337 1556 1363 ex
1576 1321 1893 1362 interfectoribus
1915 1319 2010 1361 Clo-

626 1381 683 1422 dii
707 1383 842 1423 Macri
862 1388 880 1411 4
895 1412 908 1433 ,
932 1398 1114 1425 cruentas
1134 1383 1257 1439 legati
1278 1384 1470 1439 sanguine
1492 1400 1632 1425 manus
1648 1414 1660 1434 ‚
1682 1385 1731 1425 ad
1752 1384 1899 1426 caedem
1923 1398 2009 1439 pro-

625 1444 803 1486 consulis
825 1445 1030 1488 retulisset.
1050 1448 1189 1488 Anxio
1211 1447 1355 1489 deinde
1382 1448 1512 1489 edieto
1534 1446 1924 1502 Carthaginiensibus
1947 1449 2008 1486 in-

627 1509 789 1564 crepitis
802 1538 816 1559 ‚
836 1524 886 1550 ne
904 1509 1021 1551 solita
1039 1510 1199 1565 quidem
1219 1512 1355 1552 munia
1374 1511 1588 1567 usurpabat
1602 1540 1615 1561 ‚
1642 1509 1797 1552 clausus
1817 1511 1920 1551 intra
1939 1510 2007 1550 do-

624 1586 763 1622 mum,
788 1587 838 1613 ne
860 1588 937 1626 qua
955 1574 1087 1614 motus
1108 1575 1206 1614 novi
1228 1575 1345 1615 causa
1366 1574 1434 1615 vel
1454 1575 1559 1616 forte
1583 1575 1764 1615 oriretur.

686 1634 735 1675 L.
769 1636 864 1676 SED
887 1636 956 1676 ubi
985 1637 1101 1678 Festo
1137 1638 1405 1679 consternatio
1430 1636 1545 1693 vulgi
1574 1641 1617 1688 5,
1647 1637 1893 1678 centurionis
1916 1637 2010 1694 sup-

625 1695 793 1754 plicium
808 1728 821 1748 ,
848 1713 1019 1753 veraque
1043 1704 1084 1740 &
1105 1699 1202 1741 falsa
1214 1730 1228 1751 ‚
1254 1716 1367 1742 more
1392 1701 1503 1741 famae
1517 1730 1531 1751 ‚
1556 1702 1597 1741 in
1615 1699 1742 1753 majus
1761 1702 1973 1741 innotuere
1994 1728 2008 1750 ‚

624 1761 777 1814 equites
797 1762 838 1801 in
863 1777 1006 1803 necem
1025 1762 1178 1804 Pisonis
1199 1765 1336 1805 mittit.
1356 1763 1422 1804 Illi
1441 1765 1587 1820 raptim
1608 1766 1733 1815 veffi,
1753 1763 1924 1805 obscuro
1945 1762 2008 1803 ad-

623 1824 706 1864 huc
733 1838 875 1880 coeptae
899 1824 1029 1873 luci33
1057 1826 1222 1867 domum
1250 1827 1502 1884 proconsulis
1530 1828 1792 1884 inrumpunt,
1821 1826 2007 1868 destric‘tis

624 1885 767 1940 gladiis
783 1917 795 1937 ‚
823 1892 863 1929 ὃ(
887 1904 1032 1944 magna
1060 1905 1148 1946 pars
1173 1891 1327 1932 Pisonis
1354 1892 1509 1946 ignari,
1532 1891 1641 1945 quod
1668 1892 1815 1932 Poenos
1837 1889 2007 1931 auxilia-

624 1963 711 2001 res,
736 1950 980 2007 Maurosque
1003 1954 1045 1993 in
1070 1968 1158 1995 eam
1183 1955 1332 1996 caedem
1356 1954 1581 2011 delegerat:
1607 1955 1713 1996 haud
1735 1952 1879 2010 procul
1896 1951 2004 1994 cubi-

663 2069 672 2108 ξ
698 2066 772 2107 Arm
797 2067 965 2109 Pri-amm]
985 2069 1033 2099 De
1046 2069 1105 2108 qua
1121 2069 1235 2100 diCtum
1246 2070 1292 2101 su-
1331 2076 1459 2109 temque
1493 2069 1550 2100 hac
1579 2069 1754 2100 rebellione
1786 2067 2005 2099 arceffiturum.‘

622 2113 677 2174 gra
697 2114 728 2171 nli
751 2106 850 2173 {Ellotis
877 2109 911 2138 ὅ(
938 2108 1217 2140 Emendationibus
1252 2110 1290 2140 ad
1370 2114 1385 2132 4
1406 2110 1523 2140 Cromr
1543 2110 1647 2141 MAcm
1662 2111 1676 2147 ]
1692 2110 1739 2139 De
1753 2119 1816 2147 quo
1827 2108 1914 2146 supra
1926 2106 2002 2137 Hist.

653 2153 713 2173 nna
729 2165 734 2171 .
804 2168 812 2179 ‚
834 2157 863 2182 4.
1330 2150 1365 2185 1,
1410 2170 1417 2177 .

663 2185 673 2198 ²
697 2183 909 2214 GArrzfflmum
927 2186 941 2222 ]
965 2185 1143 2223 Calpurnium
1159 2187 1290 2217 Galeria·
1372 2159 1652 2219 57C0NSTERNAT10
1676 2186 1882 2221 vm-chHaec
1902 2195 1942 2215 ne
1953 2195 2002 2215 ac-

621 2222 795 2260 num3cujus
807 2225 921 2253 caedem
931 2225 1064 2256 vidimus
1076 2228 1161 2266 supra
1171 2238 1288 2266 capar.
1330 2227 1423 2267 cipias
1448 2228 1485 2258 de
1505 2238 1638 2265 pavore,
1663 2226 1715 2257 scd
1738 2227 1775 2256 de
1798 2225 1999 2268 concursu&

660 2266 670 2286 3
696 2264 879 2306 QUs'tSlrUM
901 2274 958 2293 8131
991 2277 1107 2296 emmau
1132 2269 1145 2304 ]
1173 2267 1288 2305 Quaefi-
1329 2267 1606 2298 acclamationibus
1624 2266 1727 2305 vulgi,
1747 2265 1888 2296 Pisonem
1909 2266 1999 2294 Prin-

620 2307 686 2329 rum
704 2300 758 2331 fibi
785 2312 886 2331 rerum
906 2313 1058 2334 novarum
1077 2305 1213 2343 crimen,
1232 2307 1289 2343 jus·
1329 2307 1430 2346 cipem
1454 2307 1620 2337 salutantis.
1644 2306 1764 2336 Eodem
1785 2303 1871 2334 sensu
1906 2302 1997 2333 Vale-

616 2345 743 2378 tamque
775 2341 864 2371 caedis
899 2343 1026 2373 causam.
1055 2345 1288 2376 Existimaverat
1328 2346 1388 2376 rius
1405 2346 1557 2376 Maximus
1578 2346 1667 2381 vm,
1688 2355 1719 2380 9.
1740 2353 1825 2373 num.
1846 2353 1869 2371 1.
1892 2341 1998 2383 dixit:

616 2379 760 2410 centurio
771 2380 929 2424 pisonem,
946 2382 1132 2422 principatus
1143 2384 1287 2420 avidum,
1329 2385 1427 2414 Verbis
1446 2395 1508 2423 ergo
1526 2383 1659 2420 fficwzdis
1671 2383 1716 2414 ira
1727 2406 1737 2422 ,
1751 2380 1946 2422 consternatio,
1962 2382 1995 2413 υτ

616 2416 685 2450 laeta
715 2429 822 2453 omina
838 2420 920 2454 ultro
945 2431 1168 2463 excepturum,
1196 2433 1286 2457 mor·
1326 2434 1404 2454 arma
1425 2423 1564 2463 cqfferunr.

2067 510 2088 550 5

2043 829 2095 858 10

2035 1458 2094 1488 20
