2209 3047
421 184 503 227 AD
522 185 748 228 LIBRUM
768 188 820 229 V.
845 186 990 228 HIST.
1023 187 1071 228 C.
1096 187 1276 231 CORN.
1301 188 1510 232 TACITI.
1573 206 1660 244 579

279 263 317 300 id
331 263 379 300 est
393 263 646 313 grammaticos
669 263 749 300 suos
776 263 888 300 libros
914 262 1093 300 amiserint
1109 295 1116 306 ‚
1142 268 1175 301 &
1203 265 1344 301 duobus
1372 266 1505 303 abhinc
1528 267 1664 306 saeculis

277 314 458 350 neminem
489 313 649 350 Judaeum
680 327 723 350 ex
741 315 836 362 Si-yu
851 345 859 356 ,
886 313 924 349 id
939 313 987 350 est
1007 326 1050 349 ex
1074 313 1278 352 Occidente
1296 343 1305 359 ,
1328 316 1495 352 viderint.
1520 317 1664 355 Summa

277 376 404 400 eorum
425 363 609 413 religionis
624 362 722 400 estin
740 363 846 400 sacris
866 364 933 399 suis
956 363 1054 399 libris
1069 389 1077 404 ‚
1097 376 1187 413 quos
1205 366 1412 402 reverentiae
1431 368 1536 403 causa
1552 369 1662 406 ferrne

278 425 474 463 numquam
500 413 601 449 domi
627 414 635 429 ¹
655 440 664 454 ‚
691 413 752 450 sed
776 414 813 448 in
829 414 985 449 armariis
1007 413 1159 460 Li-pai-se
1178 440 1188 456 ,
1217 414 1277 450 seu
1298 416 1424 464 templi
1447 417 1499 452 sui
1515 445 1524 460 ,
1542 418 1662 454 adser-

278 474 376 499 vant.
394 463 468 499 Ubi
482 464 560 513 quis
579 463 690 499 libros
707 463 812 513 Legis
828 463 980 499 describi
1004 463 1144 499 curavit
1157 491 1166 505 ‚
1195 464 1327 513 eosque
1350 465 1386 500 in
1406 467 1554 514 Li-pai-fie
1583 468 1662 504 col.

278 512 418 550 locavit
432 539 441 554 ‚
469 513 504 549 se
527 513 694 549 omnibus
714 513 898 563 religionis
914 513 1041 550 officiis
1063 513 1266 550 defunctum
1282 514 1475 559 existimat,
1492 529 1534 552 ac
1552 517 1661 555 ferme

277 575 472 612 numquam
507 561 630 611 postea
663 563 701 598 in
735 562 872 611 templo
900 562 1051 600 interest.
1078 564 1121 599 In
1140 562 1380 599 describendis
1401 564 1504 601 sacris
1532 566 1631 602 libris
1648 594 1659 611 ‚

277 613 374 661 apud
394 625 457 649 eos
479 613 576 649 nefas
594 611 795 648 Sinenfibus
824 613 1003 661 penicillis
1025 612 1205 649 Sinenfive
1235 623 1432 649 atramento
1449 617 1512 651 uti.
1531 616 1591 651 Ad
1608 617 1660 652 sa-

277 675 358 699 cros
379 662 491 699 hosce
523 662 603 698 usus
620 691 630 705 ,
661 662 891 703 arundinem,
916 675 994 712 quae
1014 664 1146 698 bambou
1165 662 1318 706 dicitur,
1341 663 1377 697 in
1398 664 1555 700 calamos
1574 666 1662 702 inci-

278 711 389 755 dunt3
411 712 680 761 nigerrimoque
698 723 846 748 utuntur
863 723 1061 748 atramento
1078 740 1086 755 ‚
1115 712 1216 761 quod
1230 743 1238 754 ,
1253 711 1515 760 Europaeorum
1534 727 1634 751 more
1649 743 1660 759 ‚

275 761 385 797 initio
405 762 489 796 anni
517 790 527 805 ‚
561 761 642 810 post
659 761 783 797 festum
809 761 1144 798 Tabernaculorum
1169 789 1179 805 ‚
1215 761 1440 806 confestum,
1466 775 1528 811 per
1543 774 1661 801 totum

274 823 410 847 annum
425 811 616 861 diligenter
631 812 782 848 servant.

328 860 435 897 Plura
457 861 500 897 de
526 861 656 898 Judaeis
672 861 873 898 Sinensibus
889 860 1110 909 cognoscere
1130 860 1392 897 meditabantur
1406 860 1473 898 PP.
1494 862 1635 898 Gozani
1650 890 1661 906 ‚

274 909 469 960 Domenge
492 914 526 946 &
550 911 710 954 Gaubil,
739 911 821 947 cum
852 911 1013 960 optimos
1047 922 1196 947 conatus
1229 911 1399 959 oppressit
1431 912 1663 959 Imperatoris

273 962 485 1009 Yong-tclu'ng
511 960 722 997 Christianae
745 960 916 1009 religioni
942 961 1096 997 infensus
1125 961 1261 996 animus
1277 989 1286 1004 ,
1315 964 1348 997 δε
1380 973 1503 997 omnes
1530 961 1575 997 ad
1600 975 1663 998 ut-

272 1009 355 1046 bem
379 1012 603 1059 Cai—fong-fou
633 1010 748 1047 aditus
770 1010 976 1047 interclusit.
1000 1010 1155 1060 Egregia
1183 1023 1330 1060 quoque
1355 1010 1504 1046 consilia
1535 1012 1664 1048 confe-

272 1060 376 1096 rendi
402 1060 521 1097 Biblia
548 1060 731 1097 Hebraica
759 1074 840 1097 cum
873 1062 1035 1108 Li-pai-fie
1064 1061 1188 1101 libris,
1220 1073 1263 1096 ac
1287 1060 1442 1096 maxime
1471 1062 1663 1098 Pentateu-

274 1109 384 1146 chum
406 1110 583 1160 integrum
606 1123 689 1146 cum
710 1111 876 1160 Ta-Kt'ngs
891 1139 900 1154 ‚
927 1123 1006 1160 quae
1026 1111 1064 1146 in
1085 1111 1196 1146 Bethel
1218 1110 1448 1146 adservantur
1463 1138 1472 1153 ,
1500 1111 1664 1159 praejudi-

275 1160 364 1196 catis
384 1159 592 1197 Judaeorum
613 1160 809 1197 Sinensium
835 1161 1073 1210 opinionibus
1096 1160 1232 1208 semper
1258 1159 1356 1196 fuere
1381 1160 1563 1208 impedita.
1590 1160 1665 1198 Ne-

274 1209 327 1245 fas
351 1210 393 1246 iis
419 1210 533 1247 visum
563 1211 611 1247 est
635 1211 748 1247 libros
772 1211 854 1247 suos
882 1212 1026 1248 credere
1049 1209 1258 1246 hominibus
1276 1238 1284 1253 ‚
1314 1209 1376 1259 qui
1404 1210 1506 1259 nigra
1529 1223 1634 1247 carne
1652 1237 1664 1255 ,

275 1258 322 1295 fic
348 1260 489 1297 suillam
513 1272 649 1297 vocant
665 1289 674 1305 ,
701 1261 939 1298 vescerentur.
965 1262 1050 1309 Spes
1072 1271 1192 1297 tamen
1219 1259 1414 1308 aliquando
1443 1259 1511 1295 fuit
1541 1260 1664 1298 saltem

272 1308 389 1347 libros
408 1322 449 1347 ex
470 1311 626 1346 armariis
642 1312 907 1360 permutatione
925 1311 1124 1360 pecuniave
1142 1309 1238 1359 posse
1255 1310 1469 1358 comparari.
1489 1309 1538 1344 Iis
1557 1309 1664 1346 obla-

273 1369 310 1394 ta
327 1359 408 1395 sunt
425 1360 543 1396 Biblia
561 1361 742 1397 Hebraica
758 1387 766 1402 ,
794 1360 1182 1397 Amstelodamenfibus
1202 1359 1297 1407 typis
1315 1359 1463 1395 excusa:
1487 1372 1566 1408 quce
1585 1360 1665 1409 qui-

276 1408 358 1445 dem
389 1409 439 1445 ob
464 1410 596 1446 chartae
621 1411 776 1446 nitorem
800 1410 1057 1460 craffitiemque
1084 1413 1117 1445 ὃς
1139 1408 1357 1445 concinnam
1375 1408 1455 1443 libri
1475 1408 1664 1458 ligaturam

272 1458 429 1506 primurn
455 1458 670 1502 laudavere,
701 1458 778 1508 post
812 1459 1028 1508 despexere,
1060 1471 1102 1494 ac
1132 1472 1177 1495 ne
1206 1457 1356 1494 voluere
1389 1458 1534 1506 quidem
1563 1460 1666 1509 quod

272 1508 312 1543 in
337 1508 406 1544 suis
430 1508 530 1544 libris
553 1508 648 1544 deest
671 1521 714 1545 ex
736 1509 778 1543 iis
801 1509 977 1557 supplere.
994 1508 1075 1544 Plus
1096 1508 1210 1544 valuit
1234 1508 1410 1555 pecunia3
1434 1509 1574 1557 jamque
1601 1522 1665 1545 eo-

272 1569 350 1593 rum
376 1570 487 1601 unus,
516 1558 664 1594 nomine
687 1561 874 1605 Ngai-i‘en‚
903 1558 1149 1607 spoponderat
1170 1557 1269 1599 fore,
1300 1567 1339 1593 ut
1359 1557 1540 1605 exemplar
1563 1558 1666 1595 suum

272 1607 450 1644 librorum
483 1607 614 1651 josue,
642 1607 831 1651 Judicum,
863 1608 1004 1644 Samuel
1026 1611 1061 1644 &
1087 1607 1284 1644 Melachim
1307 1619 1327 1642 e
1354 1608 1521 1654 Li-pai-se
1546 1620 1664 1644 extra-

272 1657 399 1702 heret,
427 1668 600 1708 certoque
625 1658 741 1706 pretio
767 1658 931 1695 traderet.
956 1659 1032 1701 At,
1061 1658 1144 1694 cum
1169 1656 1260 1692 illud
1291 1656 1383 1692 clam
1416 1656 1627 1694 subduceret
1651 1685 1663 1702 ‚

273 1707 533 1756 deprehensus,
561 1708 761 1758 gravissima
786 1708 1039 1758 objurgatione
1057 1707 1236 1757 perculsus
1261 1705 1309 1741 est
1337 1708 1363 1741 ².
1388 1707 1547 1755 Recepta
1565 1708 1663 1744 enim

273 1758 371 1806 apud
391 1771 453 1795 eos
478 1757 674 1795 sententia:
705 1758 781 1805 Qui
806 1758 918 1795 libros
943 1758 1060 1794 sacros
1087 1757 1212 1794 vendit
1228 1784 1237 1800 ,
1267 1755 1386 1791 Deum
1415 1756 1552 1793 vendit.
1589 1759 1663 1793 Mai

271 1809 378 1857 King,
399 1812 464 1844 mai
484 1810 529 1844 leo
549 1810 769 1857 tchuyyang.
788 1808 1071 1858 Colloquiorurn
1090 1820 1236 1857 quoquc
1254 1805 1423 1848 utilitati,
1444 1819 1523 1856 quse
1543 1819 1662 1856 quam-

271 1858 428 1894 maxima
445 1858 511 1895 esse
532 1869 694 1907 poterat,
716 1859 845 1895 nocuit
863 1858 1045 1908 singularis
1060 1857 1266 1894 Judaeorum
1283 1855 1480 1892 Sinensium
1499 1862 1662 1905 pronun-

271 1908 390 1944 tiatio.
411 1908 502 1945 Inde
525 1907 614 1958 quid
635 1908 717 1943 libri
741 1919 977 1950 numm-ivm
992 1918 1130 1947 ‚auom
1143 1933 1152 1946 ,
1175 1917 1271 1946 nmo
1287 1906 1537 1949 continerent,
1554 1906 1661 1943 intel-

271 1957 384 2008 ligere
413 1971 489 1995 non
518 1957 639 2007 potuit
661 1957 699 1994 P.
733 1958 937 2006 Domenge.
967 1955 1110 2004 Nempe
1136 1955 1190 1991 illi
1223 1954 1358 1998 Judaei,
1383 1955 1499 2005 longo
1527 1955 1661 2006 I'inguae

272 2007 426 2045 Sinenfis
446 2009 510 2044 usu
526 2037 536 2052 ‚
563 2008 696 2044 multos
720 2008 902 2044 literarum
930 2007 1040 2043 sonos
1062 2019 1138 2042 non
1169 2005 1431 2055 adsequuntur:
1457 2005 1569 2042 immo
1585 2037 1592 2049 ‚
1621 2018 1661 2043 ut

273 2059 308 2094 δε
332 2057 516 2102 Sinenses,
543 2059 778 2107 pronuntiare
797 2071 875 2095 non
902 2056 1023 2094 valent
1046 2056 1165 2092 literas
1190 2055 1212 2091 b
1227 2084 1236 2099 ,
1265 2055 1310 2098 d,
1336 2068 1355 2092 e
1370 2083 1380 2098 ‚
1407 2068 1433 2090 r.
1458 2054 1618 2092 Efferunt
1637 2070 1660 2102 ρ

274 2120 343 2156 pro
377 2109 418 2151 b,
443 2121 457 2144 t
492 2120 565 2158 pro·
593 2110 637 2152 d,
661 2111 690 2144 ie
719 2120 785 2157 pro
812 2123 849 2152 e,
877 2109 888 2142 l
911 2119 978 2156 pro
1001 2120 1028 2144 r.
1050 2105 1223 2142 Praeterea
1246 2105 1326 2142 sunt
1349 2108 1381 2141 &
1413 2105 1547 2149 literae,
1575 2117 1659 2153 quas

273 2157 361 2194 naso
389 2169 626 2208 corrumpunt
651 2172 660 2195 ε
690 2157 737 2195 fic
763 2157 881 2196 literas
901 2169 940 2196 ἹΠ
958 2155 1197 2206 pronuntiant
1215 2157 1309 2200 hum,
1329 2157 1396 2192 hem
1412 2183 1424 2200 ‚
1438 2158 1543 2192 houm.
1567 2155 1658 2191 Cum

308 2265 316 2277 ¹
338 2259 420 2283 Immo
432 2257 740 2283 obeamdemreverenu'am
752 2258 847 2282 nullum
859 2257 946 2280 librum
988 2265 1064 2281 rorem
1075 2257 1153 2281 bonus
1165 2256 1223 2281 adiit
1236 2274 1242 2284 ,
1256 2256 1375 2287 librosque
1388 2256 1454 2288 Legis
1467 2274 1473 2282 ‚
1485 2254 1576 2288 egregii
1588 2255 1658 2286 scrip-

273 2292 389 2318 Hebraice
404 2294 516 2324 scripturn
527 2292 595 2316 domi
606 2294 695 2316 habent
707 2310 712 2319 .
735 2293 790 2316 :estc
806 2293 873 2315 Pane
890 2292 945 2314 Do·
987 2300 1024 2315 tos
1044 2309 1050 2318 ,
1074 2299 1135 2324 quos
1157 2300 1170 2315 a
1200 2299 1285 2323 patruo
1306 2291 1348 2314 suo
1367 2292 1483 2314 moriente
1504 2297 1611 2320 acceptos
1631 2290 1657 2313 in

274 2334 368 2359 menge.
386 2326 451 2350 Aius
461 2334 540 2350 xamen
552 2326 637 2350 faterin-
647 2328 668 2350 se
679 2326 789 2350 audivisse
802 2343 809 2353 ,
831 2333 875 2349 tres
886 2333 945 2356 qun·
985 2325 1115 2357 Li-pai-se
1135 2334 1210 2357 nuper
1223 2326 1344 2357 posuerat.
1364 2325 1455 2356 reperiit
1473 2333 1478 2346 z
1499 2324 1600 2356 graviter
1617 2324 1657 2346 in-

273 2367 359 2384 tuorve
369 2370 380 2384 e
391 2361 518 2384 ditioribus
530 2361 604 2384 libros
612 2362 680 2393 Legis
692 2369 762 2392 penes
778 2361 799 2383 se
815 2359 927 2383 habuiffe.
985 2361 1087 2391 crepitus
1098 2377 1104 2385 ,
1124 2360 1210 2383 recellit
1231 2368 1286 2383 cum
1305 2357 1448 2392 ignominia.
1461 2358 1497 2381 Sic
1515 2358 1658 2388 improspere

309 2398 320 2411 ²
339 2394 521 2422 Alterjudaeus,
544 2396 643 2420 nornine
663 2395 801 2427 Cae-ring,
823 2394 945 2425 religionis
986 2393 1048 2417 ceffic
1067 2393 1184 2426 quidquid
1197 2395 1308 2417 hactenus
1326 2400 1443 2416 tentatum
1455 2409 1461 2419 ,
1482 2398 1507 2414 ut
1519 2390 1657 2417 Judaeorum

271 2425 321 2451 (uz
334 2427 479 2457 incuriosus,
496 2428 558 2453 idem
573 2429 723 2462 promiserat.
739 2430 874 2461 Synagogae
894 2435 945 2452 rec·
987 2427 1122 2453 Siuenfium
1134 2428 1189 2453 libri
1200 2428 1354 2452 haberemur.

1262 2479 1423 2523 Dddd
1457 2477 1483 2532 ij
