2209 3047
324 179 407 222 AD
440 181 665 223 LIBRUM
700 179 974 236 QUINTUM
1008 175 1435 223 HISTORIARUM.
1492 195 1579 232 347

192 258 358 311 natura,
397 263 631 303 convicium
660 267 670 283 ¹
704 263 745 301 in
780 259 972 302 tributum
1007 262 1155 307 vertit3
1196 264 1398 316 graviores
1439 279 1579 320 poenas
1602 275 1718 291 ==³

191 326 452 380 repetiturus,
471 327 511 366 ni
534 339 667 366 motos
696 327 815 381 patris
843 326 995 366 animos
1024 323 1141 363 Titus
1170 325 1333 368 sedasset
1358 331 1387 368 ².
1602 311 1711 395 ’ἓξ-330

255 387 400 430 XLV.
434 389 580 429 DATA
603 388 700 429 licet
724 386 867 438 venia,
894 386 1145 428 Alexandriae
1172 388 1348 430 infensus
1365 421 1376 440 ‚
1403 391 1578 433 Romam
1625 411 1648 434 J.
1667 410 1699 435 c.

190 451 389 506 profectus
414 453 467 493 est
494 457 521 493 ³.
546 450 797 508 Reipublicae
823 453 1031 506 egregium
1058 450 1237 500 donum,
1261 454 1503 496 renascentis
1529 455 1579 495 li-
1635 467 1690 494 70·

145 524 168 563 5
191 513 354 556 bertatis
376 517 586 571 augurium
604 546 617 566 ‚
645 516 736 556 ante
759 528 841 555 erat
861 514 1072 570 elargitus:
1097 512 1317 566 Majestatis
1340 519 1447 556 enim
1466 518 1581 559 dam-

188 590 305 619 natos
331 584 350 608 4
375 581 553 621 Neronis
578 575 724 619 saevitia
747 577 1049 631 sequentiumve
1069 578 1303 634 Principum
1325 578 1582 634 calamitate,

190 655 392 697 quotquot
420 642 670 699 superstites,
700 640 952 689 absolverat3
983 646 1023 682 ὃς
1048 640 1211 682 extenta
1233 639 1337 682 ultra
1364 642 1444 684 fata
1467 647 1581 699 aequi-

188 716 271 746 tate
286 734 300 756 ,
329 705 477 747 famam
500 706 669 747 mortuis
693 705 915 746 restituerat
942 710 969 745 5.
995 705 1130 746 Tanto
1153 705 1300 746 decore
1322 704 1437 761 supra
1456 709 1579 749 victo-

189 768 265 808 rias
291 767 557 824 praefulgens,
585 768 837 809 Brundisium
864 769 977 809 venit
1005 768 1046 818 ⁶,
1075 768 1143 808 ubi
1172 784 1193 809 a
1220 769 1419 810 Muciano
1443 770 1581 811 Urbis-

117 848 168 875 10
189 844 267 885 que
290 831 534 888 primoribus
560 831 745 889 publicos
775 833 879 872 inter
902 830 1061 887 plausus
1086 846 1280 887 exceptus
1303 833 1358 872 est
1385 837 1414 873 ⁷.
1436 833 1492 873 At
1510 834 1582 874 Be-

190 907 413 941 neventum
438 892 453 917 ⁸
481 895 703 952 progressus
720 925 733 946 ,
762 895 1045 937 Domitianum
1066 897 1240 951 reperit,
1270 894 1472 938 solutioris
1495 896 1582 938 libi-

191 957 321 1009 dinis,
345 959 441 1000 dum
467 973 579 1016 pater
606 958 740 1001 aberat
755 989 767 1009 ‚
796 972 883 1000 tum
911 960 1009 999 vitia
1029 958 1292 1015 simplicitatis
1320 958 1543 1002 stultitiaeve
1566 966 1582 990 ⁹

191 1021 415 1063 imitamine
441 1023 713 1064 excusantem.
733 1023 935 1080 Remedio
954 1024 1100 1079 pariter
1124 1037 1171 1063 ac
1191 1021 1299 1063 malo
1321 1025 1461 1064 anxius
1483 1025 1583 1066 Ves-

191 1084 370 1140 parianus
386 1115 398 1136 ,
428 1086 691 1127 domesticum
720 1085 904 1127 dolorem
919 1116 931 1136 ‚
960 1099 1004 1126 ut
1025 1085 1194 1126 decebat
1208 1117 1220 1136 ,
1244 1088 1350 1126 intus
1373 1087 1583 1139 condidit,

118 1157 163 1197 ις
189 1161 241 1188 ne
268 1149 422 1205 privata
452 1148 624 1205 publicis
654 1149 850 1191 anteferre
876 1149 1090 1190 videretur.
1117 1149 1249 1190 Laetus
1277 1164 1399 1204 ergo,
1422 1150 1585 1207 populis

188 1212 232 1251 in
251 1213 349 1253 novi
369 1228 414 1254 ac
437 1212 506 1254 diu
529 1213 736 1254 defiderati
760 1214 957 1270 Principis
979 1213 1237 1269 conspectum
1260 1214 1586 1255 venerationem-

190 1290 267 1329 que
296 1276 472 1331 undique
496 1275 802 1318 occurrentibus
817 1307 829 1327 ,
847 1278 1023 1318 Romam
1049 1277 1223 1332 perrexit
1249 1280 1295 1316 ¹0.
1318 1275 1396 1317 Ubi
1417 1279 1467 1318 eo
1490 1293 1584 1320 ven-

187 1350 302 1389 tum,
341 1355 363 1380 a
388 1340 536 1395 pietate
565 1341 702 1391 orsus,
731 1353 867 1395 coepta
905 1339 1101 1396 Capitolii
1128 1340 1292 1380 aedificia
1316 1339 1474 1387 invisit3
1503 1346 1543 1382 &
1569 1371 1583 1393 ,

185 1414 231 1443 ut
255 1416 395 1458 operas
420 1402 683 1454 incenderet,
710 1403 822 1459 ipse,
852 1402 965 1444 elatis
991 1401 1103 1444 collo
1119 1402 1421 1444 suoruderibus
1448 1409 1477 1428 ¹¹
1496 1434 1511 1456 ,
1541 1406 1583 1447 in

233 1542 242 1558 ¹
266 1539 460 1570 Couvrcrtm
482 1550 514 1570 m
534 1537 864 1577 TRmurum]ViritIm
948 1544 957 1566 5
982 1540 1238 1577 Rnsmuanm]
1259 1539 1322 1571 Dio
1336 1564 1344 1578 ,
1366 1539 1445 1571 ibid.

191 1577 244 1609 sex
270 1577 386 1608 obolos
401 1601 410 1614 ‚
435 1579 486 1610 τὲς
513 1579 540 1612 ἓξ
569 1579 659 1610 ὁῖολὲς
681 1581 740 1608 κατ’
763 1579 864 1617 ἄνδρα,
946 1579 959 1597 ⁶
981 1581 1186 1610 Baunmsmm
1210 1584 1329 1614 VENIT]
1363 1579 1512 1611 Proximo
1533 1582 1581 1612 Ja-

191 1616 275 1656 exigi
292 1617 382 1655 juffit.
400 1617 463 1649 Dio
477 1641 485 1655 ‚
504 1619 604 1650 LXVI
618 1642 627 1655 ‚
639 1628 706 1658 pag.
723 1629 795 1657 749.
806 1621 865 1648 Sex
906 1617 1001 1658 pygio
1027 1618 1250 1658 promontorio
1264 1619 1459 1649 Brundisium
1473 1644 1480 1656 ,
1497 1631 1581 1652 nune

193 1657 285 1688 oboli
300 1656 439 1688 efficiunt
461 1657 580 1688 Gallicae
594 1667 708 1687 monetae
735 1656 866 1698 aſjesfhr-
905 1657 1027 1697 Brindisi
1038 1682 1046 1694 ,
1075 1658 1175 1688 venit.
1193 1659 1239 1688 De
1252 1658 1415 1690 Brundisio
1437 1659 1500 1697 jam
1517 1660 1582 1691 dic-

160 1723 163 1726 <
190 1706 233 1726 me
243 1696 391 1736 sexdecim.
906 1706 972 1728 tum
987 1698 1074 1737 supra
1095 1698 1206 1728 Annal.
1223 1699 1287 1731 111,
1319 1709 1343 1728 ι.

227 1739 242 1753 ‘²
265 1737 424 1767 Samssm·
444 1737 459 1775 ]
480 1736 543 1768 Dio
557 1761 566 1774 ‚
582 1736 662 1767 ibid.
945 1742 958 1761 7
981 1739 1139 1768 Excevws
1162 1747 1215 1767 EST
1231 1739 1243 1774 ]
1260 1737 1323 1767 Dio
1338 1760 1346 1773 ,
1362 1736 1440 1767 ibid.

231 1780 242 1802 3
265 1776 443 1806 Prome-rus
466 1779 547 1815 ρετ]
578 1778 726 1807 Extremo
754 1774 839 1806 Maio
855 1798 864 1811 ‚
947 1776 958 1795 ⁸
980 1777 1221 1814 Brucvrwrum]
1238 1778 1330 1807 Nunc
1347 1776 1500 1807 Benevent-

191 1822 245 1845 aut
269 1814 398 1846 ineunte
412 1816 528 1853 Junio,
542 1816 697 1856 profectus
719 1815 777 1852 est,
794 1817 865 1845 cum
946 1821 959 1840 ⁹
981 1818 1204 1849 Srurnriffivrz
1231 1821 1243 1852 ]
1268 1816 1331 1847 Dio
1362 1816 1426 1847 loc.
1448 1816 1500 1847 cit.
1528 1817 1580 1848 Καὶ

191 1854 352 1893 coepissent
375 1854 469 1885 aestivi
486 1856 591 1892 flatus,
618 1857 656 1887 dc
675 1855 787 1895 quibus
802 1854 867 1884 dic-
903 1855 1006 1895 μωρίαν.

189 1901 258 1924 tum
279 1894 320 1925 est
342 1894 429 1933 supra
459 1895 533 1925 Hist.
559 1897 619 1932 IV,
643 1899 690 1926 81.
714 1893 865 1925 Onerarifi
947 1901 975 1915 ¹0
995 1896 1121 1926 Romam
1145 1894 1476 1933 PERRFx1T]Quant5
1496 1895 1579 1926 ordi-

191 1942 273 1964 nave
306 1933 447 1972 ascensa,
480 1935 669 1966 Alexandria
695 1934 865 1971 Rhodum,
907 1945 983 1966 num
1002 1935 1146 1966 omnium
1171 1935 1279 1965 laetitia
1309 1934 1404 1965 fuerit
1427 1943 1576 1973 exceptus

190 1982 274 2004 nunc
296 1972 422 2009 Rhodes,
441 1974 579 2013 trajecit:
600 1975 674 2005 inde
690 1976 794 2005 vectus
806 1973 866 2004 tri·
906 1975 974 2006 fus‘e
987 1974 1132 2006 describit
1147 1974 1313 2014 Josephus,
1328 1974 1484 2005 Be11.Jud.
1498 1976 1555 2006 Vll
1568 1999 1579 2013 ‚

192 2013 347 2050 remibus‚
361 2013 484 2044 Ioniam
496 2038 504 2051 ,
519 2025 595 2046 mox
615 2014 766 2046 Graeciam
778 2037 786 2051 ‚
802 2013 865 2044 ibi-
907 2026 936 2054 4.
953 2025 1040 2045 num.
1059 2024 1084 2043 1.

193 2060 255 2090 que
277 2062 387 2084 omnes
411 2055 520 2091 urbes,
555 2065 630 2094 quas
652 2054 755 2084 subter
779 2052 868 2084 navi·
948 2060 973 2074 ¹¹
999 2056 1183 2085 Runrnlrms
1212 2054 1227 2090 ]
1255 2055 1384 2084 Sueton.
1404 2052 1439 2082 in
1457 2052 1579 2092 vespas.

193 2089 303 2130 gavit,
326 2091 452 2124 invisit:
477 2094 581 2133 postea
603 2094 727 2125 solvens
749 2093 867 2132 Corcy-
906 2095 990 2125 VIII.
1020 2093 1078 2132 Ipse
1101 2092 1291 2133 restitutionem
1315 2091 1447 2130 Capitolii
1469 2094 1581 2132 aggres-

194 2129 227 2160 td
241 2153 250 2167 ,
271 2140 355 2161 nunc
371 2130 437 2171 l'isle
460 2131 492 2162 de
512 2133 611 2170 Corfini
625 2158 633 2169 ,
651 2132 772 2172 appulit
790 2142 867 2172 pro-
897 2135 967 2173 fias,
979 2132 1123 2163 ruderibus
1133 2132 1289 2173 purgandis
1299 2141 1397 2162 manus
1409 2131 1514 2168 primus
1527 2132 1580 2160 ad-

193 2169 392 2201 montorium
413 2172 577 2212 Japygium
590 2197 598 2209 ,
624 2173 720 2204 hodie
736 2172 758 2201 le
770 2182 819 2208 cap
835 2171 867 2201 de
906 2174 988 2203 movit
1000 2197 1009 2210 ‚
1026 2173 1115 2211 acfizo
1130 2171 1194 2201 collo
1204 2172 1327 2212 quaedam
1342 2172 1449 2202 extulit.
1473 2172 1579 2203 Fusi'us

194 2207 288 2238 Leuca
300 2233 308 2245 ‚
333 2210 415 2240 unde
443 2211 525 2242 terra
556 2213 615 2243 iter
644 2213 717 2253 egit.
743 2211 865 2250 Joseph.
907 2213 970 2244 Dio
986 2213 1086 2245 LXVI
1102 2236 1110 2248 ‚
1125 2222 1191 2252 pag.
1207 2223 1279 2252 749.
1291 2215 1407 2251 Operas
1416 2213 1492 2241 vcro
1506 2212 1578 2242 Ves-

193 2248 272 2279 Bell.
293 2250 362 2280 Jud.
384 2251 441 2281 VII
455 2274 464 2287 ‚
490 2262 518 2281 2.
533 2261 617 2282 num.
643 2263 668 2282 1.
691 2252 789 2289 Hujus
813 2251 867 2282 iti·
907 2252 1043 2291 pafianus
1063 2254 1210 2292 exemplo
1227 2252 1280 2283 suo
1301 2252 1342 2282 ita
1367 2250 1527 2283 incendit.
1545 2258 1579 2281 ut

193 2287 277 2318 neris
291 2289 371 2320 ratio
389 2291 482 2327 paulo
495 2290 587 2321 fufius
600 2291 661 2321 fuit
672 2291 865 2330 explicanda,
906 2292 1047 2337 sequenti
1079 2302 1162 2323 anno
1190 2291 1381 2331 triumphans
1400 2301 1468 2322 cum
1499 2290 1577 2320 Tito

193 2334 229 2356 ut
243 2336 361 2365 pateret
376 2329 705 2368 VespafianuinRoma
720 2329 865 2366 abfuisse,
906 2332 974 2363 filio
1005 2332 1201 2371 Capitolium
1234 2331 1319 2362 adire
1349 2330 1487 2370 potuerit
1508 2351 1516 2362 ‚
1544 2330 1579 2360 ὃ(

194 2367 266 2410 εἰμτι
297 2367 428 2407 spatium
457 2370 610 2410 Capitolii
643 2370 693 2401 die
719 2381 754 2401 ιι
782 2370 866 2400 Junii
906 2372 995 2402 brevi
1021 2371 1074 2403 suo
1099 2372 1273 2411 principatu
1299 2371 1375 2400 illud
1401 2369 1578 2413 absolutum

194 2404 355 2438 dicaretur.
905 2411 1041 2449 viderit,
1062 2412 1134 2442 teste
1150 2411 1313 2444 Plutarcho
1334 2410 1367 2439 in
1393 2408 1579 2448 Poplicola,

233 2448 250 2468 4
268 2445 561 2489 ΒΛΜΝΑτοεἨἊο,
578 2450 700 2490 LXVI,
712 2459 779 2490 pag·
793 2460 866 2489 749.
904 2455 972 2492 pag.
990 2462 1058 2491 ¹04·
1310 2492 1351 2533 X
1418 2490 1442 2498 .-
