2230 3047
467 284 581 300 ς

469 326 498 349 Α.
507 326 535 348 ι’.
549 325 578 348 C.

490 370 560 398 822.

492 424 513 447 J.
534 424 562 447 C.

497 468 549 503 69.

608 195 664 241 36
848 186 897 226 e.
964 186 1380 229 CORNELII
1444 188 1735 231 TACITI

603 267 803 310 manifesta
825 268 866 307 in
887 267 1098 310 Othonem
1118 271 1299 310 omnium
1320 268 1493 309 militum
1515 269 1655 319 studia,
1673 269 1869 310 desertum
1885 267 1980 325 fuga

605 329 745 388 populi
766 330 924 381 forum,
953 331 1127 372 destri&a
1151 333 1334 373 adversus
1358 331 1582 372 dubitantes
1598 331 1689 372 tela.
1706 332 1827 376 Juxta
1850 332 1980 372 Curtii

607 395 738 435 lacum
767 398 777 415 ¹
797 423 810 443 ‚
837 394 1104 449 trepidatione
1127 395 1339 435 ferentium
1362 394 1492 435 Galba
1518 393 1713 450 projefi'tus
1739 410 1759 435 e
1785 394 1906 446 sella,
1933 410 1981 435 ac

607 455 843 514 provolutus
864 457 930 498 est.
947 457 1176 498 Extremam
1198 456 1280 509 ejus
1303 473 1444 498 vocem
1458 488 1471 508 ,
1497 471 1541 497 ut
1563 459 1705 511 cuique
1726 457 1863 498 odium
1877 487 1890 508 ,
1913 470 1980 498 aut

606 520 814 561 admiratio
839 520 940 571 fuit,
967 520 1074 561 varie
1098 520 1319 576 prodidere.
1338 520 1422 559 Alii
1447 519 1678 576 suppliciter
1698 521 1950 574 interrogasse
1966 549 1979 570 ‚

616 600 637 620 <c
658 582 751 637 quid
772 582 866 623 mali
886 581 1083 623 meruisset
1102 585 1147 621 »ἓ
1172 600 1192 619 «
1215 597 1362 638 paucos
1383 583 1465 623 dies
1481 582 1727 624 exsolvendo
1744 583 1936 624 donativo
1952 600 1974 619 »

608 646 1021 702 deprecatum.Plures
1035 645 1217 686 obtulisse
1227 645 1332 686 ultro
1342 645 1630 700 percussoribus
1638 644 1820 700 jugulum
1829 675 1842 696 ,
1859 663 1880 682 «
1894 659 1981 700 age-

608 722 727 749 »rent
747 724 792 749 ac
814 709 976 749 ferirent
989 738 1001 758 ‚
1026 709 1051 746 si
1071 709 1125 748 ita
1147 722 1168 748 e
1189 706 1395 762 republica
1409 708 1608 748 videretur
1624 725 1644 745 »
1657 739 1665 748 .
1683 710 1783 749 Non
1802 708 1983 748 interfuit

609 771 882 813 occidentium
909 771 1003 825 quid
1025 771 1186 811 diceret.
1219 770 1284 810 De
1310 770 1533 826 percussore
1563 786 1644 811 non
1670 771 1759 811 satis
1795 772 1946 811 constat
1971 787 1979 810 :

608 835 767 888 quidam
795 851 816 869 «
841 835 1101 884 Terentium,
1129 847 1343 874 evocatum
1359 837 1372 853 ²
1398 850 1443 872 »ε
1469 832 1536 873 alii
1559 850 1580 870 ‹<
1596 834 1816 874 Lecanium
1837 851 1858 871 2>
1874 851 1880 873 :
1899 848 1982 874 cre-

610 897 718 939 brior
738 897 840 937 fama
861 897 1020 938 tradidit
1048 914 1068 933 <c
1091 896 1323 936 Camurium
1339 925 1352 946 ‚
1381 897 1689 949 quintaedecimae
1712 896 1882 951 legionis
1914 897 1983 936 mi-

610 959 754 1000 »litem
767 989 780 1010 ,
805 959 988 1015 impresso
1011 958 1144 1013 gladio
1161 988 1174 1009 ,
1201 957 1384 1014 jugulum
1404 957 1486 1011 ejus
1508 959 1666 1000 hausisse
1681 977 1723 999 ».
1746 959 1881 999 Ceteri
1899 974 1984 1000 cru-

608 1037 651 1062 ra
670 1022 910 1075 brachiaque
932 1026 943 1072 (
965 1037 1055 1062 nam
1074 1023 1207 1077 pe&us
1227 1021 1434 1076 tegebatur
1458 1027 1468 1050 ³
1496 1024 1507 1071 )
1527 1022 1634 1062 foede
1656 1021 1877 1062 laniavere:
1902 1020 1984 1077 ple-

610 1099 730 1138 raque
750 1083 914 1125 vulnera
929 1114 941 1136 ‚
964 1085 1119 1125 feritate
1145 1088 1184 1124 &
1202 1082 1370 1135 saevitia,
1390 1098 1533 1125 trunco
1549 1083 1626 1135 jam
1649 1086 1806 1140 corpori
1822 1083 1982 1137 adjeda.

672 1147 824 1187 XLII.
860 1148 1031 1188 TITUM
1059 1147 1151 1188 inde
1174 1148 1340 1188 Vinium
1359 1147 1557 1188 invasere:
1581 1147 1629 1188 de
1646 1163 1725 1202 quo
1746 1152 1785 1188 ὅ(
1805 1147 1891 1203 ipso
1907 1162 1984 1187 am-

610 1209 758 1264 bigitur
771 1239 783 1260 ‚
807 1211 1095 1266 consumpserit
1113 1225 1162 1250 ne
1184 1225 1330 1251 vocem
1353 1209 1436 1262 ejus
1455 1214 1474 1238 4
1497 1212 1640 1251 instans
1657 1223 1784 1251 metus
1798 1239 1811 1260 ,
1834 1225 1883 1250 an
1899 1224 1987 1266 pro-

611 1272 872 1324 clamaverit,
901 1290 922 1310 «
946 1289 1028 1314 non
1056 1272 1132 1313 esse
1157 1272 1203 1313 ab
1234 1274 1402 1314 Othone
1425 1273 1656 1314 mandatum
1672 1302 1684 1323 ,
1713 1287 1757 1313 ut
1780 1273 1986 1314 occidere-

610 1348 707 1376 »tur
723 1353 743 1372 »
755 1367 764 1375 .
781 1336 906 1390 Quod
926 1337 993 1377 seu
1007 1337 1122 1376 finxit
1140 1335 1352 1377 formidine
1366 1366 1378 1386 ‚
1402 1336 1469 1376 seu
1485 1335 1730 1377 conscientia
1748 1334 1988 1387 conjuratio-

613 1399 674 1438 nis
707 1399 903 1440 confessus
934 1400 1010 1440 est:
1036 1400 1117 1439 huc
1149 1401 1279 1454 potius
1301 1397 1384 1451 ejus
1410 1401 1491 1439 vita
1516 1399 1697 1453 famaque
1721 1397 1915 1448 inclinat,
1941 1411 1986 1438 ut

614 1461 799 1502 conscius
829 1461 987 1503 sceleris
1020 1461 1165 1512 fuerit,
1193 1460 1303 1514 cujus
1330 1461 1446 1503 causa
1467 1475 1549 1502 erat
1571 1467 1599 1503 5.
1621 1464 1727 1501 Ante
1760 1461 1882 1501 aedem
1903 1461 1986 1501 divi

611 1522 712 1567 Julii
737 1523 755 1545 ⁶
773 1522 924 1576 jacuit,
951 1526 1080 1581 primo
1105 1525 1183 1564 ἰᾶιι
1205 1527 1247 1565 in
1267 1524 1462 1581 poplitem
1478 1554 1490 1574 ‚
1518 1539 1613 1566 mox
1639 1523 1684 1565 ab
1709 1523 1819 1568 Julio
1845 1523 1951 1564 Caro
1971 1552 1986 1575 ,

612 1585 836 1641 legionario
858 1587 1010 1638 milite,
1036 1589 1077 1627 in
1102 1600 1312 1641 utrumque
1336 1587 1438 1628 latus
1461 1587 1808 1628 transverberatus.

676 1649 854 1690 XLIII.
888 1651 1134 1690 INSIGNEM
1158 1649 1226 1690 illa
1251 1650 1314 1690 die
1340 1651 1470 1690 virum
1491 1652 1773 1706 Sempronium
1805 1650 1987 1690 Densum

613 1724 702 1753 aetas
728 1714 857 1753 nostra
874 1714 987 1754 vidit.
1007 1713 1203 1763 Centurio
1226 1714 1257 1753 is
1274 1714 1458 1768 praetoriae
1485 1714 1687 1763 cohortis,
1711 1728 1731 1753 a
1755 1711 1885 1754 Galba
1905 1712 1988 1754 cus-

613 1775 732 1815 todiae
752 1775 905 1817 Pisonis
929 1781 943 1803 ⁷
968 1776 1151 1825 additus,
1179 1776 1306 1815 strido
1335 1777 1536 1832 pugione,
1565 1790 1777 1817 occurrens
1803 1777 1986 1825 armatis,

616 1841 657 1878 &
678 1837 804 1878 scelus
824 1838 1089 1894 exprobrans,
1114 1853 1159 1878 ac
1181 1838 1304 1879 modo
1324 1853 1443 1879 manu
1458 1868 1471 1888 ,
1493 1839 1615 1879 modo
1637 1853 1739 1879 voce
1755 1868 1767 1888 ‚
1791 1838 1987 1879 vertendo

615 1901 657 1940 in
681 1901 720 1941 se
743 1901 986 1957 percussores
1001 1932 1014 1952 ‚
1039 1915 1277 1955 quamquam
1306 1901 1515 1942 vulnerato
1539 1901 1673 1942 Pisoni
1700 1901 1892 1956 effugium
1917 1901 1988 1942 de-

657 2002 666 2016 ¹
690 1999 808 2028 Cuarn
824 2003 955 2034 mcum]
978 2001 1013 2028 In
1029 1998 1102 2030 foro
1118 1998 1262 2030 Romano
1275 2019 1284 2033 ,
1323 1999 1437 2029 dietum
1454 1999 1493 2029 est
1510 2000 1597 2038 supra
1610 2010 1674 2038 cap.
1696 2007 1743 2038 35.

616 2044 688 2067 ante
707 2038 809 2068 rostra.
1360 2043 1375 2061 4
1396 2039 1510 2068 Vocem
1544 2049 1610 2071 Ejus
1630 2042 1643 2076 ]
1665 2038 1713 2068 Sic
1735 2038 1815 2082 apud
1838 2039 1878 2076 Q.
1905 2039 1986 2068 Cur-

659 2079 669 2092 ²
692 2077 898 2113 Tar-mun,
909 2088 1089 2108 zvocATuM
1100 2079 1113 2114 ]
1124 2076 1284 2115 amarum,
1323 2077 1418 2115 tium,
1432 2079 1487 2109 Vll
1498 2101 1508 2116 ‚
1529 2088 1548 2116 7
1560 2100 1569 2114 ‚
1580 2087 1628 2114 per
1647 2087 1745 2106 metum
1760 2077 1985 2116 etiamficppreffii

617 2114 715 2145 officii
732 2126 849 2146 nomen
866 2117 914 2146 est.
937 2116 1073 2145 Ezfocacos
1091 2117 1189 2147 Galba
1207 2117 1283 2147 olim
1322 2127 1394 2146 voce.

616 2153 672 2183 fibi
698 2155 873 2191 addixerat,
892 2155 963 2185 teste
987 2156 1138 2186 Suetonio
1160 2156 1192 2185 in
1207 2156 1284 2186 Gal-
1363 2161 1371 2183 5
1396 2157 1494 2189 Cmus
1518 2166 1615 2186 causa
1639 2157 1748 2193 ERAT]
1771 2156 1851 2185 Cum
1875 2154 1986 2185 Vinius

615 2192 675 2229 bi,
697 2195 736 2224 X.
750 2193 864 2233 Delegit
889 2193 918 2223 ὓ
941 2194 1065 2234 equestris
1086 2194 1193 2223 ordinis
1209 2196 1284 2233 juve·
1322 2196 1452 2225 Galbam
1482 2194 1540 2224 odio
1558 2194 1731 2235 flagitiorum
1758 2194 1926 2230 onerasset,
1951 2201 1986 2224 ut

616 2241 686 2266 nes,
705 2233 748 2270 qui
766 2242 892 2262 manente
913 2233 1053 2262 anulorum
1070 2244 1210 2263 aureorum
1219 2235 1282 2273 ufic,
1321 2237 1400 2265 rec‘te
1419 2234 1561 2265 observat
1571 2233 1706 2265 eruditus
1722 2233 1854 2264 savinus
1870 2243 1908 2263 ex
1919 2233 1985 2272 sup.

617 2269 736 2300 Evocasi
761 2271 962 2308 appellarentur
978 2296 987 2308 ‚
1006 2273 1180 2312 excubiafiyue
1209 2275 1283 2302 circa
1322 2283 1385 2312 cap.
1411 2277 1441 2303 6.

616 2308 765 2339 cubiculum
774 2311 852 2349 filum
870 2312 929 2340 vice
953 2311 1065 2340 militum
1078 2321 1202 2351 agerent.
1220 2312 1282 2342 Alii
1360 2314 1372 2332 ⁶
1394 2314 1500 2343 AEDEM
1522 2323 1595 2345 mvl
1617 2313 1722 2349 Jm-u]
1738 2313 1775 2341 In
1786 2310 1857 2341 foro
1866 2311 1985 2341 Roma-

617 2357 703 2380 erant
730 2349 867 2386 Evocasi,
903 2351 940 2381 de
967 2351 1076 2390 quibus
1103 2351 1170 2382 dixi
1197 2351 1282 2391 supra
1321 2362 1374 2382 no.

614 2388 726 2418 Annal.
749 2390 794 2425 ΙΙ,
819 2391 868 2420 68.
894 2397 959 2420 not.
976 2402 1005 2428 4.
1358 2397 1371 2416 7
1394 2392 1565 2420 Cusromffi
1592 2389 1714 2419 Pisoms
1735 2390 1748 2425 ]
1778 2388 1858 2418 Vide
1886 2389 1986 2420 Notas

654 2433 663 2453 ³
690 2429 804 2459 Prcrus
829 2429 1041 2467 TEGEBATUR]
1065 2429 1227 2469 Thorace,
1247 2437 1281 2461 ut
1320 2429 1353 2462 ὃς
1367 2429 1609 2462 Emendationes
1633 2428 1671 2459 ad
1688 2428 1761 2458 Hist.
1786 2429 1817 2466 1,
1838 2437 1889 2465 43.

2015 841 2065 869 10

2018 1156 2064 1195 15

2013 1472 2070 1498 20
