2209 3047
516 287 630 309 ΕΞ

515 322 584 345 A.U.
598 321 628 344 C.

535 370 606 397 822.

536 419 558 441 J.
570 420 601 442 C.

542 470 594 503 69.

654 194 739 239 238
915 185 962 228 C.
1030 185 1447 231 CORNELII
1517 187 1794 233 TAchr

651 268 872 312 adsultante
888 282 957 324 per
972 283 1132 325 campos
1149 270 1293 323 equite.
1309 267 1439 309 Simul
1459 283 1578 309 naves
1595 270 1635 308 in
1652 269 1858 310 adversum
1875 286 2030 314 amnem

652 334 881 389 agebantur.
897 333 1008 373 Hinc
1025 346 1299 373 veteranarum
1314 333 1545 372 cohortium
1561 332 1666 386 signa
1681 362 1692 382 ,
1713 333 1805 373 inde
1822 334 2030 391 depromp-

649 412 695 438 ωε
712 396 815 436 silvis
830 394 1008 449 lucisque
1022 396 1192 436 ferarum
1209 396 1402 449 imagines
1419 400 1428 416 ¹
1440 424 1454 445 ,
1472 408 1516 435 ut
1531 396 1674 449 cuique
1690 398 1801 450 genti
1814 397 1912 436 inire
1929 412 2028 451 proe-

649 461 748 502 lium
766 474 852 500 mos
868 459 920 499 est
932 488 945 509 ,
967 458 1091 499 mixta
1104 458 1200 498 belli
1216 457 1345 498 civilis
1362 460 1593 512 externique
1607 458 1710 498 facie
1728 463 1741 479 ²
1759 458 2028 515 obstupefece-

649 537 737 565 rant
752 522 942 563 obseffos:
965 527 1003 562 ὅ(
1021 523 1129 578 spem
1147 523 1467 576 oppugnantium
1483 520 1653 575 augebat
1670 521 1891 577 amplitudo
1908 521 2025 572 valli,

648 587 758 642 quod
774 585 923 626 duabus
940 584 1166 639 legionibus
1183 581 1318 634 situm,
1340 586 1408 624 vix
1421 586 1595 638 quinque
1612 583 1739 625 millia
1755 590 1764 612 ³
1786 599 2028 625 armatorum

649 652 929 692 Romanorum
953 648 1177 688 tuebantur.
1191 647 1270 687 Sed
1291 646 1461 688 lixarum
1482 647 1727 698 multitudo,
1753 647 1907 689 turbata
1930 663 2028 704 pace

649 713 749 755 illuc
771 724 1015 766 congregata
1029 741 1040 760 ,
1067 715 1107 751 &
1129 709 1238 751 bello
1260 711 1432 751 ministra
1451 711 1597 752 aderat.

711 775 893 817 XXIII.
928 776 1050 814 PARS
1074 775 1287 814 castrorum
1310 778 1354 823 4,
1380 774 1422 813 in
1450 773 1599 815 collem
1620 773 1762 815 leniter
1787 776 1998 830 exsurgens
2018 789 2028 822 ;
2087 768 2095 778 ⁸

649 856 737 898 pars
757 853 867 892 aequo
889 837 1087 878 adibatur:
1114 838 1260 892 quippe
1274 867 1286 887 ,
1311 835 1390 877 illis
1412 836 1586 878 hibernis
1604 867 1616 887 ,
1641 837 1807 878 obfideri
1824 840 2028 893 premique

649 903 906 950 Germanias,
924 901 1121 955 Augustus
1138 900 1375 941 crediderat:
1396 915 1525 954 neque
1539 916 1726 954 umquam
1751 901 1790 940 id
1811 899 2028 952 malorum,

648 981 692 1007 ut
710 977 986 1021 oppugnatum
1002 962 1108 1003 ultro
1126 962 1306 1017 legiones
1322 964 1468 1004 nostras
1485 965 1680 1003 venirent.
1697 964 1797 1004 Inde
1813 978 1895 1003 non
1911 962 2028 1014 loco,

649 1044 777 1083 neque
800 1027 1056 1066 munimentis
1079 1024 1191 1066 labor
1221 1026 1396 1066 additus:
1423 1027 1481 1066 vis
1505 1030 1544 1066 δι
1569 1041 1674 1066 arma
1695 1027 1784 1067 satis
1804 1025 2028 1082 placebant.

648 1092 821 1140 Batavi,
851 1090 1224 1143 Transrhenanique
1253 1093 1265 1120 5
1291 1119 1305 1139 ,
1339 1091 1419 1142 quo
1443 1089 1611 1130 discreta
1638 1090 1762 1130 virtus
1791 1089 2030 1130 manifestius

647 1156 912 1211 spe'Ctaretur,
941 1152 1009 1193 fibi
1025 1167 1185 1207 quaeque
1215 1167 1310 1206 gens
1339 1152 1578 1202 conslstunt,
1603 1153 1756 1193 eminus
1785 1150 2030 1193 lacessentes.

648 1220 737 1260 Post
758 1216 826 1257 ubi
846 1215 1033 1272 pleraque
1059 1215 1233 1256 telorum
1257 1214 1428 1256 turribus
1458 1216 1665 1272 pinnisque
1692 1217 1887 1255 moenium
1914 1217 2032 1257 inrita

648 1280 877 1330 haerebant,
902 1284 941 1320 &
966 1279 1132 1334 desuper
1153 1279 1253 1319 saxis
1276 1277 1610 1326 vulnerabantur;
1632 1277 1807 1319 clamore
1829 1293 1945 1333 atque
1962 1280 2030 1318 im-

648 1358 771 1402 petu,
796 1343 973 1383 invasere
993 1342 1142 1383 vallum
1158 1371 1170 1392 ,
1196 1341 1379 1398 appositis
1405 1341 1582 1397 plerique
1606 1342 1746 1392 scalis,
1772 1340 1838 1382 alii
1862 1357 1931 1398 per
1950 1342 2029 1383 tes-

647 1409 830 1449 tudinem
851 1407 1010 1447 suorum
1040 1404 1083 1445 ⁶:
1115 1404 1436 1458 scandebantque
1458 1403 1537 1457 jam
1559 1405 1717 1458 quidam
1733 1435 1745 1456 ,
1773 1408 1864 1445 cum
1887 1405 2029 1459 gladiis

647 1476 689 1515 ὃ(
713 1485 911 1512 armorum
933 1469 1086 1509 incussu
1114 1469 1375 1524 praecipitati,
1406 1467 1565 1508 sudibus
1593 1472 1632 1508 ὃς
1660 1467 1750 1524 pilis
1780 1467 2029 1519 obruuntur,

647 1534 881 1591 praeferoces
903 1533 1019 1573 initio
1034 1561 1046 1581 ,
1070 1536 1110 1572 &
1133 1531 1248 1573 rebus
1272 1530 1453 1571 secundis
1471 1532 1596 1571 nimii.
1614 1531 1694 1571 Sed
1709 1545 1795 1571 tum
1816 1531 1949 1587 praedae
1966 1546 2031 1572 cu-

648 1597 783 1654 pidine
798 1627 810 1647 ,
837 1596 998 1636 adversa
1019 1609 1177 1648 quoque
1198 1593 1435 1634 tolerabant.
1457 1595 1670 1634 Machmas
1698 1595 1817 1634 etiam
1846 1624 1858 1644 ,
1889 1594 2030 1635 insoli-

645 1674 732 1701 tum
755 1659 821 1699 fibi
836 1689 847 1709 ,
874 1659 971 1699 aufi:
998 1672 1073 1698 nec
1094 1656 1176 1698 ulla
1198 1656 1285 1713 ipsis
1308 1655 1500 1697 sollertia:
1521 1656 1693 1713 perfugae
1714 1659 1943 1713 captivique
1963 1657 2030 1698 do-

649 1723 793 1764 cebant
815 1723 958 1762 struere
981 1722 1162 1761 materias
1183 1721 1223 1760 in
1244 1719 1409 1760 modum
1431 1721 1563 1776 pontis
1588 1725 1602 1748 ⁷
1617 1750 1630 1771 ,
1655 1735 1752 1761 mox
1770 1719 1950 1773 subjeffis
1970 1735 2031 1761 ro-

645 1788 696 1826 tis
717 1783 963 1842 propellere:
989 1797 1034 1824 ut
1054 1782 1119 1824 alii
1141 1783 1400 1839 superstantes
1414 1813 1426 1833 ,
1447 1797 1648 1837 tamquam
1672 1798 1722 1824 ex
1743 1799 1907 1839 aggere,
1928 1798 2030 1839 proe-

648 1849 858 1890 liarentur:
886 1862 972 1903 pars
1003 1849 1133 1898 intus,
1161 1846 1316 1888 occulti
1335 1861 1469 1887 muros
1492 1846 1737 1888 subruerent.
1772 1847 1851 1888 Sed
1873 1847 2031 1888 excussa

691 2015 699 2028 ¹
723 2009 885 2039 FERARUM
910 2016 1058 2038 IMAGmES
1082 2008 1096 2044 ]
1126 2007 1191 2037 Hac
1216 2007 1253 2037 de
1288 2017 1320 2037 re
1360 2007 1477 2038 duabus
1495 2007 1673 2045 legionibus
1695 2007 1845 2045 posuerat.
1858 2007 1953 2038 Unius
1969 2008 2030 2038 cas-

650 2048 736 2088 plura
758 2047 838 2077 infra
862 2048 899 2078 de
923 2046 1062 2077 Moribus
1082 2047 1230 2076 German.
1252 2047 1320 2077 Vll.
1360 2055 1404 2077 tra
1424 2047 1455 2075 in
1474 2047 1574 2082 colle,
1596 2047 1718 2077 alterius
1742 2046 1775 2075 in
1791 2047 1897 2086 plano.
1917 2050 2030 2078 Vetera

689 2091 699 2103 ²
722 2089 928 2122 Exrmmque
952 2089 1066 2119 Facie]
1090 2087 1212 2124 Nempe
1235 2094 1322 2116 vete·
1360 2093 1463 2115 autem
1477 2085 1676 2122 dicebantur,
1696 2085 1782 2124 quod
1804 2086 1863 2116 alia
1878 2087 1981 2125 postea
1995 2087 2030 2117 in

649 2136 791 2157 ranarum
814 2125 993 2157 cohortium
1008 2125 1089 2163 signa
1108 2126 1185 2155 belli
1204 2124 1320 2159 civilis,
1360 2125 1526 2155 Germania
1538 2124 1634 2164 pofita
1645 2125 1723 2155 sunt.

649 2165 769 2196 externi
784 2165 895 2196 faciem
907 2165 1083 2196 referebant
1097 2163 1231 2194 ferarum
1244 2164 1321 2194 ima-
1402 2170 1410 2190 5
1433 2164 1761 2202 Tssansnnanamoue]
1771 2164 2029 2201 Bru&eri,Tenc-

651 2205 748 2245 gines.
1360 2202 1438 2237 teri,
1454 2203 1611 2242 ceterique
1633 2204 1782 2234 Germani
1797 2204 1916 2242 populi.

691 2250 700 2270 3
727 2247 788 2274 le
812 2253 947 2279 QmNQurz
965 2244 1098 2280 mma]
1117 2243 1204 2273 Adeo
1217 2242 1320 2273 Vitcl-
1397 2244 1409 2261 ⁶
1432 2244 1493 2272 PER
1518 2253 1715 2273 Tesrumnem
1739 2245 1896 2280 suonuiu]
1921 2243 1960 2272 Ut
1984 2241 2029 2272 su-

648 2283 707 2314 lius
727 2283 779 2313 has
805 2282 945 2321 legiones
966 2281 1184 2319 imminuerat,
1207 2291 1241 2312 ut
1259 2283 1319 2320 jam
1360 2282 1412 2319 pra
1428 2281 1502 2312 Hist.
1517 2282 1576 2318 111,
1590 2292 1639 2320 27.
1658 2283 1692 2312 ὃ(
1711 2282 1822 2312 Annal.
1842 2283 1914 2311 xm
1928 2304 1936 2316 ‚
1960 2291 2007 2318 39.

646 2323 827 2353 monuimus
844 2322 931 2359 supr&
955 2331 1019 2359 cap.
1049 2331 1097 2349 20.
1399 2327 1411 2346 7
1432 2323 1465 2351 ΙΝ
1489 2333 1604 2352 MODUM
1626 2326 1757 2355 popm-13]
1785 2320 1959 2358 Quomodo
1983 2320 2028 2350 ᾖξε

686 2366 701 2385 4
722 2363 799 2392 Plias
822 2364 1035 2393 cAsTRoRUM]
1056 2359 1158 2389 Castra
1177 2359 1230 2389 illa
1251 2359 1320 2390 sunt
1359 2367 1455 2390 turres
1478 2360 1684 2394 struerentur,
1703 2360 1838 2398 indeque
1852 2369 1931 2398 pons
1952 2370 2027 2397 pro-

643 2404 757 2432 Vetera
767 2423 776 2437 ,
789 2401 838 2431 seu
854 2402 965 2431 Vetera
978 2399 1068 2429 castra
1078 2423 1085 2435 ‚
1100 2409 1183 2428 nunc
1192 2398 1299 2427 Samen
1310 2423 1318 2435 ‚
1358 2398 1488 2429 ferretur
1502 2423 1510 2435 ,
1527 2410 1564 2429 ex
1578 2399 1710 2437 Vegetio
1723 2399 1905 2429 docebimus
1918 2399 1949 2427 in
1963 2399 2028 2428 No·-

644 2449 678 2472 ut
699 2442 762 2480 jam
789 2440 904 2471 dietum
931 2448 997 2476 cap.
1031 2440 1078 2470 18.
1106 2438 1148 2469 Ea
1169 2437 1318 2477 Augustus
1358 2437 1396 2470 tis
1417 2440 1450 2471 &c
1465 2438 1746 2469 Emendationibus
1765 2439 1802 2469 ad
1812 2438 1885 2468 Hist.
1901 2440 1963 2476 IV,
1977 2447 2027 2475 23.

2063 851 2112 878 10

2063 1160 2110 1200 15

2057 1475 2112 1503 20

2058 1792 2109 1831 25
