2209 3047
632 180 715 215 282
897 173 944 213 C.
1011 171 1397 215 CORNELII
1459 171 1732 215 TACITI

492 280 605 311 --†.'
626 267 702 294 »ut
723 267 862 294 omnes
882 251 1005 308 legati
1025 252 1139 295 vestri
1167 261 1176 277 ¹
1194 284 1207 305 ‚
1236 267 1303 295 aut
1323 251 1496 292 militum
1514 252 1695 293 manibus
1711 282 1724 303 ,
1749 266 1814 294 aut
1832 256 2000 298 hostium

492 305 603 387 ‘⁴3¹3ss3*
626 335 648 354 »
660 316 892 357 ceciderint.
911 317 997 367 Ite,
1018 319 1197 359 nuntiate
1217 315 1483 372 Vespafiano,
1502 315 1594 366 vel,
1618 316 1725 370 quod
1744 319 1905 372 propius
1924 321 2001 369 est,

512 373 582 426 rc..
626 378 784 420 »Civili
811 383 850 420 &
874 379 1044 422 Clasfico
1062 411 1073 432 ,
1100 380 1279 421 relictum
1305 394 1327 419 a
1349 377 1462 419 vobis
1485 380 1526 419 in
1548 380 1633 420 acie
1654 379 1819 419 ducem:
1841 382 2003 421 venient

517 459 570 487 70.
626 441 865 497 >›legiones,
901 458 983 497 quae
1016 458 1145 498 neque
1180 457 1243 483 me
1275 440 1447 483 inultum
1468 471 1482 493 ,
1517 457 1647 497 neque
1677 457 1750 483 vos
1785 444 2003 499 impunitos

625 507 857 562 »patiantur
876 523 897 542 »
909 537 918 546 .
2059 520 2081 559 5

688 567 964 609 LXXVIII.
998 571 1132 610 VERA
1163 581 1293 608 erant:
1323 572 1364 609 ἃ
1394 584 1417 610 a
1449 567 1616 608 tribunis
1652 568 1918 624 praefefflsque
1945 583 2004 610 ea-

623 632 714 672 dem
750 631 1045 686 ingerebantur.
1086 631 1312 672 Confistunt
1335 646 1404 687 per
1432 632 1650 681 cohortes,
1678 636 1719 672 &
1746 630 1997 687 manipulos:

623 709 752 748 neque
780 696 886 734 enim
909 706 1066 750 poterat
1102 694 1304 750 patescere
1330 695 1435 735 acies
1451 724 1463 744 ‚
1493 694 1620 734 effuso
1640 695 1749 735 hoste
1765 724 1777 745 ‚
1799 698 1840 735 ὅ(
1870 696 2002 750 impe-

623 756 823 798 dientibus
845 758 1027 797 tentoriis
1049 757 1287 811 sarcinisque
1302 786 1314 807 ‚
1335 759 1427 798 cum
1452 759 1554 797 intra
1574 756 1725 798 vallum
1748 770 2004 813 pugnaretur.

621 820 779 869 Tutor,
808 824 849 860 ὃς
876 819 1095 870 Clafficus,
1127 824 1166 860 &
1193 819 1362 870 Civilis,
1397 820 1474 860 suis
1508 820 1672 874 quisque
1700 820 1801 861 locis
1827 835 2002 876 pugnam
2035 834 2085 861 10

621 883 803 924 ciebant:
832 881 974 923 Gallos
1005 900 1027 919 α
1059 897 1131 938 pro
1159 882 1341 923 libertate
1368 900 1412 933 22,
1448 883 1620 923 Batavos
1650 900 1672 920 (ε
1703 898 1776 938 pro
1803 881 1930 937 gloria
1957 901 2002 934 n,

623 947 847 986 Germanos
871 961 892 981 «
917 945 967 985 ad
992 946 1162 1001 praedam
1184 962 1206 982 2>
1233 945 1474 1000 instigantes.
1496 945 1549 985 Et
1571 947 1712 986 euntia
1732 960 1804 1001 pro
1827 945 2003 987 hostibus

619 1022 751 1049 erant:
778 1008 911 1048 donec
938 1006 1048 1063 legio
1073 1008 1406 1058 unaetvicefima‚
1430 1009 1653 1064 patentiore
1669 1037 1681 1058 ,
1704 1007 1820 1062 quam
1841 1022 2003 1059 ceterae,

618 1071 748 1126 spatio
777 1069 1021 1124 conglobata
1037 1100 1049 1121 ‚
1072 1071 1252 1110 sustinuit
1283 1084 1443 1111 ruentes
1458 1100 1470 1121 ‚
1500 1085 1598 1111 mox
1617 1070 1790 1126 impulit.
1809 1072 1852 1112 N
1855 1087 1902 1112 ec
1921 1071 2002 1112 sine

615 1148 694 1188 ope
719 1131 880 1183 divina,
908 1135 1068 1174 mutatis
1105 1135 1269 1189 repente
1299 1135 1439 1175 animis
1456 1162 1468 1183 ‚
1501 1147 1614 1188 terga
1640 1136 1807 1175 victores
1832 1135 2000 1175 vertere.
2034 1143 2081 1182 15

617 1196 693 1252 Ipsi
723 1196 881 1237 territos
910 1196 949 1236 se
977 1198 1208 1238 cohortium
1235 1197 1393 1253 aspectu
1419 1196 1624 1247 ferebant,
1656 1212 1739 1251 quae
1764 1199 1895 1253 primo
1924 1199 2002 1238 im-

615 1272 712 1315 petu
739 1257 935 1310 disjectae,
962 1259 1123 1300 summis
1154 1260 1284 1300 rursus
1308 1258 1412 1315 jugis
1441 1260 1815 1315 congregabantur,
1842 1276 1889 1302 ac
1915 1260 2002 1316 spe-

616 1323 722 1362 ciem
739 1323 835 1361 novi
864 1321 1003 1362 auxilii
1033 1323 1224 1363 fecerant.
1250 1324 1330 1363 Sed
1360 1322 1510 1363 obstitit
1546 1323 1802 1365 vincentibus
1833 1338 1999 1379 pravum

595 1385 720 1425 inter
748 1383 853 1440 ipsos
883 1398 1110 1435 certamen,
1139 1387 1248 1426 hoste
1276 1386 1444 1435 omiffo,
1472 1385 1598 1441 spolia
1623 1387 1888 1427 consecrandi.
1917 1386 1998 1426 Ce-

614 1446 720 1488 rialis
735 1477 747 1496 ‚
775 1460 820 1487 ut
843 1446 996 1488 incuria
1018 1448 1144 1504 prope
1170 1463 1254 1489 rem
1284 1449 1464 1498 adflixit,
1493 1450 1549 1488 ita
1571 1448 1790 1490 constantia
1812 1450 1997 1489 restituit:
2026 1457 2080 1484 20

613 1509 850 1564 secutusque
880 1511 1110 1563 fortunam,
1144 1512 1264 1552 castra
1299 1512 1471 1552 hostium
1500 1512 1644 1553 eodem
1685 1512 1749 1552 die
1786 1513 1893 1567 capit
1930 1526 1999 1552 ex-

615 1572 841 1626 scinditque
869 1578 898 1614 ².

674 1635 898 1676 LXXIX.
933 1637 1039 1677 NEC
1068 1637 1110 1676 in
1136 1635 1306 1692 longum
1331 1637 1440 1691 quies
1461 1635 1581 1677 militi
1602 1636 1705 1678 data.
1729 1636 1911 1677 Orabant
1931 1652 1998 1678 au-

612 1697 755 1738 xilium
779 1699 1117 1754 Agrippinenses3
1146 1700 1447 1753 offerebantque
1469 1714 1639 1740 uxorem
1663 1715 1708 1740 ac
1727 1700 1903 1740 sororem
1927 1700 1998 1740 Ci-

612 1760 730 1811 vilis,
762 1766 801 1802 &
829 1761 951 1802 filiam
971 1762 1154 1814 Claffici,
1181 1763 1316 1804 relicta
1344 1762 1413 1803 fibi
1440 1764 1608 1818 pignora
1632 1763 1845 1804 societatis.
1861 1763 1995 1816 Atque
2024 1773 2076 1812 25

612 1825 772 1864 interim
798 1824 993 1881 dispersos
1018 1827 1057 1865 in
1085 1825 1269 1867 domibus
1295 1827 1520 1867 Germanos
1545 1826 1854 1867 trucidaverant.
1878 1826 1996 1867 Unde

612 1901 741 1929 metus
756 1918 767 1938 ‚
795 1892 833 1928 ὅ(
851 1886 954 1940 justae
971 1903 1108 1944 preces
1132 1891 1410 1931 invocantium
1428 1919 1441 1940 ,
1468 1902 1680 1943 antequam
1705 1890 1860 1940 hostes,
1881 1903 1996 1944 repa-

611 1951 704 1991 ratis
724 1950 873 1992 viribus
887 1982 899 2001 ‚
928 1952 977 1993 ad
1000 1951 1108 2007 spem
1121 1982 1134 2003 ,
1158 1952 1225 1993 vel
1243 1953 1292 1993 ad
1314 1952 1510 1993 ultionem
1532 1954 1849 2008 accingerentur.
1869 1954 1913 1993 N
1917 1967 1994 1993 am-

613 2027 688 2066 que
714 2018 754 2054 &
780 2009 923 2056 Civilis
941 2014 1040 2056 illuc
1065 2016 1291 2057 intenderat
1306 2045 1320 2068 ,
1347 2031 1430 2056 non
1451 2015 1675 2066 invalidus,
1701 2014 1994 2071 flagrantiffimii

653 2184 662 2198 ¹
688 2180 811 2210 Lar-‚Arx
836 2181 1284 2217 vnsra1]H0rde0niusF1ac-
1325 2191 1398 2222 745.
1427 2182 1628 2214 Rebelliones
1651 2181 1824 2212 Germania:
1859 2181 1990 2212 Cerialis

610 2229 663 2249 cus
687 2220 720 2250 ὅ(
738 2221 859 2251 Vocula
882 2220 1018 2250 militum
1034 2222 1176 2252 manibus
1189 2244 1197 2256 ‚
1212 2223 1281 2252 Nu—
1322 2222 1529 2260 compescuit,
1540 2220 1643 2251 multis
1656 2221 1771 2260 proeliis
1785 2220 1992 2251 faetisttanta-

610 2258 714 2288 misius
736 2259 770 2290 ὅ(
788 2260 962 2289 Herennius
985 2260 1117 2290 hostium
1131 2260 1281 2291 cecidere.
1323 2271 1383 2300 que
1397 2262 1429 2291 in
1442 2272 1506 2292 uno
1517 2272 1555 2292 ex
1573 2261 1619 2291 his
1630 2260 1745 2298 proeliis
1753 2259 1921 2290 multitudo
1932 2261 1993 2290 Ro-

650 2300 661 2314 ²
685 2299 785 2329 Cam-r
808 2301 1065 2336 Exscmmrourz]
1100 2301 1180 2330 Cum
1203 2311 1280 2339 pons
1320 2311 1485 2331 manorum
1509 2302 1774 2337 barbarorumque
1795 2299 1866 2328 caesa
1881 2299 1939 2334 est,
1954 2306 1989 2329 ut

609 2345 857 2375 recuperaretur,
873 2338 963 2368 castra
981 2338 1113 2369 hostium
1134 2349 1278 2377 caperen-
1320 2349 1515 2370 mortuorum
1524 2340 1672 2370 cadavera
1685 2337 1915 2375 praeterfluentis
1926 2348 1991 2367 am-

608 2383 657 2406 tur
672 2377 705 2407 &
721 2376 990 2409 exscinderentur,
1007 2385 1081 2407 tunc
1097 2377 1173 2408 faeta
1188 2378 1279 2408 vide·
1319 2379 1365 2408 nis
1373 2379 1489 2408 cursum
1499 2377 1692 2409 retinuerint.
1701 2377 1762 2408 Ω“’ςε
1772 2377 1811 2405 τεν
1821 2377 1986 2415 παζφῤῥέονἼοι

608 2423 655 2446 tur
676 2416 773 2447 caedes
790 2438 800 2453 ‚
827 2417 866 2449 de
898 2416 957 2456 qua
979 2416 1042 2447 Dio
1066 2418 1178 2449 LXVI·
1206 2427 1277 2458 pag·
1317 2420 1429 2456 ποταμὲ,
1442 2419 1489 2448 ὀπὶ
1507 2421 1552 2447 τῶν
1565 2417 1726 2447 πεπἾωκᾶτ-ων
1745 2419 1908 2456 ἐπιχεθῆναι.
