2230 3047
663 201 715 238 16
923 195 971 235 C.
1033 194 1447 237 CORNELII
1503 193 1806 239 TACITI

511 291 627 313 Ξ
653 274 831 319 Othonis
871 290 916 316 ac
945 276 994 316 T.
1024 277 1136 318 Vinii
1176 278 1351 318 amicitia
1378 292 1389 325 ;
1431 281 1471 318 ὅ(
1498 276 1722 317 rumoribus
1750 276 1853 318 nihil
1874 276 2032 320 silentio

510 331 540 355 A.
552 332 580 354 U.
593 331 625 355 C.

531 375 601 404 822.

537 432 560 456 J.
571 433 598 454 C.

541 476 594 509 69.

651 339 1003 381 transmittentium
1021 342 1032 390 (
1049 342 1138 394 quia
1153 340 1272 381 vidua
1288 342 1412 382 Vinio
1426 339 1507 380 filia
1524 345 1533 362 ¹
1550 369 1563 390 ,
1587 338 1727 381 caelebs
1746 340 1861 381 Otho
1877 344 1888 391 )
1910 355 2033 395 gener

653 419 698 444 ac
724 402 836 443 socer
856 401 1160 444 destinabantur.
1184 403 1318 444 Credo
1350 408 1390 445 ὅ(
1413 402 1641 459 reipublicae
1662 418 1798 444 curam
1824 403 1964 444 subiffe
1989 408 2003 424 ²
2018 433 2034 454 ‚

652 466 789 506 frustra
799 467 993 507 aNerone
1002 468 1191 507 transsatae
1200 497 1212 517 ,
1226 467 1252 505 si
1266 467 1370 522 apud
1380 464 1897 520 Othonemrelinqueretur.
1911 468 1953 507 N
1957 481 2035 507 am-

654 544 731 583 que
741 530 856 570 Otho
865 531 1074 584 pueritiam
1092 530 1291 570 incuriose
1300 558 1312 579 ,
1324 529 1633 571 adolescentiam
1644 528 1870 585 petulanter
1879 543 2033 584 egerat;

654 605 786 646 gratus
812 593 971 633 Neroni
995 592 1246 633 :emulatione
1270 591 1409 634 luxfis:
1436 592 1565 646 eo'que
1589 591 1669 644 jam
1689 593 1900 649 Poppaeam
1922 592 2034 633 Sabi-

655 670 747 696 nam
774 660 819 705 ³,
847 655 1072 711 Principale
1101 656 1303 706 scortum,
1333 669 1377 697 ut
1403 656 1508 711 apud
1542 656 1751 696 conscium
1782 655 1994 696 libidinum
2020 684 2034 706 ‚

655 718 891 774 deposuerat
906 748 919 768 ,
941 718 1072 759 donec
1096 720 1306 759 Octaviam
1330 733 1496 759 uxorem
1518 722 1536 747 4
1560 717 1813 759 amoliretur:
1839 733 1936 758 mox
1955 718 2036 758 sus-

654 783 812 838 pectum
841 783 881 821 iii
910 778 1046 822 eadem
1077 780 1270 838 Poppaea,
1299 783 1339 821 in
1365 781 1614 838 provinciam
1648 781 1918 831 Lusitaniam,
1946 782 2034 837 spe-

654 847 718 886 cie
750 844 989 899 legationis,
1024 844 1197 901 seposuit
1225 849 1251 883 5.
1282 846 1424 895 Otho,
1460 845 1629 885 comiter
1659 843 1923 885 administrata
1950 859 2038 900 pro-

657 906 792 949 vincia
807 937 817 955 ‚
844 908 991 963 primus
1015 908 1055 947 in
1075 922 1203 964 partes
1227 907 1479 962 transgressus
1504 906 1521 929 ⁶
1536 937 1549 957 ,
1570 921 1645 948 nec
1667 907 1795 962 segnis
1809 937 1822 958 ,
1844 911 1884 948 &
1906 907 2038 948 donec

657 970 808 1012 bellum
831 971 932 1020 fuit,
961 972 1063 1011 inter
1095 971 1299 1027 proesentes
1326 970 1681 1027 splendidissimus,
1712 970 1821 1026 spem
1850 970 2037 1026 adoptio-

660 1036 747 1084 nis,
779 1035 905 1074 statim
934 1047 1172 1090 conceptam
1190 1064 1203 1083 ,
1233 1035 1359 1074 acrius
1386 1035 1427 1074 in
1463 1033 1546 1074 dies
1579 1032 1779 1088 rapiebat:
1811 1032 2037 1074 faventibus

659 1097 854 1154 plerisque
879 1095 1079 1143 militum3
1106 1094 1231 1153 prona
1256 1099 1296 1136 in
1321 1112 1410 1137 eum
1442 1094 1530 1137 aula
1557 1098 1759 1146 Neronis,
1792 1110 1836 1137 ut
1858 1095 2036 1136 similem.

720 1159 849 1200 XIV.
882 1161 974 1200 SED
1010 1158 1170 1210 Galba,
1209 1161 1292 1216 post
1332 1161 1492 1200 nuntios
1517 1160 1765 1200 Germanica:
1799 1159 2004 1200 seditionis
2024 1188 2038 1210 ,

661 1237 897 1279 quamquam
921 1222 1021 1262 nihil
1047 1223 1177 1264 adhuc
1206 1223 1254 1263 de
1282 1221 1453 1264 Vitellio
1484 1228 1497 1250 ⁷
1531 1236 1682 1263 certum
1699 1251 1711 1272 ,
1745 1224 1909 1273 anxius,
1936 1222 2039 1276 quo-

660 1301 752 1328 nam
781 1286 1030 1328 exercituum
1059 1287 1117 1326 vis
1143 1300 1395 1341 erumperet,
1436 1301 1485 1327 ne
1516 1285 1680 1327 Urbano
1720 1285 1880 1339 quidem
1919 1284 2039 1326 militi

663 1349 834 1391 confisus
849 1378 861 1399 ,
888 1349 995 1402 quod
1016 1349 1236 1390 remedium
1258 1350 1420 1390 unicum
1443 1348 1601 1389 rebatur
1616 1379 1629 1399 ,
1664 1349 1827 1389 comitia
1852 1350 2008 1404 imperii
2024 1345 2038 1371 ⁸

662 1412 852 1466 transigit.
874 1411 1177 1466 Adhibitoque,
1203 1413 1318 1468 super
1340 1413 1506 1453 Vinium
1522 1441 1535 1462 ,
1568 1427 1614 1452 ac
1636 1413 1870 1462 Laconem,
1903 1412 2039 1452 Mario

664 1474 786 1516 Celso
808 1479 847 1525 9,
878 1473 1043 1516 consule
1071 1476 1274 1530 designato
1290 1504 1301 1525 ,
1326 1491 1372 1516 ac
1398 1476 1616 1515 Ducennio
1648 1476 1825 1516 Gemino
1846 1480 1879 1498 ¹0
1895 1505 1908 1525 ,
1943 1490 2039 1530 pra:-

665 1539 769 1578 feSm
792 1537 934 1589 Urbis,
965 1553 1090 1593 pauca
1116 1539 1295 1593 praefatus
1319 1556 1339 1574 <c
1359 1538 1407 1579 de
1431 1536 1497 1577 sua
1520 1537 1744 1588 seneaute,
1766 1538 1951 1579 Pisonem
1971 1538 2042 1578 Li-

665 1602 901 1642 »cinianum
918 1601 1051 1642 arcessi
1066 1619 1085 1639 >2
1106 1599 1218 1653 jubet
1239 1607 1267 1624 ¹¹
1286 1618 1293 1640 :
1314 1601 1380 1642 seu
1402 1599 1559 1657 propria
1587 1600 1783 1642 electione
1800 1605 1854 1651 ¹²,
1872 1601 1948 1642 sive
1964 1630 1977 1652 ,
1998 1613 2044 1642 ut

708 1705 716 1719 ¹
738 1702 843 1731 VIDUA
869 1711 950 1731 FILIA
972 1704 983 1734 ]
1012 1701 1078 1730 Jam
1110 1707 1280 1731 memorata
1302 1699 1334 1729 in

667 1740 888 1778 Supplemento
911 1739 1023 1768 Annal.
1047 1741 1137 1774 XVI,
1153 1750 1205 1777 97.

708 1783 717 1795 ²
741 1780 892 1815 Sumssiz]
912 1780 949 1807 In
966 1778 1105 1808 animum
1118 1779 1224 1808 Galbae
1243 1777 1335 1807 subiit

669 1818 849 1856 reipublicae
864 1827 935 1847 cura
947 1839 955 1853 ,
971 1827 1063 1855 quam
1082 1828 1098 1847 a
1111 1819 1238 1848 Nerone
1260 1816 1336 1846 frus-

669 1866 715 1888 tra
733 1857 923 1887 transtulerat
935 1879 945 1894 ‚
968 1856 990 1887 si
1012 1857 1092 1896 apud
1110 1856 1271 1888 Othonem
1284 1866 1335 1886 re-

670 1897 870 1935 linqueretur.

711 1942 719 1961 3
746 1937 899 1965 PoppfflAM
922 1935 1089 1971 simmia]
1111 1935 1158 1964 Dc
1170 1933 1230 1974 qua
1252 1934 1336 1973 plura

669 1975 730 2014 jam
755 1974 834 2005 dicta
857 1974 925 2004 sunt
948 1975 1059 2004 Annal.
1078 1975 1169 2009 XIII,
1199 1983 1248 2011 45.
1275 1974 1337 2002 Cui·

670 2022 772 2044 autem
807 2013 866 2045 alia
900 2013 937 2043 de
975 2013 1110 2044 Othonis
1137 2023 1174 2044 ac
1202 2014 1338 2051 Poppaeae

670 2063 776 2084 amore
794 2052 839 2083 ibi
858 2052 1031 2091 prodiderit
1044 2076 1052 2088 ‚
1078 2052 1273 2091 probabilem
1285 2075 1293 2087 ‚
1306 2059 1339 2082 ut

672 2092 807 2161 opainoon
832 2092 950 2122 causam
969 2091 1028 2121 hoc
1046 2091 1078 2121 in
1098 2090 1300 2168 Ξοῗῖᾳάεῐὲιίὶ.
1319 2129 1328 2159 l

720 2146 722 2148 ’
776 2142 924 2162 ετΛνιΑΜ
948 2141 1081 2161 vitoni-:M
1164 2141 1173 2160 i
1199 2141 1215 2161 e
1256 2140 1339 2160 nna.

671 2172 744 2203 XIV
755 2194 763 2205 ,
782 2179 817 2209 59
831 2170 863 2201 8<
876 2174 926 2200 60.

714 2215 722 2237 5
747 2211 921 2246 Sssposuir]
944 2210 981 2239 Et
1000 2207 1166 2238 Lusitaniae
1186 2207 1339 2246 praefecit‚

674 2257 709 2280 ut
725 2249 839 2279 dietum
856 2248 942 2286 supra
957 2248 1066 2278 Annal.
1084 2249 1155 2277 Xlll
1167 2271 1174 2281 ,
1192 2251 1242 2284 46.

713 2290 726 2307 ⁶
750 2289 781 2317 lu
813 2298 926 2317 PARTES
961 2288 1228 2323 TRANSGRFSSUS]
1262 2286 1340 2318 Vide

675 2327 930 2365 Supplementum
948 2326 1060 2356 Annal.
1089 2327 1183 2359 XVI,
1208 2335 1259 2362 77.

716 2372 728 2392 7
751 2367 797 2395 ΒΕ
820 2368 1000 2399 Via-Euro]
1031 2364 1189 2395 Inferiorit
1211 2365 1341 2396 Germa-

676 2405 734 2439 niae
760 2406 882 2443 legat03
899 2405 983 2442 supra
1000 2414 1065 2443 cap.
1081 2416 1111 2441 9.

715 2444 727 2465 8
752 2446 896 2477 COMITm
919 2448 1067 2479 intexui]
1093 2443 1220 2476 Privatae
1244 2445 1343 2483 adop-

1375 1699 1477 1730 tiones
1498 1699 1633 1730 comitiis
1656 1700 1736 1739 apud
1754 1698 1918 1740 pontifices
1936 1698 2045 1729 transi-

1375 1740 1536 1778 gebantur.
1557 1741 1597 1769 At
1612 1740 1729 1777 Galba,
1753 1747 1787 1770 ut
1807 1739 1906 1769 filium
1926 1739 1961 1769 ὃς
1983 1740 2045 1768 Im-

1376 1786 1551 1817 peratorem
1571 1778 1700 1817 adoptet
1714 1803 1722 1815 ‚
1735 1778 1864 1809 comitia
1877 1777 1998 1817 imperii
2011 1777 2045 1808 in

1377 1817 1475 1848 castris
1490 1817 1680 1855 praetorianis
1695 1817 1842 1856 transigit.

1417 1862 1428 1880 9
1452 1857 1561 1887 MARIO
1585 1858 1713 1891 CELSO]
1737 1857 1825 1886 Olim
1844 1855 2046 1896 XVlegionis

1378 1895 1490 1935 legato.
1511 1897 1606 1935 Supra
1621 1896 1731 1926 Annal.
1745 1898 1819 1931 XV,
1838 1905 1888 1933 25.

1418 1940 1444 1954 ¹0
1468 1936 1596 1965 Gssmmo
1613 1939 1623 1969 ]
1640 1936 1687 1966 De
1704 1946 1767 1974 quo
1778 1934 1892 1964 Annal.
1905 1936 1980 1970 XV,
2000 1936 2047 1964 18.

1419 1980 1442 1993 ¹¹
1468 1976 1598 2005 Aaccssi
1613 1986 1705 2006 iunisr
1718 1980 1727 2009 ]
1741 1977 1871 2005 Sueton.
1887 1974 1919 2003 in
1935 1973 2046 2010 Galba,

1378 2014 1473 2044 XVil.
1498 2015 1538 2046 Ut
1559 2014 1699 2044 nuntiata
1723 2014 1762 2044 est
1784 2012 1947 2052 superioris
1971 2013 2048 2043 Ger-

1378 2052 1487 2083 maniae
1508 2053 1660 2084 exercitiis
1675 2052 1808 2083 defeet10
1823 2076 1831 2089 ‚
1854 2050 1982 2090 despeciui
2001 2051 2050 2091 effe

1379 2102 1430 2120 non
1455 2100 1509 2120 tam
1520 2092 1655 2130 senefiam
1670 2093 1774 2131 suam,
1804 2093 1881 2129 qua'm
1905 2090 2048 2120 orbitatem

1379 2140 1457 2159 ratus
1469 2155 1477 2166 ‚
1489 2131 1612 2170 Pifiinem
1624 2131 1709 2171 Frugi
1719 2131 1899 2160 Licinianum
1913 2154 1921 2166 ‚
1934 2129 2050 2159 nobilem

1379 2170 1565 2209 egregiumque
1576 2172 1701 2208 juvenem
1714 2195 1723 2207 ,
1739 2181 1772 2199 ac
1786 2169 1842 2209 fibi
1863 2169 1922 2198 olim
1945 2169 2049 2205 prolia-

1379 2209 1519 2248 tiffimum,
1537 2210 1740 2249 testamentoque
1752 2210 1857 2248 semper
1872 2209 1899 2237 in
1926 2208 1995 2237 bona
2019 2207 2051 2237 ὓ*

1379 2259 1473 2277 numen
1496 2248 1625 2287 adfi‘i'tum
1638 2272 1646 2285 ,
1668 2251 1775 2285 repente*
1789 2259 1802 2277 e
1822 2247 1910 2277 medici*
1919 2247 2050 2286 fizlutatz-

1381 2288 1447 2316 rium
1467 2288 1545 2317 turha
1571 2288 1743 2324 apprehendit
1764 2298 1775 2322 ;
1793 2287 1935 2326 filiumque
1958 2285 2050 2323 appel-

1381 2326 1444 2355 lans
1456 2351 1464 2364 ‚
1484 2327 1614 2363 perduxit
1631 2327 1659 2356 in
1678 2327 1782 2367 castra,
1799 2337 1832 2356 ac
1851 2337 1899 2364 pro
1922 2326 2051 2356 concione

1382 2365 1532 2402 adoptavit.

1424 2409 1448 2424 ¹²
1473 2407 1611 2436 Paopnm
1635 2407 1837 2442 affictione]
1865 2405 1965 2435 Favet
1984 2404 2053 2435 Plu-

1384 2445 1503 2477 tarchus
1524 2445 1557 2476 in
1577 2446 1695 2484 Galba,
1713 2455 1780 2486 pag.
1803 2449 1859 2476 106
1865 2454 1891 2482 ς.

1892 2486 2054 2542 quidam

2071 855 2122 885 10

2071 1481 2128 1509 20
