2209 3047
356 161 436 202 AD
468 160 694 203 LIBRUM
721 162 773 204 V.
797 161 942 203 HIST.
964 162 1011 203 C.
1039 163 1219 206 CORN.
1249 164 1460 206 TACITI.
1539 180 1589 218 53
1599 182 1624 216 9

283 240 479 277 Vocrmm
512 243 528 286 ]
560 239 641 275 1³0st
664 242 801 276 vocitari
830 250 1015 289 perperam
1041 239 1178 276 addunt
1200 241 1275 278 ΜΠ.
1299 241 1402 277 Harl.
1425 241 1532 279 Eodl.
1557 243 1625 280 Jes.

231 290 352 326 Guelf.
379 294 411 326 ὃς
438 290 680 333 Puteolanus,
704 291 792 338 qucifi
815 293 915 327 Meos.
942 289 1057 336 Quod
1081 290 1117 326 in
1136 290 1299 328 editione
1324 292 1488 342 principe
1508 297 1542 330 ὃς
1569 307 1626 331 re-

230 341 455 378 centioribus
482 342 573 377 recle
602 341 777 378 omilium.

284 393 570 428 Hrssssosommo
602 404 649 428 Ac
677 391 782 428 JUDA
801 397 818 438 ]
839 392 939 428 Fieto
958 390 1228 439 Hierosolymi‚
1247 406 1336 429 vero
1355 393 1455 430 Judae
1475 394 1625 432 nomine

231 442 330 480 abusi
346 443 427 478 sunt
447 442 613 491 AEgyptii
627 469 635 484 ,
662 453 701 478 ut
725 444 813 492 AEg)
824 443 980 492 ptiacam
1001 441 1207 479 Judaeorum
1227 443 1406 493 originem
1428 444 1626 484 affererent.

411 533 509 589 De
527 534 867 609 AEgypticzcd
891 532 1197 588 chclceorum
1229 535 1443 610 origine.

283 647 464 683 AEGYPTH
488 673 497 689 ,
524 645 718 694 splendore
742 645 909 694 imperii,
937 646 1065 682 artium
1091 644 1366 682 inventionibus
1389 673 1398 688 ,
1436 648 1628 685 maximam

229 697 390 734 nominis
414 696 466 733 sui
489 696 618 732 famam
645 696 858 733 excitavere.
883 695 966 732 Hac
991 696 1109 746 gloria
1130 695 1272 745 superbi
1296 696 1329 731 se
1352 695 1486 744 primos
1508 698 1627 734 horni-

229 760 317 783 num
344 746 411 782 esse
435 746 730 790 contendebant,
758 758 798 783 ut
817 745 988 782 testantur
1011 747 1201 783 Diodorus
1228 745 1369 782 Siculus
1392 745 1434 789 I,
1465 759 1520 781 10.
1545 761 1627 797 pag.

230 798 266 833 6.
288 795 422 846 aliique
446 796 603 845 plurimi.
629 797 719 834 Inde
745 797 780 834 se
807 796 1015 833 Judaeorum
1036 797 1288 847 progenitores
1310 796 1443 833 dixere.
1461 795 1629 834 Recentis

228 846 410 884 mendacii
434 847 632 884 vanitatem
655 847 783 897 retegit
816 859 956 883 novum
990 847 1241 896 Hierosolymi
1271 859 1406 883 nomen
1425 878 1432 889 ‚
1462 859 1530 883 nec
1565 848 1629 884 nisi

228 897 390 934 conditis
399 896 668 946 Hierosolymis
683 908 861 946 repertum
873 911 882 933 :
892 897 1139 947 ipsequeJuda
1150 897 1247 933 Ifidis
1261 910 1373 947 regno
1385 926 1394 941 ,
1408 896 1465 934 vel
1480 896 1628 942 fabulis,

228 947 378 984 minime
395 947 555 998 aequalis.
572 947 701 998 Neque
718 960 888 997 umquam
901 976 909 990 ‚
928 960 966 984 ut
990 948 1106 998 gentis
1131 949 1200 984 suae
1225 947 1457 984 conditorem
1471 976 1480 991 ,
1500 947 1628 984 Judam

226 998 375 1034 coluere
403 997 520 1034 Judaei
538 1025 547 1040 ‚
579 998 681 1048 quod
705 998 814 1034 tradit
837 997 990 1035 Justinus
1014 998 1194 1043 XXXVI,
1225 1012 1259 1035 2.
1291 998 1541 1048 Antiquissima
1564 1011 1629 1034 au-

226 1057 300 1085 tem
326 1048 396 1084 fuit
418 1047 676 1098 AEgyptiorum
701 1063 811 1099 gens,
845 1052 879 1085 &
900 1049 938 1084 in
964 1049 1268 1098 opulentissimum
1292 1049 1482 1096 imperium
1506 1048 1630 1084 adsur-

226 1109 366 1135 rexerat
380 1126 390 1142 ‚
413 1098 496 1135 cum
518 1112 571 1135 res
593 1099 801 1137 Judaeorum
823 1099 943 1135 adhuc
962 1099 1071 1136 effent
1092 1100 1311 1136 tenuiffimae.
1328 1098 1492 1149 AEgyptii
1509 1109 1630 1136 tamen

228 1148 382 1192 Judaeis,
405 1149 500 1186 Semi
515 1149 665 1198 posteris
677 1178 685 1193 ‚
703 1150 845 1199 origine
860 1149 1076 1198 posteriores
1092 1164 1099 1186 :
1115 1149 1373 1199 AEgyptiorum
1387 1150 1483 1186 enim
1502 1162 1628 1198 parens

226 1198 395 1235 Mesraim
411 1229 419 1239 ,
443 1199 620 1237 secundus
650 1200 780 1236 Chami
801 1199 918 1243 filius;
941 1200 1038 1236 unde
1062 1200 1157 1249 apud
1175 1200 1381 1237 Orientales
1402 1199 1563 1249 populos
1577 1200 1629 1250 ip-

226 1248 356 1298 sosque
383 1248 578 1299 AEgyptios
611 1254 645 1286 ὅς
676 1250 816 1299 Coptas
852 1250 1065 1300 pervulgata
1087 1250 1239 1300 AEgypti
1268 1250 1419 1288 nomina
1446 1278 1455 1294 ‚
1494 1251 1629 1298 Mesra,

227 1301 382 1346 Mesraim
399 1327 409 1342 ,
439 1304 472 1336 &
493 1303 635 1336 Clzemia.
662 1300 756 1337 Vide
783 1300 965 1337 eruditum
988 1301 1181 1338 Kirkerum
1198 1327 1208 1343 ,
1237 1302 1368 1348 OEdipus
1386 1302 1600 1349 AEgyptiacus
1615 1327 1628 1345 ‚

225 1347 338 1385 Tom.
364 1348 393 1384 Ι.
420 1362 502 1399 pag.
532 1363 569 1386 2.
595 1353 629 1385 &
655 1350 752 1399 seqq.

224 1447 246 1486 f
278 1400 512 1485 (JIETHsrtoPUM
541 1411 700 1436 PROLEM
730 1403 747 1445 ]
777 1399 1003 1448 AEthiopicae
1026 1399 1130 1448 hujus
1161 1399 1314 1450 originis
1340 1400 1460 1438 causas
1491 1399 1630 1450 aperire

243 1460 298 1486 aci
314 1462 334 1487 e
355 1461 374 1486 e
407 1476 415 1484 .

407 1537 507 1593 De
535 1536 860 1615 AEtlziopicd
879 1537 1187 1595 Iudaeorum
1228 1539 1446 1617 origine.

277 1649 492 1687 AETHIOPES
515 1663 632 1687 rerum
658 1650 749 1687 olim
772 1651 884 1700 potiti
906 1651 987 1688 sunt
1002 1678 1010 1693 ,
1026 1652 1140 1702 iisque
1165 1651 1288 1688 serviit
1311 1653 1515 1701 AEgyptus:
1543 1652 1627 1690 illos

224 1713 373 1750 quoque
398 1702 499 1750 Syriae
521 1702 710 1748 impericqffe
728 1730 738 1745 ‚
771 1715 864 1738 aetate
890 1706 973 1748 regis
1000 1705 1113 1749 Cephei
1146 1702 1256 1738 tradit
1288 1702 1424 1738 Plinius
1454 1703 1529 1747 Vl,
1564 1716 1626 1751 29.

224 1751 395 1788 Victoriis
420 1751 530 1795 elati,
564 1751 599 1788 se
623 1752 806 1801 AEgyptiis
827 1752 1039 1789 vetustiores
1058 1753 1124 1789 esse
1149 1753 1291 1801 professi
1317 1752 1421 1788 sunt:
1444 1752 1545 1802 quod
1563 1766 1628 1789 na-

222 1801 331 1838 turali
350 1801 457 1838 etiam
484 1801 625 1838 ratione
651 1802 926 1839 confirmabant.
949 1802 1044 1839 Nam
1065 1803 1346 1839 Meridianarum
1364 1802 1551 1852 plagarum
1574 1804 1629 1839 in-

223 1851 319 1889 colae
335 1877 344 1892 ,
372 1851 435 1888 ubi
458 1853 594 1902 quanto
613 1852 732 1889 acrior
752 1853 838 1898 Sol,
868 1854 970 1890 tanto
990 1853 1182 1890 fecundior
1201 1882 1206 1891 ,
1234 1853 1268 1890 se
1288 1854 1424 1902 primos
1436 1850 1535 1891 ‘terra
1552 1854 1628 1890 edi-

223 1911 284 1939 tos
299 1928 310 1946 ‚
330 1907 558 1948 ἐζωογονῆσθαι,
583 1903 835 1953 gloriabantur
850 1932 859 1948 ‚
889 1903 974 1941 teste
998 1904 1171 1941 Diodoro
1194 1903 1318 1940 Siculo
1335 1933 1344 1947 ,
1372 1903 1453 1940 libr.
1480 1904 1559 1948 ΙΙΙ,
1585 1917 1626 1942 2.

223 1964 416 2039 plzitg.b143.
433 1952 525 1990 Ideo
550 1953 666 1991 Judaei
679 1981 689 1997 ‚
712 1964 753 1991 ut
767 1957 801 1992 δε
816 1954 926 1992 ceteri
952 1954 1085 2005 populi
1100 1983 1110 1999 ‚
1140 1954 1184 1990 ab
1199 1953 1438 2004 AEthiopibus
1455 1955 1628 2006 prognati

269 2016 309 2040 ce
339 2014 455 2041 antur.

280 2052 366 2089 Alia
388 2053 509 2090 adhuc
531 2064 630 2098 erat,
659 2057 693 2091 &
708 2056 821 2106 tnagis
843 2056 992 2105 propria
1014 2055 1119 2102 hujus
1142 2054 1294 2105 originis
1316 2055 1430 2091 causa.
1455 2055 1498 2092 In
1515 2055 1626 2091 Phoe-

225 2102 329 2140 nicio
351 2104 463 2148 mari,
492 2104 634 2154 Joppe,
662 2118 760 2142 nunc
785 2107 887 2153 Jafu,
916 2108 999 2142 urbs
1022 2106 1089 2142 fuit
1118 2105 1357 2153 antiquiffima
1373 2134 1381 2148 ,
1414 2105 1451 2141 in
1478 2106 1548 2155 quit
1572 2107 1625 2140 ob-

216 2155 339 2203 jeblam
363 2155 475 2190 belluae
504 2157 744 2192 Andromedam
760 2183 770 2198 ‚
804 2157 948 2206 Cephei
972 2156 1104 2198 filiam,
1139 2156 1321 2200 ferebant,
1347 2155 1438 2192 Plin.
1473 2157 1501 2192 V
1519 2182 1528 2197 ,
1562 2167 1622 2203 31.

223 2202 344 2240 Immo
368 2203 501 2248 Plinii,
536 2204 708 2254 Josephi‚
744 2219 786 2242 ac
819 2207 973 2256 proinde
1007 2206 1129 2242 Taciti
1161 2217 1287 2250 aetate,
1317 2206 1355 2242 in
1381 2206 1491 2248 saxo,
1522 2205 1625 2254 quod

223 2253 344 2303 Joppe
367 2254 447 2290 urbi
474 2257 711 2303 praejacebat,
739 2261 942 2293 vinculorum
972 2258 1183 2293 Andromedae
1214 2256 1350 2305 vestigia
1381 2255 1625 2292 ostendeban-

223 2314 308 2348 tur3
339 2305 599 2355 colebaturque
632 2308 701 2342 illic
725 2308 881 2355 sabulosa?¹
905 2321 994 2351 ceto,
1025 2307 1115 2344 Plin.
1145 2307 1175 2344 V
1196 2335 1207 2352 ,
1248 2319 1305 2353 13.
1331 2307 1422 2343 Vide
1457 2309 1490 2342 &
1521 2305 1626 2342 Jose-

227 2355 363 2404 phum,
392 2356 483 2393 Bell.
506 2356 587 2394 Jud.
611 2356 669 2392 III
685 2386 694 2400 ,
731 2370 790 2404 15.
815 2358 903 2395 Non
929 2359 1057 2395 mirum
1081 2371 1170 2408 ergo
1187 2385 1195 2398 ‚
1229 2358 1279 2394 ob
1305 2357 1383 2393 haec
1409 2355 1625 2403 AEthiopica

224 2417 484 2452 monumenta,
521 2420 602 2458 quae
633 2418 692 2444 tot
723 2409 804 2459 post
827 2409 964 2447 saeculis
988 2409 1028 2446 in
1060 2408 1246 2447 Palaestina
1270 2420 1346 2443 non
1374 2405 1485 2442 modo
1510 2407 1628 2443 i‘erva-

1276 2476 1438 2533 Yyyij
