2209 3047
333 165 414 206 AD
436 165 661 208 LIBRUM
694 165 726 206 I.
760 163 906 207 HIST.
940 163 988 204 C.
1024 166 1204 208 CORN.
1234 166 1444 209 TACITI.
1496 174 1577 219 361

193 245 353 280 clarorum
372 247 515 279 virorum
545 243 734 289 neceffitates
756 243 892 288 fortiter
911 242 1065 276 toleratae.
1090 242 1171 292 Ego
1196 245 1283 280 vero
1305 245 1395 280 nihil
1419 246 1583 283 omissum

194 294 324 330 sentio.
349 293 530 329 Nonnihil
556 294 653 330 enim
686 292 734 329 est
767 291 922 340 exempli
953 290 990 326 in
1024 291 1193 339 supremis
1214 295 1395 331 clarorum
1420 296 1582 334 virorum

196 344 455 381 necessitatibus
469 372 477 387 ‚
500 343 694 391 plurimum
715 343 754 378 in
774 342 973 378 necestitate
994 340 1133 377 fortiter
1158 342 1320 380 tolerata.

245 395 423 430 MAotst
450 405 570 429 Just-rs
600 396 791 437 mmcns]
821 391 916 427 Male
936 390 1010 426 Mis.
1030 395 1063 428 ὅ(
1085 402 1218 427 veteres
1242 394 1443 437 editiones,
1470 397 1580 443 Magis

195 444 338 491 vetustis.
355 445 451 480 Bene
475 454 616 488 autem,
638 444 773 479 indiciis.
803 440 847 476 In
869 441 936 478 Ms.
962 440 1051 492 Reg.
1075 444 1108 477 ὅς
1122 441 1249 477 mediis
1267 444 1479 491 quibusdam
1501 445 1579 482 edi-

198 493 359 532 tionibus
372 522 381 537 ,
395 495 538 543 judiciis.

253 595 359 632 CAP.
388 594 449 631 IV.
487 595 578 631 Αυτ
608 604 813 634 POPULUM,
841 605 921 629 AUT
950 593 1152 630 URBANUM
1179 597 1381 639 MILITEM]
1415 596 1470 631 Ita
1503 597 1579 636 ΜΠ.

199 645 296 682 Flor.
322 644 408 694 Reg.
435 644 536 680 Harl.
564 642 669 679 Bodl.
699 643 765 680 Jes.
789 642 908 680 Guelf.
927 644 1104 680 editiones
1127 653 1263 678 veteres
1294 646 1326 677 &
1353 646 1578 683 recentiores.

198 696 393 732 Rhenanus
408 723 416 737 ,
443 695 527 739 apud
543 694 714 737 populum,
739 694 823 739 apud
842 696 1006 728 Urbanum
1029 695 1174 728 militem.
1203 691 1394 742 Eleganter
1417 695 1581 742 quiderm

197 745 258 782 sed
285 756 360 779 non
382 742 610 779 faventlibri.

250 794 406 830 Mmms
436 804 603 829 DOMIBUS
633 804 817 834 ADNExA,
845 804 1030 829 CLIENTES
1059 795 1076 838 ]
1106 792 1161 827 Ita
1191 791 1268 828 Mss.
1300 796 1332 828 ὅ(
1362 792 1443 828 libri
1472 794 1580 836 editi,

198 855 326 894 praeter
353 842 546 880 Pichenarn
561 870 571 886 ,
595 842 657 892 qui
675 870 686 886 ,
706 841 816 891 Lipsri
847 844 1088 892 conjecturam
1104 842 1265 886 secutus,
1287 842 1493 880 emendavit
1521 857 1582 878 an-

199 898 275 931 nexi
300 896 437 930 clientes.

252 995 361 1032 CAP.
389 995 433 1031 V.
459 996 579 1042 Qui-:M
610 1005 651 1031 rN
679 1007 799 1032 BELLo
817 998 834 1041 ]
855 993 952 1031 Bene
978 993 1054 1030 Mss.
1081 992 1196 1030 editio
1221 993 1389 1043 princeps
1409 997 1442 1030 &
1458 1006 1582 1032 recen-

200 1046 323 1083 tiores.
350 1043 446 1082 Male
467 1044 684 1081 Puteolanus
700 1074 708 1089 ‚
728 1050 780 1094 qui
797 1049 829 1079 in
845 1046 937 1080 bello.

253 1096 464 1132 AGITATUR
486 1099 503 1141 ]
533 1095 745 1131 Gronovius
769 1094 911 1137 mallet,
933 1096 1087 1137 agitatus.

253 1145 329 1181 San
360 1149 560 1191 QUAMVIS]
604 1145 700 1182 Bene
731 1144 922 1181 Rhenanus
949 1147 982 1179 &
1008 1142 1252 1180 Recentiores.
1279 1143 1322 1178 In
1348 1142 1426 1179 Mss.
1454 1143 1586 1180 veteri-

201 1196 273 1233 bus
293 1208 337 1232 ue
363 1195 604 1239 editionibus,
624 1196 660 1231 ξφ
678 1198 834 1244 quamvis.

257 1210 339 1282 Igne
370 1257 557 1282 DEERANT
579 1249 596 1291 ]
624 1245 667 1281 ln
694 1246 769 1281 ΜΠ.
789 1244 896 1281 Bodl.
919 1242 988 1280 Jes.
1009 1245 1042 1279 δε
1060 1241 1186 1280 mediis
1212 1241 1427 1292 quibusdam
1451 1243 1585 1281 editi0-

202 1296 310 1333 nibus
324 1323 334 1339 ,
364 1309 458 1345 neque
472 1296 612 1331 deerant.

255 1346 598 1391 INGREPANTIUM]
625 1344 690 1379 Ms.
721 1344 834 1380 Corb.
865 1348 1071 1390 increpantes.

255 1394 536 1431 ASPERNANTES
553 1398 570 1440 ]
600 1394 654 1429 Ita
679 1393 756 1428 Mss.
784 1394 881 1430 Flor.
898 1395 986 1442 Reg.
1005 1391 1118 1429 Corb.
1138 1391 1222 1441 Agr.
1241 1392 1356 1429 editio
1371 1392 1538 1442 princeps
1553 1397 1588 1431 &

203 1444 432 1483 recentiores.
449 1443 491 1480 In
503 1443 579 1480 Mss.
593 1443 695 1480 Harl.
710 1443 816 1480 Bodl.
828 1444 897 1480 Jes.
910 1442 1031 1478 Guelf.
1045 1441 1304 1479 &Puteolanus
1317 1471 1326 1486 ‚
1341 1444 1588 1488 consperrzan.¹es.

258 1494 528 1532 VEREBANTUR
545 1497 561 1539 ]
590 1493 655 1529 Ms.
682 1493 768 1539 Agr.
795 1497 829 1530 ὃς
860 1493 1021 1542 Ryckius
1036 1521 1045 1536 ,
1063 1494 1308 1528 venerabantur.
1329 1492 1402 1528 Alii
1422 1503 1587 1539 tentant,

203 1546 441 1631 reveregantur.
479 1543 621 1580 Eodem
650 1540 752 1580 sensu
783 1543 928 1593 accipi,
964 1545 1183 1586 verebantur,
1214 1543 1305 1580 reffle
1334 1541 1500 1580 observat
1530 1543 1590 1582 Cl.

205 1595 300 1633 Eme
332 1606 381 1631 us.

259 1696 365 1734 CAP.
391 1696 455 1733 VI.
497 1695 701 1738 TAMQUAM
728 1705 976 1732 INNOCENTES
1006 1705 1230 1731 PERIERANT
1259 1697 1276 1739 ]
1308 1693 1445 1729 Frustra
1477 1702 1592 1731 tentat

206 1747 369 1785 Muretus
382 1774 391 1790 ‚
412 1759 577 1795 tamquam
592 1759 743 1783 nocentes.
767 1746 952 1782 Acidalius
967 1773 976 1788 ‚
996 1758 1186 1793 quamquam
1204 1747 1391 1779 innocentes.
1414 1743 1592 1782 Innocen-

205 1808 257 1834 tes
275 1798 386 1847 vulgo
405 1796 604 1840 habentur,
622 1796 683 1845 qui
705 1797 859 1833 inauditi
885 1799 917 1832 &
940 1793 1111 1831 indefensi
1136 1804 1296 1842 pereunt.

259 1848 394 1883 Μυιτι
420 1859 472 1882 AD
503 1859 581 1883 Hoc
611 1851 796 1892 nummu]
824 1848 921 1882 Bene
941 1845 1008 1881 Ms.
1024 1844 1122 1880 Flor.
1150 1844 1264 1880 editio
1297 1843 1462 1892 princeps
1487 1847 1519 1880 &
1540 1856 1591 1880 re-

207 1897 397 1934 centiores.
417 1896 485 1932 Ms.
502 1896 614 1932 Corb.
645 1899 739 1932 muln·
762 1898 803 1932 ad
831 1900 886 1933 hoc
911 1909 1049 1931 numero.
1080 1893 1319 1936 Puteolanus,
1345 1895 1438 1928 multi
1464 1895 1505 1930 ad
1529 1895 1592 1930 haec

207 1950 378 1985 innumeri.
405 1946 567 1994 Quidam
586 1946 661 1983 ΜΠ.
681 1950 714 1983 &
736 1946 820 1983 libri
843 1946 954 1990 editi,
979 1946 1074 1980 multi
1098 1946 1139 1980 ad
1157 1946 1211 1980 hoc
1230 1946 1265 1980 ξφ
1280 1946 1448 1980 innumeri.

264 2049 375 2086 CAP.
402 2049 485 2087 VII.
513 2049 637 2086 HAUD
669 2059 785 2084 DU131E
816 2047 1165 2093 TURBANTEM]Ita
1181 2045 1466 2095 Mss1F101.Reg.
1478 2045 1590 2082 Corb.

212 2098 328 2136 editio
350 2099 515 2149 princeps
528 2102 561 2136 ὅ(
578 2099 805 2136 recentiores.
824 2097 867 2134 In
884 2097 958 2134 Mss.
980 2096 1082 2134 Harl.
1103 2096 1208 2133 ssodl.
1224 2095 1290 2133 Jes.
1308 2099 1341 2132 ὅτ,
1355 2096 1592 2139 Puteolanus,

213 2162 261 2186 res
287 2150 371 2184 haud
388 2150 478 2185 dubie
504 2151 694 2185 turbantem.

268 2198 403 2235 Ierso
430 2211 548 2235 SEMEL
576 2200 760 2235 PruNcu‘E
778 2202 795 2244 ]
826 2196 962 2233 Frustra
979 2207 1094 2234 tentat
1108 2198 1300 2240 Gruterus,
1316 2197 1452 2244 invisum
1471 2197 1596 2231 Princi-

215 2262 298 2297 pem.
323 2249 367 2285 In
382 2248 458 2284 Mss.
476 2248 572 2284 Flor.
592 2247 682 2298 Reg.
709 2251 809 2295 invisi)
831 2249 921 2289 semel
943 2251 1094 2294 principi.

270 2300 405 2335 FACTA
434 2302 661 2344 PREMUNT]
688 2298 785 2334 Bene
804 2297 1033 2334 Puteolanus.
1060 2298 1119 2333 Sic
1149 2309 1296 2347 quoque
1326 2296 1392 2332 Ms.
1424 2294 1531 2331 Bod'.
1560 2293 1596 2328 in

220 2348 391 2407 margine.
405 2348 503 2384 Male
525 2347 593 2386 ΜΓ.
611 2347 698 2400 Reg.
715 2351 749 2386 δε
765 2347 879 2386 editio
894 2348 1061 2399 princeps
1069 2350 1268 2395 praeminuit.
1288 2346 1356 2384 Ms.
1385 2345 1495 2382 Corb.
1511 2355 1597 2390 proe-

219 2410 347 2436 muniit.

349 2470 457 2513 Tom.
481 2472 560 2515 III.
1397 2466 1436 2507 Z
1455 2480 1476 2508 z
