2209 3047
103 810 158 851 ςιο

104 1124 154 1165 ¹5

102 1446 155 1477 20

325 150 803 196 HISTORIARUM
840 151 1034 194 LIBER
1075 151 1390 207 QUARTUS.
1475 167 1564 204 279

183 234 302 278 »beri
326 248 478 290 queunt
508 240 536 277 ¹.
556 235 700 276 Cetera
725 235 768 275 in
797 233 1003 276 communi
1027 232 1095 273 fita
1124 233 1226 274 sunt.
1241 234 1318 290 Ipsi
1332 233 1566 290 plerumque

183 299 446 354 »legionibus
471 300 609 340 nostris
630 298 860 355 praesidetis:
887 296 956 353 ipsi
975 297 1045 337 has
1068 294 1240 348 aliasque
1261 299 1489 352 provincias
1513 313 1568 340 re-

183 364 324 418 »gitis.
350 360 469 403 Nihil
496 361 718 418 separatum
735 391 748 412 ‚
785 360 1027 402 clausumve.
1056 358 1109 399 Et
1133 357 1386 400 laudatorum
1415 362 1568 403 Princi-

184 441 313 482 »pum
340 425 431 466 usus
456 439 507 466 ex
531 439 669 479 aequo,
694 426 874 479 quamvis
895 421 1037 480 procul
1064 421 1294 477 agentibus:
1323 424 1411 464 saevi
1438 427 1568 481 proxi-

187 490 292 530 »mis
329 490 522 544 ingruunt
545 492 573 528 ².
608 487 831 542 Quomodo
856 485 1127 536 sterilitatem,
1144 498 1213 526 aut
1230 486 1378 527 nimios
1396 487 1566 539 imbres,

185 556 260 593 »ἃ
280 565 413 593 cetera
429 565 573 593 naturae
592 549 697 591 mala
722 555 732 579 ³
753 564 764 597 3
788 551 843 590 ita
861 549 1027 600 luxum,
1047 547 1113 590 vel
1132 549 1337 590 avaritiam
1357 549 1566 593 dominan-

186 616 320 656 »tium
343 614 527 656 tolerate.
553 615 664 655 Vitia
686 627 827 664 erunt,
854 613 985 654 donec
1009 613 1215 654 homines:
1244 611 1312 653 sed
1332 627 1461 666 neque
1482 616 1567 656 haec

185 694 208 716 >›
219 680 412 720 continua
424 708 437 729 ,
461 683 501 719 &
525 676 739 718 meliorum
757 677 989 717 interventu
1009 676 1243 733 pensantur:
1273 675 1343 716 nifi
1363 675 1468 716 forte
1489 677 1568 717 Tu-

185 754 304 782 »tore
323 745 362 782 &
382 740 554 782 Claffico
574 739 858 795 regnantibus,
877 740 1120 781 moderatius
1142 740 1355 796 imperium
1376 737 1567 795 sperati33

185 817 286 845 »aut
305 803 526 845 minoribus
540 833 554 854 ,
580 803 698 858 quam
721 819 829 844 nunc
842 833 856 854 ,
877 802 1035 844 tributis
1068 802 1311 859 parabuntur
1342 804 1539 844 exercitus
1554 832 1567 852 ,

183 866 359 920 »quibus
382 868 575 908 Germani
598 867 858 920 Britannique
883 879 1104 907 arceantur.
1125 868 1234 907 Nam
1258 865 1375 922 pulsis
1389 895 1404 916 ,
1424 870 1436 916 (
1458 865 1567 921 quod

183 946 207 968 >›
218 930 272 970 dii
302 929 540 986 prohibeant
564 933 576 979 )
609 931 804 971 Romanis
818 959 831 980 ,
851 930 946 983 quid
963 929 1070 970 aliud
1082 959 1095 980 ,
1119 928 1236 983 quam
1260 928 1367 971 bella
1386 931 1566 970 omnium

183 993 319 1034 »inter
340 993 379 1033 se
399 995 580 1048 gentium
599 998 617 1022 4
637 993 843 1034 exsistent?
865 993 1204 1047 Offingentorum
1224 1008 1420 1034 annorum
1439 993 1568 1034 fortu-

182 1053 267 1096 »ηὲ
297 1053 586 1112 disciplinaque
614 1071 828 1113 compages
854 1058 938 1097 haec
959 1055 1110 1097 coaluit
1128 1071 1139 1103 ;
1159 1071 1241 1110 qua:
1262 1055 1467 1106 convelli,
1487 1056 1567 1097 fine

182 1119 342 1160 »exitio
367 1118 714 1170 convellentium,
742 1135 824 1160 non
846 1121 986 1176 potest.
1007 1119 1086 1160 Sed
1109 1119 1223 1160 vobis
1246 1121 1464 1160 maximum
1489 1119 1567 1160 dis-

182 1184 368 1224 »crimen
381 1212 394 1233 ,
415 1197 535 1239 penes
552 1197 651 1237 quos
671 1198 811 1224 aurum
833 1187 874 1224 &
895 1198 990 1240 opes
1004 1212 1017 1234 ,
1039 1184 1241 1239 praecipuae
1260 1182 1459 1223 bellorum
1477 1197 1566 1224 cau-

181 1244 274 1287 »sae-
295 1246 468 1288 Proinde
488 1260 630 1302 pacem
650 1250 691 1288 ὅ(
714 1245 862 1287 Urbem
875 1277 888 1297 ,
909 1261 1027 1301 quam
1046 1247 1139 1286 vieti
1157 1247 1403 1299 vicstoresque
1422 1246 1566 1286 eodem

181 1306 300 1362 »jure
322 1307 577 1360 obtinemus,
601 1323 729 1351 amate
743 1339 756 1361 ,
780 1308 918 1350 colite.
942 1310 1144 1351 Moneant
1164 1323 1237 1350 vos
1259 1310 1462 1363 utriusque
1484 1309 1566 1350 for-

180 1385 316 1413 »tunae
336 1372 606 1423 documenta,
630 1387 680 1413 ne
700 1373 996 1419 contumaciam
1019 1388 1112 1414 cum
1134 1373 1312 1429 pernicie
1326 1401 1340 1422 ,
1360 1371 1478 1427 quam
1499 1372 1566 1413 ob-

181 1435 394 1490 »sequium
419 1448 512 1476 cum
550 1435 761 1477 securitate
787 1435 935 1477 malitis
971 1454 1014 1477 >›.
1039 1434 1134 1477 Tali
1170 1437 1352 1478 oratione
1383 1436 1566 1491 graviora

181 1511 406 1540 metuentes
435 1499 689 1555 composuit,
717 1501 935 1554 erexitque.

244 1561 437 1604 LXXV.
470 1563 809 1603 TENEBANTUR
853 1565 1003 1604 viCtore
1036 1563 1215 1604 exercitu
1242 1562 1438 1612 Treveri,
1473 1564 1565 1602 cnm

183 1624 327 1666 Civilis
348 1628 388 1666 δε
408 1623 600 1666 Clafficus
620 1626 763 1667 misere
782 1625 965 1682 epistolas
986 1626 1035 1667 ad
1055 1624 1276 1676 Cerialem,
1297 1640 1463 1680 quarum
1480 1627 1566 1666 haec

181 1688 380 1730 sententia
397 1688 488 1732 fuit.
506 1706 529 1727 ‹<
547 1689 852 1745 Vespasianum,
873 1704 1113 1744 quamquam
1134 1691 1265 1730 nuntii
1285 1687 1538 1730 occultarent
1550 1711 1564 1739 ‚-

223 1783 232 1798 ¹
256 1779 381 1810 Hnmu
405 1782 559 1818 Qusuur]
580 1779 694 1811 Pariter
715 1781 855 1821 vectiga-

182 1817 261 1849 lium
274 1819 501 1856 neceffitatem,
521 1819 554 1851 ὅ(
574 1819 772 1850 imminentia
789 1831 855 1852 om-

181 1857 272 1889 nium
283 1857 365 1889 inter
379 1859 407 1889 se
419 1867 559 1898 gentium
570 1859 653 1890 bella
665 1883 673 1894 ,
687 1859 777 1898 pulfis
792 1861 855 1890 Ro-

181 1897 280 1928 manis
291 1920 300 1933 ‚
317 1907 471 1929 memorat
485 1898 599 1929 Cicero
613 1922 622 1935 ,
636 1899 675 1929 ad
685 1898 854 1936 Quine'tum

180 1936 322 1968 Fratrem
337 1938 350 1968 1
368 1939 424 1977 Ep.
440 1938 525 1969 unic.
541 1937 631 1968 Simul
654 1937 684 1967 &⁶
701 1937 769 1967 illud
786 1938 853 1978 Asta

181 1976 302 2016 cogitet,
321 1976 425 2006 nullam
443 1988 460 2006 a
479 1978 512 2017 se
540 1988 625 2017 neque
641 1976 704 2007 belli
725 1978 853 2012 externi,

182 2024 268 2054 neque
296 2015 489 2055 discordiarum
514 2016 588 2046 dome
611 2017 716 2046 icarum
737 2017 853 2048 calami-

181 2062 268 2084 tatem
285 2054 440 2093 abfuturam
451 2056 550 2096 fuiffie,
582 2068 591 2087 ι
612 2056 660 2086 hoc
672 2057 781 2094 imperio
798 2068 851 2087 non

182 2102 330 2124 teneretur.
354 2095 386 2124 Id
403 2105 493 2126 autem
511 2096 650 2133 imperium
665 2098 724 2126 crim
740 2098 853 2127 retineri

174 2132 238 2173 fine
261 2134 438 2173 veclsgalihus
472 2135 545 2165 nullo
567 2136 643 2166 modo
662 2136 754 2176 poffit,
779 2147 852 2176 aequo

183 2172 276 2202 animo
288 2183 368 2209 parce
385 2173 476 2214 aliqud
487 2175 598 2213 suorum
604 2175 744 2213 frufiuum
758 2186 852 2212 pacem

174 2211 231 2253 fibi
247 2212 441 2251 sempiternam
462 2213 578 2243 redrmat
598 2224 678 2254 atque
698 2215 789 2245 otium.

220 2257 234 2271 ²
256 2253 416 2283 Pnoxmrs
440 2256 627 2291 incanum]
656 2255 705 2286 Sic
724 2265 852 2295 quoque

129 2301 134 2306 ·
181 2290 266 2330 Sylla
290 2292 450 2323 Bocchum
484 2293 655 2333 alloquitur
686 2294 766 2333 apud
792 2296 853 2325 Sal-

183 2329 305 2362 lustium
324 2331 358 2362 in
379 2332 518 2377 Jugurth.
530 2343 602 2378 tap-
632 2343 700 2369 109.
717 2332 779 2363 Tibi
791 2337 852 2363 verd

894 1791 964 1810 mum
976 1780 1088 1820 ‚gratia
1102 1789 1171 1818 par,
1185 1790 1218 1809 ac
1230 1779 1260 1819 fi
1270 1781 1351 1816 prope
1374 1778 1527 1819 adeffemus.

934 1826 943 1847 3
969 1822 1114 1851 NATURAE
1138 1821 1250 1856 mm]
1271 1820 1339 1849 Nec
1362 1819 1452 1850 aliter
1468 1822 1563 1850 Sene4

894 1870 946 1895 ca,
961 1860 999 1890 de
1021 1859 1202 1891 Constantia
1222 1858 1391 1898 Sapientis,
1411 1860 1463 1889 lx.
1489 1858 1560 1888 Om-

892 1900 941 1928 nia
961 1900 1051 1938 itaque
1065 1898 1109 1938 fic
1128 1898 1236 1936 patirur
1259 1897 1376 1935 sapiens
1389 1920 1398 1933 ‚
1419 1907 1448 1927 ut
1466 1897 1562 1927 hiemis

892 1939 1025 1979 rigorem,
1048 1938 1333 1975 &intemperantiam
1358 1937 1438 1975 caeli,
1461 1946 1493 1966 ut
1501 1937 1561 1974 fer-

891 1989 970 2008 νοτες
992 1978 1159 2018 morbqsque,
1182 1977 1212 2007 &a
1237 1986 1326 2006 cetera
1337 1975 1411 2014 sbrie*
1428 1976 1560 2006 acciden-

892 2027 943 2048 tia.

929 2063 944 2082 ⁴
964 2059 1066 2089 BELLA
1088 2068 1219 2089 omnium
1234 2067 1327 2087 INTER
1344 2067 1377 2086 siz
1394 2060 1559 2091 onmium]

891 2097 1006 2127 Similis
1030 2097 1163 2128 omnino
1184 2096 1335 2127 sententia
1353 2096 1433 2134 apud
1454 2095 1561 2125 Sallus-

892 2137 970 2168 tium
982 2161 990 2173 ,
1006 2137 1039 2167 in
1058 2136 1211 2167 Oratione
1228 2136 1254 2165 11
1269 2159 1278 2172 ‚
1290 2136 1327 2166 ad
1340 2136 1377 2166 C.
1391 2135 1538 2165 Caesarem
1552 2157 1561 2167 ,

892 2177 929 2207 de
947 2178 1023 2215 Rep.
1045 2175 1237 2212 ordinanda,
1256 2185 1324 2214 cap.
1348 2185 1393 2204 10.
1412 2172 1519 2213 Quippe
1530 2174 1560 2212 fi

891 2215 979 2244 morbo
989 2217 1047 2254 jam
1061 2239 1069 2252 ,
1092 2224 1140 2244 aur
1149 2214 1212 2252 faro
1232 2213 1294 2244 huic
1309 2213 1503 2252 imperioftcus
1514 2222 1559 2241 ac-

892 2254 966 2285 cidat
983 2266 995 2290 ;
1027 2255 1068 2284 cui
1090 2254 1197 2284 dubium
1220 2253 1275 2322 esf,
1300 2254 1364 2293 quin
1392 2263 1441 2290 per
1471 2252 1559 2282 orbem

892 2305 1025 2324 terrarum
1038 2294 1152 2339 vastitas
1163 2318 1171 2329 ‚
1187 2292 1227 2323 bel
1239 2303 1256 2322 a
1267 2316 1276 2330 ,
1299 2292 1386 2322 coedes
1407 2292 1532 2322 oriantur
1546 2295 1560 2320 .¹

892 2336 967 2372 Quae
990 2344 1097 2365 omnia
1118 2333 1404 2378 collegifl'ejuvat‚
1429 2341 1462 2363 ut
1485 2342 1559 2370 pru-

184 2368 260 2398 nulla
270 2380 442 2410 opportunior
453 2373 575 2402 amicltla
593 2372 829 2412 nostrci:primr‘1m
843 2398 851 2411 ,
892 2374 966 2405 dens
1000 2375 1096 2405 lector
1121 2373 1308 2404 imitationis
1339 2371 1480 2409 exempla
1502 2370 1561 2400 ha·-

182 2406 252 2447 quod
261 2409 354 2446 procul
370 2410 555 2452 abfiamusfin
577 2421 626 2451 quo
647 2411 752 2453 offinsae
767 2413 852 2444 mini·
890 2414 981 2452 beat,
1005 2413 1130 2454 ejusque
1157 2413 1305 2446 utilitates
1327 2410 1449 2442 sentiat·

1585 249 1702 265 π

1587 289 1618 313 Δ.
1629 290 1658 313 U.
1669 290 1700 314 C.

1609 335 1682 371 823.

1612 389 1636 412 J.
1646 388 1678 413 C.

1621 442 1674 472 70.
