2230 3047
118 847 145 879 ‘1
157 854 177 880 0

127 1172 174 1212 15

119 1479 176 1507 20

117 1792 170 1831 25

340 180 810 226 HISTORIARUM
849 185 1048 227 LIBER
1087 188 1441 234 SECUNDUS.

215 278 383 318 »ageret
404 282 443 304 »z
469 281 543 308 nec
553 265 644 306 ullis
655 279 857 307 tantorum
872 267 1085 325 criminum
1095 267 1418 323 probationibus,
1433 275 1472 313 in
1483 276 1598 329 paeni-

214 329 381 368 tentiam
411 330 567 379 versus,
590 331 714 370 seram
737 331 895 370 veniam
914 330 999 385 post
1018 329 1146 370 scelus
1172 334 1380 384 quaerebat.
1399 337 1595 378 Cuntian-

214 403 297 430 tem
310 391 426 446 super
440 391 549 432 tanta
561 407 602 432 re
617 392 802 433 Flavium
816 392 1006 433 Sabinum
1016 422 1029 442 ,
1043 393 1215 444 Triaria,
1232 395 1280 435 L.
1294 398 1451 438 Vitellii
1466 415 1568 441 uxor
1579 431 1594 451 ,

212 452 315 494 ultra
343 454 533 494 feminam
560 455 701 505 ferox,
725 457 866 496 terruit
894 470 943 496 ne
967 473 989 493 (ε
1016 455 1198 511 periculo
1224 457 1418 515 Principis
1446 463 1595 504 famam

211 514 466 557 »clementiae
487 517 699 558 adfeemret
720 535 762 558 >›.
779 518 948 559 Sabinus
963 548 976 570 ,
1004 519 1145 575 suopte
1167 521 1333 574 ingenio
1363 525 1467 565 mitis
1484 556 1496 575 ,
1524 526 1593 568 ubi

208 578 385 620 formido
407 580 638 630 incessiffet,
659 580 789 621 facilis
812 595 992 632 mutatu,
1019 583 1117 621 &in
1137 580 1269 623 alieno
1284 584 1509 630 discrimine
1524 588 1594 630 fibi

212 656 385 697 pavens,
411 658 460 683 ne
482 643 677 684 adlevasse
697 644 923 695 videretur,
948 643 1110 699 impulit
1134 659 1329 687 ruentem.

273 705 442 748 LXIV.
465 707 577 746 IG1T
588 719 614 745 U
626 719 649 746 R
665 705 876 757 Vitellius,
891 711 1048 748 metu&
1059 708 1177 758 odio,
1192 710 1299 762 quod
1313 711 1541 753 Petroniam
1557 721 1567 736 ¹
1578 744 1593 764 ‚

210 781 378 808 uxorem
391 767 496 821 ejus,
513 784 609 809 mox
623 768 841 810 Dolabella
853 772 893 810 in
908 772 1207 811 matrimonium
1223 774 1458 829 accepisset,
1481 793 1502 812 <c
1519 792 1593 816 vo-

209 844 376 873 »catum
399 847 468 888 per
491 831 699 888 epistolas,
725 831 847 874 vitata
868 833 1072 874 Flaminiae
1095 835 1166 874 viae
1196 839 1210 855 ²
1240 836 1498 889 celebritate,
1525 840 1594 880 de-

209 907 395 936 »vertere
420 896 710 937 Interamnium
739 901 749 924 ³
766 925 779 946 ,
807 909 925 951 atque
950 896 1005 937 ibi
1026 897 1199 938 interfici
1221 916 1243 935 »
1263 897 1379 951 jussit.
1400 900 1593 956 Longum

209 958 452 998 interfectori
472 959 621 1000 visum:
647 961 688 1000 in
708 961 850 1005 itinere
870 976 915 1001 ac
936 957 1098 1000 taberna
1115 959 1334 1016 projeetum
1352 965 1463 1003 humi
1480 963 1593 1019 jugu-

206 1018 328 1061 lavit:
354 1019 498 1077 magnfi
515 1037 606 1063 cum
623 1021 773 1063 invidia
792 1025 888 1063 novi
902 1025 1146 1078 principatus
1160 1054 1173 1074 ,
1197 1023 1310 1077 cujus
1326 1027 1407 1067 hoc
1421 1028 1594 1083 primum

206 1083 412 1138 specimen
433 1084 683 1126 noscebatur.
704 1085 756 1125 Et
774 1086 935 1126 Triariae
955 1086 1188 1137 licentiam,
1216 1089 1435 1130 modestum
1457 1105 1478 1130 e
1498 1106 1594 1147 pro-

207 1147 319 1187 ximo
339 1149 570 1204 exemplum
589 1148 800 1199 onerabat,
820 1148 983 1190 Galeria
998 1150 1255 1205 Imperatoris
1276 1167 1398 1202 uxor,
1419 1168 1502 1194 non
1518 1156 1593 1195 im-

206 1210 331 1253 mixta
342 1211 528 1252 tristibus:
544 1215 583 1252 &
600 1213 682 1267 pari
694 1212 913 1267 probitate,
929 1226 1053 1254 mater
1066 1212 1326 1254 Vitelliorum
1336 1245 1348 1265 ,
1362 1215 1532 1258 Sextilia
1545 1223 1563 1246 4
1576 1247 1590 1267 ‚

205 1274 360 1328 antiqui
378 1276 511 1316 moris.
533 1275 687 1315 Dixiffe
707 1277 804 1329 quin
826 1277 945 1316 etiam
955 1306 969 1326 ,
993 1277 1041 1317 ad
1061 1277 1206 1332 primas
1225 1276 1296 1318 filii
1314 1279 1372 1318 sui
1388 1278 1592 1334 epistolas,

204 1336 424 1388 ferebatur,
445 1355 467 1375 «
488 1353 571 1379 non
589 1339 879 1379 Germanicum
894 1355 915 1380 a
932 1340 991 1389 se,
1010 1339 1076 1380 sed
1092 1339 1305 1382 Vitellium
1320 1343 1503 1396 genitum
1521 1347 1533 1373 5
1549 1360 1570 1379 »
1582 1373 1591 1381 .

203 1400 299 1440 Nec
322 1399 414 1442 ullis
441 1402 574 1457 postea
593 1401 760 1442 fortuna:
790 1400 1029 1453 inlecebris,
1053 1417 1121 1444 aut
1141 1402 1293 1444 ambitu
1322 1406 1521 1456 civitatis,
1548 1406 1592 1446 in

204 1463 396 1518 gaudium
415 1466 541 1505 evifita
552 1494 566 1515 ,
589 1465 730 1506 domus
748 1465 821 1505 suae
842 1467 998 1506 tantuin
1021 1466 1181 1508 adversa
1198 1467 1326 1508 sensit.

216 1551 219 1554 >
267 1526 411 1570 LXV.
446 1528 744 1568 DlGREssUM
774 1544 795 1569 a
821 1529 1026 1583 Lugduno
1053 1528 1296 1582 Vitellium,
1333 1531 1395 1572 M.
1420 1529 1591 1573 Cluvius

205 1589 337 1631 Rufus
361 1588 379 1612 ⁶
402 1591 650 1645 adsequitur,
686 1590 831 1632 omissa
851 1590 1046 1648 Hispania
1069 1607 1078 1639 ;
1100 1591 1277 1634 lactitiam
1299 1598 1338 1634 ὅ(
1359 1593 1592 1648 gratulatio-

205 1667 298 1693 nem
321 1652 436 1694 vultu
456 1654 586 1695 ferens
601 1684 613 1704 ,
634 1656 769 1695 animo
791 1657 930 1696 anxius
945 1686 958 1706 ,
985 1659 1024 1696 ὅ(
1045 1657 1216 1711 petitum
1239 1657 1278 1696 se
1299 1658 1592 1699 criminationi-

203 1714 276 1756 bus
293 1730 454 1771 gnaruS.
470 1716 648 1758 Hilarius
663 1747 675 1767 ,
695 1717 856 1759 CaesariS
871 1717 1035 1759 libertus
1049 1749 1061 1769 ,
1083 1718 1304 1769 detulerat,
1326 1736 1347 1756 «
1364 1733 1590 1775 tamquam,

203 1779 374 1820 »audito
394 1779 552 1822 Vitellii
576 1785 616 1821 ὅ(
640 1782 818 1821 Othonis
843 1783 1095 1837 principatu,
1119 1784 1320 1838 propriam
1340 1783 1423 1838 ipse
1444 1797 1591 1840 potene

200 1843 358 1893 >›tiam,
388 1847 428 1883 ὅ(
454 1843 726 1899 possessionem
753 1844 1036 1899 Hispaniarum
1060 1845 1263 1886 tentasset:
1293 1845 1422 1899 eo'que
1453 1846 1590 1902 diplo-

200 1905 404 1948 »matibus
429 1905 583 1948 nullum
614 1908 842 1965 Principem
870 1908 1218 1964 praescripsisset».
1247 1908 1589 1964 Interpretabatut

1517 207 1530 232 1
1543 209 1565 233 2
1581 208 1593 233 1

243 2049 251 2064 ¹
276 2045 493 2083 Pnrnoumm]
514 2045 653 2076 Priorem
667 2044 789 2078 Vitellii
806 2046 872 2075 Im-

200 2084 352 2122 peratoris
372 2085 548 2123 conjugem.
582 2085 662 2115 Vide
686 2087 816 2116 Sueton.
839 2084 872 2114 in

202 2122 309 2154 Vitell.
328 2124 380 2155 VI.
400 2124 434 2154 ὃς
452 2126 587 2155 Stemma
612 2124 814 2155 Vitelliorum
839 2123 872 2153 in

202 2162 298 2193 Notis
311 2162 345 2193 ὅ(
361 2163 641 2194 Emendationibus
657 2164 695 2194 ad
709 2164 783 2194 Hist.
797 2165 808 2192 l
820 2187 828 2200 ‚
841 2174 870 2199 9.

243 2204 255 2218 ¹
279 2202 448 2232 Flamma:
470 2205 566 2240 vim]
594 2204 641 2233 De
667 2202 728 2242 qua
756 2203 872 2234 dielum

200 2240 315 2271 Annal.
337 2242 396 2277 111,
409 2252 446 2277 9,
459 2242 492 2272 &
506 2243 597 2277 Xlll,
614 2253 665 2278 47.

244 2285 254 2306 ³
278 2281 508 2311 INTERAMNJUM
524 2283 537 2319 ]
561 2281 665 2312 Hodie
683 2280 786 2318 Terni,
801 2280 873 2309 dans

201 2318 348 2349 I'Ombrie.

236 2363 257 2401 ,4
277 2360 429 2390 Sex-rum
450 2360 465 2396 ]
493 2360 593 2390 Mater
616 2360 689 2390 Auli
718 2359 751 2390 &
780 2359 872 2390 Lucii

203 2397 414 2429 Vitelliorum.
433 2398 513 2429 Vide
524 2401 660 2430 Stemma
671 2398 872 2429 Vitelliorum

201 2434 236 2467 in
251 2437 345 2468 Notis
367 2438 401 2469 ὃς
413 2439 696 2472 Emendationibus
707 2438 828 2471 adfflst.
840 2439 872 2478 1,

323 2481 431 2525 Tom.
464 2483 543 2526 III.

910 2055 941 2082 9.
955 2045 1108 2076 Suetonio
1122 2055 1249 2085 quoque
1261 2045 1293 2074 in
1308 2045 1416 2076 Vitell.
1433 2046 1494 2080 111,
1511 2047 1585 2076 Sex-

911 2085 979 2115 tilia
995 2085 1108 2116 dicitur
1127 2084 1308 2123 probatzffima
1328 2094 1378 2113 nec
1393 2084 1522 2124 ignobilis
1537 2086 1586 2122 jie-

911 2134 995 2153 mma.

954 2169 962 2190 5
987 2166 1171 2194 Vinnium
1195 2165 1358 2201 GENITUM]
1376 2164 1496 2199 Immo,
1511 2163 1585 2193 teste

910 2202 1063 2232 Suetonio
1087 2203 1148 2232 loc.
1176 2203 1229 2233 cit.
1260 2202 1390 2233 Sextilia
1419 2203 1584 2234 Vitellium

911 2241 1010 2281 mifficm
1031 2241 1067 2270 ad
1083 2241 1106 2270 le
1127 2242 1220 2277 iones,
1236 2240 1266 2270 Cr
1285 2242 1449 2278 appellatum
1461 2242 1584 2277 Impera«

912 2290 994 2310 torem
1004 2291 1053 2317 pro
1069 2291 1083 2308 α
1116 2281 1164 2309 ιέἕο
1177 2280 1273 2325 statim
1288 2281 1439 2310 lamentam
1458 2280 1502 2319 est.
1517 2281 1583 2310 No-

912 2331 984 2351 men
1008 2320 1186 2351 Germanici
1214 2330 1231 2350 a
1253 2320 1384 2351 Vitellio
1406 2320 1584 2358 usurpatum

912 2360 1046 2391 vidimus
1069 2359 1101 2389 in
1123 2359 1257 2389 nummis
1279 2359 1365 2396 supra
1385 2359 1526 2389 laudatis.

950 2400 963 2418 ⁶
986 2401 1132 2431 Cruvlus
1154 2398 1279 2435 Rurus]
1294 2398 1445 2437 Hispania:
1463 2400 1586 2435 rector,

912 2439 950 2470 de
969 2448 1032 2479 quo
1049 2438 1137 2478 supra
1157 2448 1224 2478 cap.
1248 2440 1295 2477 58.

1619 285 1735 300 =

1620 322 1650 345 A.
1662 322 1690 344 U.
1704 322 1735 346 C.

1640 372 1711 400 322.

1646 423 1669 446 J.
1680 424 1707 446 C.

1650 474 1704 507 69.
