2230 3047
564 305 676 320 Ξ

561 334 590 357 A.
604 335 631 356 U.
644 334 672 357 C¹

582 381 653 408 822.

583 430 606 454 J.
625 430 655 454 C.

591 479 643 512 69.

703 207 781 244 188
948 203 996 245 c,
1063 181 1473 247 CORNELII
1536 203 1824 246 TACITr

698 284 865 337 cognito
894 281 1098 336 facinore,
1133 285 1302 341 seipsum
1326 285 1552 334 interfecit,
1587 298 1630 324 ut
1659 285 1824 326 Sisenna
1852 299 2044 329 memorat
2067 305 2076 330 z

697 349 809 386 tanto
829 347 958 387 acrior
971 347 1073 403 apud
1091 347 1259 399 majores
1275 378 1287 397 ,
1314 348 1412 387 sicut
1428 346 1639 387 virtutibus
1663 347 1817 402 gloria,
1842 348 1896 388 ita
1917 349 2075 403 flagitiis

697 410 923 465 paenitentia
935 409 1023 450 fuit.
1039 411 1118 451 Sed
1132 413 1214 451 haec
1229 410 1384 463 aliaque
1399 424 1449 450 ex
1462 411 1587 450 veteri
1600 410 1792 450 memoria
1809 412 1932 466 petita
1945 440 1958 461 ,
1978 426 2077 464 quo-

696 474 800 512 tiens
816 487 876 514 res
892 472 1083 527 locusque
1098 472 1281 529 exempla
1297 473 1390 513 recli
1402 503 1416 525 ,
1437 487 1504 514 aut
1520 472 1659 513 solatia
1673 472 1766 513 mali
1782 473 1921 529 poscet
1933 503 1947 525 ,
1970 474 2075 515 haud

696 534 861 576 absurde
883 536 1204 577 memorabimus.

759 598 862 639 LII.
896 600 1133 641 ANToNlo
1158 598 1401 654 ducibusque
1423 601 1619 656 partium,
1650 616 1671 636 «
1691 599 1875 655 pra-mitti
1896 600 2046 653 equites
2061 628 2076 649 ,

696 676 719 699 >›
731 676 969 716 omnemque
987 662 1190 703 Umbriam
1217 661 1450 718 explorari»
1470 663 1622 718 placuit
1637 692 1649 713 ,
1673 681 1694 699 «
1717 663 1742 702 si
1771 662 1846 716 qua
1872 663 2077 717 Apennini

698 722 823 779 »juga
845 724 1079 765 clementius
1104 726 1321 765 adirentur:
1351 727 1470 766 acciri
1488 725 1636 780 aquilas
1663 726 1873 780 signaque,
1895 729 1935 764 ὅ(
1962 724 2078 778 quid-

697 802 719 824 »
730 788 824 841 quid
838 789 1006 828 Verona:
1020 786 1194 828 militum
1206 788 1325 828 foret:
1339 788 1569 842 Padumque
1584 792 1624 829 &
1638 803 1743 828 mare
1759 787 2046 828 commeatibus
2063 791 2074 809 ¹

697 865 720 886 >2
732 848 940 905 compleri.
957 867 978 886 ι)
990 881 999 890 .
1016 850 1138 891 Erant
1153 852 1256 892 inter
1279 851 1400 892 duces
1414 881 1427 901 ,
1453 853 1520 905 qui
1536 853 1736 892 iie&erent
1753 865 1902 891 moras:
1929 851 2076 905 quippe

698 913 843 952 nimius
868 910 948 964 jam
976 914 1202 964 Antonius,
1235 918 1274 954 ὃ(
1306 916 1475 955 certiora
1504 928 1554 954 ex
1582 916 1780 955 Muciano
1810 911 2077 969 sperabantur.

699 976 886 1028 Namque
903 976 1117 1017 Mucianus
1131 1006 1143 1026 ,
1162 990 1243 1017 tam
1273 976 1394 1017 celeri
1408 976 1571 1017 victoria
1589 978 1726 1018 anxius
1739 1006 1752 1025 ,
1781 980 1821 1016 ὃ(
1848 976 1890 1014 ni
1912 975 2077 1030 praesens

699 1037 806 1077 Urbe
822 1039 1016 1093 potiretur
1029 1070 1042 1089 ,
1065 1053 1269 1095 expertem
1286 1040 1324 1079 se
1340 1038 1435 1079 belli
1452 1039 1666 1094 gloriaeque
1679 1052 1784 1079 ratus
1797 1068 1810 1088 ,
1835 1038 1883 1078 ad
1902 1038 2079 1078 Primum

698 1103 740 1140 ὃ(
754 1101 904 1141 Varum
917 1101 1048 1142 media
1066 1105 1080 1122 ²
1099 1101 1365 1158 scriptitabat,
1389 1119 1410 1139 (ε
1431 1102 1654 1142 instandum
1674 1102 1819 1157 coeptis
1842 1118 1886 1151 >›,
1909 1115 1976 1141 aut
1996 1115 2079 1140 rur-

699 1162 762 1203 sus
784 1179 805 1199 «
831 1164 1041 1204 cuniiandi
1054 1164 1246 1206 utilitates
1260 1183 1280 1201 n
1298 1165 1531 1211 edifferens;
1554 1179 1669 1219 atque
1683 1166 1736 1205 ita
1753 1164 2014 1219 compositus,
2033 1175 2077 1203 ut

697 1239 748 1265 ex
775 1240 923 1267 eventu
947 1242 1076 1268 rerum
1104 1228 1265 1268 adversa
1288 1227 1501 1278 abnueret,
1526 1227 1591 1268 vel
1619 1228 1804 1284 prospera
1830 1227 2078 1282 agnosceret.

698 1287 876 1330 Plotium
894 1290 1093 1346 Griphum
1112 1295 1148 1341 ³,
1167 1306 1293 1346 nuper
1308 1290 1355 1331 ab
1370 1290 1611 1346 Vespasiano
1640 1292 1681 1330 in
1702 1291 1944 1330 senatorium
1969 1289 2076 1330 ordi-

699 1366 791 1392 nem
815 1353 994 1393 additum
1010 1382 1022 1403 ,
1050 1369 1096 1394 ac
1120 1352 1272 1408 legioni
1299 1353 1546 1409 praeposituni
1561 1383 1573 1402 ,
1600 1353 1831 1406 ceterosque
1852 1352 1921 1392 sibi
1949 1353 2076 1402 fidos,

699 1416 872 1470 apertius
899 1417 1069 1456 monuit.
1095 1416 1208 1470 lique
1235 1431 1399 1467 omnes,
1425 1416 1473 1457 de
1504 1416 1754 1456 festinatione
1774 1416 1896 1456 Primi
1909 1430 1956 1455 ac
1979 1416 2076 1456 Vari

698 1477 870 1528 sinistre,
903 1482 943 1518 ὅ(
973 1479 1170 1519 Muciano
1198 1478 1378 1520 volentia
1402 1485 1420 1508 4
1447 1479 1692 1534 rescripsere.
1721 1477 1878 1533 Quibus
1903 1476 2076 1533 epistolis

698 1540 942 1596 Vespasiano
962 1542 1077 1582 miffis
1091 1572 1104 1591 ,
1129 1543 1318 1583 effecerat
1330 1572 1343 1594 ,
1371 1556 1415 1583 ut
1429 1557 1512 1583 non
1527 1557 1599 1598 pro
1615 1542 1682 1598 spe
1697 1543 1894 1591 Antonii,
1916 1539 2080 1581 consilia

697 1601 878 1657 faelaque
898 1602 981 1656 ejus
999 1606 1289 1646 aestimarentur.

763 1666 893 1707 LIII.
927 1668 1079 1707 AEGRE
1102 1668 1141 1708 id
1163 1669 1243 1724 pati
1274 1669 1503 1718 Antonius,
1529 1672 1568 1709 &
1597 1667 1757 1725 culpam
1777 1669 1818 1707 iii
1840 1667 2080 1708 Mucianum

702 1728 910 1779 conferre,
939 1728 1050 1783 cujus
1079 1730 1422 1772 criminationibus
1440 1731 1664 1772 eviluissent
1686 1729 1862 1787 pericula
1893 1730 1978 1770 sua:
2005 1745 2082 1771 nec

699 1791 947 1833 sermonibus
969 1793 1236 1849 temperabat,
1264 1795 1502 1835 immodicus
1519 1793 1657 1850 lingua
1672 1824 1684 1844 ,
1708 1798 1748 1835 ὃ(
1773 1792 1953 1847 obsequii
1974 1792 2080 1833 inso-

699 1852 808 1895 lens:
833 1854 965 1896 literas
993 1857 1040 1897 ad
1065 1857 1346 1913 Vespasianum
1375 1858 1627 1913 composuit,
1654 1855 1858 1909 jaetantiiis
1889 1853 2004 1910 quam
2033 1855 2082 1896 ad

699 1917 954 1974 Principem,
979 1934 1055 1960 nec
1071 1919 1148 1960 sine
1176 1919 1338 1962 occulta
1364 1922 1405 1960 in
1427 1922 1666 1961 Mucianum
1689 1920 1965 1960 insefilatione:
1989 1935 2010 1955 (ε
2026 1920 2079 1959 Se

699 1980 982 2022 »Pannonicas
998 1981 1180 2037 legiones
1194 1985 1234 2022 in
1253 1999 1358 2024 arma
1375 1984 1514 2039 egiffe:
1533 1984 1609 2024 suis
1626 1982 1788 2023 stimulis
1804 1983 1957 2023 excitos
1974 1982 2079 2022 Moe-

699 2057 722 2080 »
733 2042 789 2081 sia:
807 2044 948 2095 duces,
966 2044 1031 2085 sua
1045 2045 1263 2087 constantia
1277 2060 1480 2103 perruptas
1491 2046 1635 2102 Alpes,
1649 2060 1887 2102 occupatam
1897 2043 2076 2096 ltaliam,

699 2131 800 2176 Cinnae
818 2157 827 2170 ‚
851 2134 1012 2173 ignorantes
1031 2146 1207 2166 occurrerunt
1219 2150 1228 2165 :
1254 2137 1284 2166 δ’
1311 2139 1369 2167 cilm
1448 2142 1460 2156 ²
1483 2137 1621 2174 Mania]
1644 2137 1748 2167 Dubia
1762 2137 1795 2167 &
1811 2136 1965 2175 ambIgua.

699 2172 924 2211 viflorspoliarer
943 2175 1072 2213 occfflzm,
1091 2176 1185 2215 agnito
1197 2176 1310 2213 fratre,
1326 2177 1370 2205 in·
1449 2182 1460 2203 ³
1484 2177 1627 2207 ΡιοτιυΜ
1649 2177 1802 2207 GRIPHUM
1818 2178 1831 2213 ]
1851 2178 1952 2213 Quem
1967 2173 2079 2212 majoris

697 2212 777 2250 genn
800 2211 1368 2255 lamentadoneednd,rvgoeietftrufib,
1406 2215 1512 2255 gradfis
1537 2216 1684 2253 juveneni
1709 2215 1867 2254 appessat‚
1890 2214 2001 2253 cuique
2021 2213 2077 2242 IU-

700 2250 851 2295 {pss'fiipriz
871 2262 962 2291 rogum
977 2253 1009 2290 se}
1033 2254 1200 2291 transfodit,
1225 2254 1255 2283 Cr
1281 2255 1370 2284 eodem
1400 2255 1463 2293 sum
1491 2254 1706 2283 Saturnalirium
1746 2253 1894 2293 inscripsit
1929 2252 2042 2283 Statius
2065 2275 2075 2290 ‚

699 2299 759 2328 igni
783 2291 949 2328 consumptus
970 2291 1014 2329 est.
1032 2293 1118 2322 Plura
1133 2293 1206 2323 vide
1226 2294 1258 2323 in
1275 2294 1369 2325 Notis
1409 2295 1493 2333 Sylv.
1512 2295 1575 2329 lv,
1596 2304 1604 2321 ι
1621 2294 1653 2324 &
1668 2305 1698 2330 9.

698 2330 733 2360 δί
748 2329 1027 2360 Emendationibus
1044 2332 1081 2360 ad
1096 2332 1168 2361 llist.
1182 2334 1222 2362 Ill
1235 2356 1243 2368 ,
1261 2343 1309 2372 5¹·
1447 2338 1463 2356 4
1482 2335 1648 2363 vorsu-rm
1664 2335 1678 2370 ]
1699 2332 1792 2362 Grata
1817 2331 1851 2361 ὃ(
1873 2337 2006 2368 accepta.
2030 2331 2076 2360 Ita

741 2372 750 2386 ¹
775 2369 1034 2407 COMMEATIEUSJ
1054 2371 1193 2400 Navibus
1204 2395 1212 2407 ,
1229 2382 1295 2411 quae
1320 2372 1368 2401 ci-
1409 2382 1536 2410 quoque
1547 2371 1717 2404 Sallustius,
1733 2371 1804 2401 Hist.
1818 2371 1857 2399 IV
1869 2393 1876 2404 ,
1890 2368 2076 2406 9.Muliifi7ue

696 2406 783 2437 baria
802 2409 984 2449 ceterosque
1010 2418 1203 2443 commeatus
1232 2410 1369 2444 advehe—
1399 2410 1598 2448 fizfiu‘cionibus
1618 2410 1737 2439 volentia
1763 2409 1833 2446 pleli
1848 2408 1975 2444 fhcfiurus
1998 2407 2076 2440 vide-3

696 2454 777 2479 tent.
1408 2448 1498 2480 batur.
1514 2450 1549 2479 Id
1561 2449 1618 2486 est,
1639 2459 1705 2489 quae
1724 2449 1811 2487 plebs
1832 2448 1936 2479 vellet.

2107 860 2161 887 XC>

2105 1173 2156 1213 ¹5

2103 1491 2160 1517 2<>
