2230 3047
338 183 807 229 HISTORIARUM
849 181 1045 225 LIBER
1087 183 1388 226 TERTIU&
1484 195 1567 236 157

178 265 318 308 »idem
337 268 468 309 suasor
484 270 696 322 au&orque
713 264 866 308 consilii
883 279 964 305 ero.
979 265 1066 305 Vos
1083 293 1094 315 ,
1119 265 1260 318 quibus
1278 266 1438 306 fortuna
1454 266 1494 305 in
1510 266 1566 306 in·
1588 280 1704 300 Ξ

179 344 327 385 »tegro
345 332 396 372 est
410 362 422 381 ‚
449 331 629 386 legiones
650 331 857 371 continete
873 358 885 379 ,
910 328 1010 368 mihi
1031 328 1224 383 expeditae
1248 331 1436 370 cohortes
1459 329 1565 369 suffi-
1590 314 1702 391 ‘⁵320'

179 409 202 430 >2
214 395 334 434 cient.
350 395 439 438 Jam
468 395 677 434 reseratam
702 392 886 442 Italiam,
911 390 1098 446 impulsas
1113 389 1271 430 Vitellii
1295 406 1354 432 res
1375 392 1566 434 audietis:
1614 414 1678 438 μς,

178 454 366 508 »juvabit
386 458 521 511 sequi,
546 461 587 497 &
604 457 775 510 vestigiis
794 455 993 495 vincentis
1009 454 1177 494 insistere
1194 470 1214 489 >³
1227 484 1236 494 .
1625 465 1676 498 69.

128 529 151 568 5
245 519 290 559 II
301 520 330 560 I.
363 521 407 562 H
417 532 450 559 AE
460 533 484 559 C
502 523 542 560 ὅς
552 518 666 568 talia,
677 519 846 573 flagrans
857 516 1007 567 oculis,
1022 518 1126 557 truci
1139 530 1242 557 voce
1252 546 1265 566 ,
1275 519 1355 570 quo
1369 516 1484 559 latius
1500 535 1568 560 au-

180 581 351 633 ditetur,
369 585 385 634 (
398 584 547 623 etenim
561 583 600 622 se
615 583 869 622 centuriones
885 585 924 621 &
938 580 1098 634 quidam
1112 578 1286 620 militum
1301 581 1467 621 confilio
1483 583 1567 622 mis-

181 659 346 686 cuerant
372 648 388 698 )
413 647 469 686 ita
488 645 631 686 effudit
646 674 659 695 ,
683 658 728 685 ut
743 658 882 685 cautos
899 658 1057 698 quoque
1075 659 1120 684 ac
1137 643 1326 699 providos
1356 659 1566 699 permove-

178 721 262 755 ret3
281 708 447 762 vulgus,
468 711 508 748 ὅ(
525 709 668 757 ceteri,
689 724 711 744 «
727 722 853 748 unum
869 709 999 747 virum
1016 707 1239 760 ducemque
1256 723 1277 744 »
1295 706 1422 762 spreta
1438 725 1458 743 «
1473 707 1567 748 alio-

178 785 297 810 »rum
319 770 487 825 segnitia
505 788 549 821 >›,
574 769 756 811 laudibus
781 771 942 811 ferrent.
969 771 1090 811 Hanc
1115 769 1173 809 sui
1187 770 1333 810 famam
1361 769 1407 810 ea
1438 771 1567 812 statim

101 846 151 875 10
180 835 381 875 concione
398 847 696 883 commoverat,
711 831 807 887 qua,
821 834 997 874 recitatis
1010 832 1239 889 Vespasiani
1255 832 1450 888 epistolis,
1464 849 1569 885 non,

179 909 225 936 ut
239 895 418 952 plerique
429 927 442 948 ‚
467 898 620 938 incerta
635 897 809 937 disseruit
821 926 834 947 ,
860 897 941 937 huc
956 894 1054 936 illuc
1069 897 1259 937 tra&1irus
1274 898 1568 952 interpretatio-

179 974 298 1011 nem,
322 973 439 1016 prout
459 960 735 1006 conduxisset3
760 959 895 1016 aperte
916 959 1157 1000 descendisse
1174 961 1215 999 in
1232 959 1390 1000 causam
1406 960 1568 1002 videba-

179 1034 264 1063 tur:
289 1023 418 1077 eoque
435 1024 584 1078 gratior
600 1022 794 1064 militibus
811 1036 894 1064 erat
907 1052 920 1072 ,
946 1022 1072 1078 culpae
1094 1021 1160 1063 vel
1180 1021 1316 1077 gloricc
1332 1024 1478 1065 socius.

241 1086 319 1128 IV.
354 1087 414 1127 PR
427 1101 454 1128 o
466 1100 490 1126 x
502 1100 512 1126 1
524 1099 587 1126 MA
610 1085 791 1127 Cornelii
825 1086 944 1128 Fusci
973 1088 1242 1141 procuratoris
1276 1088 1506 1129 auitoritas:
1533 1088 1566 1129 is

98 1158 147 1199 15
179 1163 338 1204 quoque
361 1148 626 1190 inclementer
646 1151 688 1189 in
708 1148 922 1190 Vitellium
940 1149 1079 1189 invehi
1096 1148 1254 1199 solitus,
1279 1149 1380 1190 nihil
1396 1151 1478 1206 spei
1493 1150 1563 1191 fibi

176 1212 281 1253 inter
296 1212 459 1254 adversa
477 1211 702 1267 reliquerat.
718 1213 768 1252 T.
786 1213 955 1268 Ampius
982 1211 1197 1253 Flavianus
1217 1218 1225 1234 ¹
1240 1242 1252 1263 ,
1277 1212 1415 1254 natura
1431 1229 1478 1255 ac
1507 1215 1564 1255 se-

176 1274 288 1316 neffli
309 1277 530 1317 cunRatior
543 1306 556 1326 ,
582 1276 828 1331 suspiciones
844 1275 1019 1315 militum
1035 1275 1222 1316 inritabat
1237 1305 1247 1325 ‚
1274 1289 1477 1330 tamquam
1495 1278 1565 1318 ad·-

177 1339 340 1380 finitatis
357 1344 372 1361 ²
391 1354 485 1380 cum
499 1338 671 1380 Vitellio
688 1339 924 1379 meminisset
939 1356 946 1379 z
966 1338 1153 1393 idemque
1166 1368 1179 1389 ,
1200 1339 1309 1394 quod
1322 1370 1334 1390 ‚
1359 1354 1566 1397 coeptante

175 1399 384 1457 legionum
401 1415 515 1444 motu
528 1432 541 1452 ‚
566 1402 760 1458 profugus
776 1431 789 1452 ‚
817 1402 910 1443 dein
933 1402 1076 1458 sponte
1095 1416 1340 1444 remeaverat
1353 1433 1366 1453 ,
1394 1404 1566 1460 perfidiae

91 1477 148 1503 20
176 1463 315 1506 locum
329 1466 495 1520 quaesiffe
510 1465 759 1506 credebatur.
772 1467 882 1506 Nam
899 1464 1159 1516 Flavianum,
1181 1464 1324 1507 omissa
1338 1466 1542 1508 Pannonia
1551 1496 1566 1518 ,

175 1528 393 1584 ingressum
414 1528 572 1570 Italiam
586 1558 599 1579 ,
627 1533 668 1570 ὃς
690 1528 911 1570 discrimini
928 1542 1160 1584 exemptum
1176 1559 1189 1579 ‚
1219 1544 1350 1570 rerum
1369 1545 1566 1571 novarum

177 1592 329 1648 cupido
348 1591 471 1649 legati
494 1607 643 1633 nomen
661 1593 857 1633 resumere
872 1622 884 1642 ,
914 1596 954 1632 &
969 1591 1127 1633 misceri
1145 1592 1332 1634 civilibus
1348 1595 1465 1634 armis
1486 1595 1564 1634 im—

175 1653 334 1711 pulerat
346 1685 359 1707 ,
384 1656 573 1708 suadente
591 1654 785 1697 Cornelio
800 1655 954 1702 Fusco3
980 1671 1061 1696 non
1076 1656 1167 1710 quia
1180 1655 1364 1697 industria
1380 1655 1564 1698 Flaviani

178 1721 345 1778 egebat,
361 1719 428 1762 sed
443 1733 487 1760 ut
503 1718 712 1761 consulare
729 1733 901 1769 nomen,
916 1718 1168 1775 surgentibus
1185 1721 1277 1760 cum
1293 1721 1466 1762 maxime
1482 1736 1566 1777 par-

90 1789 143 1830 25
177 1785 282 1827 tibus
296 1815 309 1835 ,
334 1780 499 1824 honesta
513 1783 644 1838 specie
661 1783 982 1839 praetenderetur.

239 1850 292 1890 V.
327 1847 594 1897 CETERUM‚
618 1859 662 1887 ut
679 1845 945 1887 transmittere
975 1847 1016 1886 in
1046 1844 1204 1886 Italiam
1230 1846 1393 1903 impune
1420 1851 1459 1888 &
1476 1848 1564 1889 usui

175 1912 282 1954 foret
295 1940 307 1962 ,
333 1910 524 1967 scriptum
541 1910 706 1965 Aponio
721 1911 938 1950 Saturnino
959 1914 968 1938 ³
989 1937 1002 1959 ,
1029 1926 1050 1945 «
1074 1924 1167 1950 cum
1188 1912 1368 1951 exercitu
1389 1911 1563 1952 Moefico

170 1974 402 2017 »celeraret
428 1991 471 2014 ».
498 1974 560 2014 Ac
588 1988 638 2014 ne
666 1974 837 2014 inermes
865 1973 1083 2028 provincia:
1101 2003 1114 2023 ,
1140 1971 1312 2014 barbaris
1335 1974 1563 2015 nationibus

177 2049 473 2095 exponerentur
487 2066 501 2087 ,
523 2037 724 2092 principes
749 2038 1016 2078 Sarmatarum
1034 2036 1231 2091 Jazygum
1250 2041 1269 2065 4
1282 2066 1295 2087 ,
1321 2052 1442 2093 penes
1464 2053 1563 2092 quos

86 2109 111 2153 3
123 2111 147 2139 0
178 2102 352 2144 civitatis
374 2102 552 2156 regimen
565 2129 578 2150 ,
594 2101 633 2141 in
651 2098 936 2141 commilitium
951 2099 1091 2141 adsciti
1107 2114 1118 2147 3
1141 2098 1361 2155 «plebem»
1377 2116 1536 2156 quoque
1550 2130 1564 2153 ,

215 2253 223 2268 ¹
248 2248 287 2277 T.
306 2247 428 2277 Aurius
449 2246 658 2281 Fmvmnus]
682 2246 850 2277 Cornelius
894 2256 941 2276 10.

141 2320 146 2325 ,
171 2287 305 2323 Fuscus,
318 2295 520 2325 procurator,
534 2287 573 2316 T.
586 2286 716 2324 Ampius
732 2285 852 2316 Flavia·
932 2291 940 2311 Ξ
966 2286 1091 2315 Ammo
1113 2284 1446 2322 SATURN1N0]Mot-fiae
1462 2287 1563 2315 rcfflo-

175 2338 232 2358 nus
246 2351 255 2363 ,
274 2328 374 2357 redtor
396 2325 584 2363 Pannoniae,
599 2326 661 2364 jam
686 2325 851 2355 memorati
893 2325 938 2360 ri,
960 2325 997 2354 de
1019 2335 1082 2364 quo
1105 2324 1189 2363 supra
1210 2325 1282 2354 Hist.
1301 2326 1346 2360 11,
1368 2327 1406 2362 85
1429 2325 1461 2354 &
1490 2327 1542 2359 96,

176 2366 286 2404 supra,
301 2365 373 2395 Hifl.
389 2366 434 2401 11,
448 2367 498 2396 86.
805 2404 810 2408 Ι
933 2369 947 2388 4
960 2366 1201 2409 ,SARMATARQ'
1229 2365 1407 2408 JAzycum]
1431 2363 1478 2392 De
1499 2365 1567 2392 Sar·

219 2409 230 2422 ²
253 2406 423 2440 TAMQUAM
447 2415 644 2435 antmirfms
672 2407 685 2442 ]
721 2405 853 2443 Propm·
894 2412 983 2434 matis
1000 2405 1164 2443 Jazygibus
1183 2414 1245 2442 jam
1263 2404 1377 2434 duflum
1394 2402 1434 2432 cst
1452 2402 1566 2432 Annah

178 2453 257 2483 quus
278 2452 342 2477 erat
356 2444 498 2484 Vitellii,
512 2452 545 2476 ut
559 2444 679 2476 dicetur
693 2443 775 2476 infra
787 2453 852 2483 cap.
894 2444 952 2475 XII
962 2466 971 2481 ,
989 2453 1039 2481 29·
