2209 3047
280 179 363 221 AD
397 179 622 223 LIBRUM
656 177 932 235 QUINTUM
964 176 1390 219 HISTORIARUM.
1450 191 1540 228 337

152 262 348 317 »deisque
377 260 505 302 invisa
544 259 628 314 ejus
671 261 832 302 excidio
869 259 996 315 repeti
1029 275 1071 298 ».
1105 261 1249 299 StruCti
1281 274 1445 315 aggeres
1483 265 1493 283 ¹
1527 288 1540 309 ,

154 326 323 367 admota:
347 325 586 367 validislimae
607 327 826 371 machinae;
850 324 971 363 inrito
996 334 1131 361 tamen
1158 321 1294 363 labore
1323 327 1336 343 ²
1354 353 1366 373 ,
1395 322 1445 363 ob
1468 324 1541 363 im-

155 390 310 430 mensas
345 389 525 444 lapidum
557 387 698 429 moles.
730 386 930 443 Appositae
960 399 1056 439 ergo
1095 384 1235 439 templi
1263 386 1484 441 porticibus
1525 391 1535 414 ³

155 452 281 494 scalae.
307 454 401 493 Nec
425 450 685 492 subeuntibus
713 449 897 491 obstitere
920 449 1066 494 Judaei:
1095 460 1162 497 at,
1192 447 1259 487 ubi
1296 452 1465 504 primum
1500 450 1541 490 in

103 531 126 571 5
156 530 296 556 manus
319 528 535 565 venerunt,
559 514 701 555 obvios
723 514 992 569 praecipitare,
1014 512 1219 568 proximos
1243 510 1435 563 obruere,
1460 513 1544 554 sca-

154 577 213 619 las
241 592 431 620 excutere
449 608 463 629 ,
500 576 708 619 deturbare
733 575 955 632 plurimos,
990 577 1031 615 in
1058 575 1237 631 porticus
1264 572 1344 625 jam
1373 576 1543 630 egressos

156 641 309 683 fodere.
338 644 499 683 Acriter
526 653 729 682 certavere
758 639 961 694 signiferi,
985 639 1051 680 sed
1071 637 1331 679 multitudine
1352 639 1546 693 oppressi,

159 705 430 747 contrucidati
450 706 565 755 sunt,
591 716 787 759 captaque
813 703 921 757 signa
950 703 1137 744 Romana
1163 706 1195 742 4.

221 769 450 809 XXXVI.
483 768 666 817 T1TUS,
695 766 763 806 sua
787 767 829 805 in
852 765 1048 821 templum
1073 761 1353 820 indulgentia,
1383 763 1547 821 pericli-

76 851 128 878 10
157 832 232 872 tari
252 832 443 872 virtutem
461 831 711 880 Romanam,
731 829 963 874 Jud.-eorum
981 829 1190 869 audaciam
1212 829 1391 869 crescere
1412 843 1549 884 exper-

78 1164 126 1205 15

157 907 250 945 tus,
276 892 380 947 juffit
415 911 437 932 «
463 892 548 947 ejus
583 907 718 950 portas
759 892 949 933 succendi
977 896 988 923 5
1017 909 1059 932 υ.
1099 892 1310 947 Congestis
1355 891 1549 933 accensis-

158 972 236 1012 que
260 959 433 999 materiis
449 987 463 1008 ‚
489 958 683 1007 flammae,
712 958 815 997 inter
845 966 1082 1011 argentum,
1110 971 1190 1010 quo
1217 968 1338 1011 portae
1369 954 1552 996 obduce-

158 1020 302 1062 bantur
328 1020 374 1072 ⁶,
405 1020 581 1062 elqutae
597 1050 610 1071 ,
646 1019 756 1075 ligna
783 1021 1026 1075 corripuere.
1052 1018 1344 1059 Dissilientibus
1368 1018 1522 1059 foribus
1537 1029 1554 1068 ‚'

157 1085 407 1139 flammisque
437 1083 737 1141 erumpentibus
753 1114 764 1134 ,
786 1082 1022 1139 obstupuere
1044 1081 1190 1126 Judaei:
1214 1083 1260 1123 iis
1280 1097 1330 1122 ne
1353 1080 1443 1122 satis
1465 1083 1554 1135 qui-

159 1147 250 1188 dem
278 1149 401 1189 animi
430 1148 479 1189 ad
506 1148 677 1189 arcenda
703 1147 914 1197 incendia,
937 1161 1020 1200 quae
1043 1146 1107 1186 die
1130 1147 1325 1199 noCteque
1347 1150 1361 1172 ⁷
1385 1145 1552 1200 grassata

159 1211 265 1254 sunt.
284 1212 453 1253 Interim
479 1212 596 1252 Titus
612 1242 624 1262 ,
654 1212 794 1252 accitis
817 1210 1015 1251 exercitus
1036 1209 1095 1249 sui
1118 1207 1285 1250 ducibus
1311 1206 1324 1229 ⁸
1339 1238 1352 1259 ,
1373 1209 1422 1249 de
1447 1222 1552 1249 tem—

160 1273 231 1332 plo
257 1273 521 1325 consultabat.
548 1275 597 1314 In
623 1274 824 1315 diversum
849 1271 1163 1315 distrahebantur
1187 1277 1203 1300 9
1229 1271 1447 1312 sententiae.
1469 1270 1554 1312 Alii

161 1337 380 1379 censebant
395 1336 518 1390 «jure
532 1337 630 1378 belli
645 1337 839 1378 utendum
856 1336 1020 1381 :Judaeis
1037 1335 1123 1375 fore
1137 1335 1554 1384 contumaciam,dum

160 1417 182 1440 »
193 1401 308 1443 staret
322 1401 363 1442 id
379 1414 710 1443 monumentum:
727 1402 808 1442 huc
825 1415 893 1441 eos
908 1398 1084 1453 undique
1099 1411 1293 1440 terrarum
1311 1399 1549 1440 convenire:

202 1536 211 1552 ¹
234 1532 372 1563 Srnucn
395 1542 535 1563 Acamas
555 1533 570 1570 ]
597 1533 624 1562 A
655 1531 773 1562 duabus
797 1531 843 1563 le-
874 1531 953 1563 ibid.
971 1539 1058 1561 num.
1077 1540 1106 1560 2.
1122 1530 1177 1560 Eas
1195 1538 1326 1574 quoque
1347 1528 1411 1559 auri
1433 1526 1558 1559 laminis

162 1570 310 1618 gionibus
330 1572 464 1602 absoluti
493 1572 564 1602 sunt
583 1571 615 1601 hi
643 1581 768 1622 aggeies
792 1571 842 1602 die
876 1571 962 1602 fuiss'e
979 1573 1070 1601 tectas
1087 1570 1180 1600 tradit
1194 1568 1277 1599 idem
1296 1568 1385 1607 Josep
1389 1568 1461 1603 hus,
1478 1568 1556 1597 Bell.

163 1610 273 1642 οᾶανει
289 1610 398 1641 mensis
422 1611 507 1648 Loi,
528 1611 653 1649 Animam
649 1625 697 1642 003
687 1611 785 1650 θγόὲη,
811 1611 843 1641 id
877 1611 948 1641 Jud.
970 1612 1017 1647 V,
1038 1619 1065 1649 5
1080 1619 1169 1640 num.
1205 1609 1286 1638 .Sed
1303 1607 1359 1638 hac
1377 1608 1414 1637 de
1430 1617 1461 1637 ιε
1476 1607 1559 1637 dice

162 1651 204 1682 est
233 1661 245 1688 3
269 1650 405 1690 Augusti.
430 1635 541 1681 Stru'tsti
567 1660 670 1681 autem
695 1658 782 1680 erant
805 1650 844 1680 ad
877 1658 926 1681 tur
959 1649 992 1679 in
1018 1648 1112 1679 Notis
1140 1649 1174 1679 &
1184 1629 1491 1677 Emendationibus
1516 1646 1558 1677 ad

164 1691 309 1720 exedram
326 1690 565 1721 Occidentalem
585 1689 693 1729 templi
715 1689 844 1720 interio-
880 1689 954 1720 Hist.
974 1691 1018 1725 V,
1033 1692 1061 1719 8.
1078 1687 1243 1719 ubimulta
1262 1687 1323 1717 de
1317 1696 1468 1717 immensa
1482 1694 1559 1718 tem

162 1729 213 1760 xis.
232 1729 355 1768 Joseph.
373 1730 451 1760 Bell.
472 1730 541 1760 Jud.
560 1732 621 1767 Vl,
638 1742 670 1767 4.
688 1739 774 1759 num.
798 1740 824 1760 1.
878 1729 921 1769 pli
941 1727 1115 1767 opulentia.

203 1770 351 1800 ²Imuro
372 1781 481 1800 TAMEN
503 1781 626 1800 meone
647 1770 661 1807 ]
681 1771 741 1800 Sex
763 1779 845 1808 quo·
916 1775 929 1795 7
952 1769 1012 1799 Dm
1035 1778 1200 1802 NOCTEQUE
1221 1766 1375 1805 ]Joseph.
1394 1765 1470 1797 Bell.
1487 1765 1561 1797 Jud.

163 1818 224 1847 quc
248 1808 379 1845 diebus,
405 1817 572 1853 antequam
594 1819 718 1848 aggeres
740 1808 845 1839 absol·
877 1809 940 1844 vl,
963 1819 993 1845 4.
1014 1817 1099 1837 num.
1119 1818 1149 1836 2.
1180 1806 1258 1836 Ε’ίκε
1250 1807 1343 1844 νῦιιμιι
1363 1820 1388 1837 κν
1409 1820 1450 1837 την
1469 1805 1560 1848 &faigm

163 1856 336 1883 verentur,
365 1848 561 1886 quatiebatur
590 1859 693 1878 murus
713 1872 722 1884 ,
755 1847 845 1878 simul
876 1847 973 1884 Ψτὲι
990 1850 1097 1877 {wimar
1116 1845 1230 1877 νυκἹὲι-έὸ
1248 1851 1334 1885 πῧες
1327 1846 1463 1884 insuffla.
1484 1845 1558 1874 Dies

163 1886 367 1917 fundamenta
383 1888 690 1932 Septemtrionalisp
694 1895 768 1918 ottae
787 1887 846 1918 suf-
878 1887 932 1917 illa
947 1886 1008 1918 fuit
1025 1889 1135 1918 oetava
1154 1885 1263 1917 mensis
1286 1885 1371 1923 Loi,
1394 1885 1444 1916 seu
1464 1894 1476 1923 3
1496 1885 1560 1915 Au-

164 1926 387 1964 fodiebantur,
404 1935 435 1957 at
450 1926 551 1957 irritus
566 1927 683 1966 semper
696 1927 785 1957 labor
799 1937 848 1957 re—
879 1926 965 1966 gusti.

166 1965 264 2003 cidit,
285 1967 327 1997 ob
349 1976 417 1996 eam
434 1967 480 2005 lap
484 1966 571 1996 idum
589 1965 829 1996 immensitatem
841 1987 850 2003 ,
919 1966 931 1985 ⁸
953 1967 1133 1997 Εκτκειτυε
1149 1976 1196 1995 SUI
1214 1975 1342 1995 bucinus
1359 1968 1371 1998 ]
1388 1964 1489 1995 Acciti
1507 1964 1561 1994 du-

167 2005 206 2034 de
225 2015 286 2044 qua
310 2005 426 2037 dietum
451 2006 491 2036 est
515 2006 603 2045 supra
624 2006 698 2036 Hist.
722 2008 771 2040 V,
802 2016 848 2036 12.
880 2016 928 2036 ces
950 2005 1036 2036 fuere
1065 2005 1210 2035 Tiberius
1238 2004 1432 2038 Alexander,
1463 2003 1560 2034 totius

167 2052 239 2074 not.
263 2055 292 2074 2.
879 2044 1000 2075 militia:
1013 2045 1184 2082 praefectus,
1201 2046 1310 2073 Sextus
1324 2043 1461 2074 Cerealis
1475 2043 1562 2082 quin-

207 2087 218 2110 Ξ
247 2084 370 2114 Tamtu
404 2096 587 2116 Ponricmus
620 2087 634 2123 ]
672 2082 847 2115 Porticibus
879 2093 915 2114 tae
942 2084 1079 2128 legionis
1106 2084 1244 2123 leuatus,
1267 2083 1394 2113 Larcius
1424 2083 1562 2121 Lepidus

167 2122 276 2161 templi
297 2122 466 2155 interioris.
484 2124 606 2163 Joseph.
629 2123 706 2154 ibid.
724 2123 847 2167 Duplex
879 2123 1029 2159 decimae,
1053 2116 1149 2153 Titus
1171 2124 1251 2161 Fgru
1242 2122 1265 2151 i
1291 2122 1562 2161 quintaedecimae,

168 2162 254 2193 enim
289 2162 439 2200 templum
461 2174 467 2192 :
495 2164 578 2194 aliud
602 2162 736 2194 exterius
756 2186 765 2199 ,
794 2162 849 2192 ubi
882 2162 1039 2194 Aiternius
1054 2163 1175 2192 Fronto
1193 2163 1320 2192 duarum
1341 2161 1564 2192 Alexandrina-

166 2201 282 2234 atrium
312 2201 476 2239 gentium:
495 2203 579 2233 aliud
608 2202 736 2234 interius
757 2225 766 2238 ,
795 2201 849 2230 ubi
882 2212 949 2232 rum
965 2202 1126 2245 lebionum
1143 2201 1489 2241 prts'ecl11S‚&Marcue
1504 2202 1564 2228 An

169 2240 282 2272 atrium
302 2241 503 2277 Judaeorum,
530 2242 583 2272 ubi
597 2253 672 2278 ara,
694 2241 748 2273 ubi
762 2243 851 2271 Sanc·
881 2240 987 2272 tonius
1005 2241 1142 2271 Julianus
1164 2249 1346 2284 procurator
1361 2238 1565 2270 Judaeae21ri-

127 2311 131 2316 ,
169 2288 256 2315 tum,
268 2280 303 2310 &
324 2282 673 2312 δαηὲὶωῃὸαηᾶοηιιη.
881 2281 958 2312 buni
976 2290 1103 2320 quoque
1120 2282 1152 2311 ὅ(
1169 2280 1221 2311 alii
1238 2289 1341 2311 aceiti.
1357 2280 1447 2324 Josep
1439 2279 1481 2308 h.
1502 2278 1565 2308 loc.

207 2323 222 2343 ⁴
244 2321 339 2349 S1GNA
363 2320 503 2350 ROMANA
526 2322 538 2357 ]
559 2320 681 2358 joseph.
704 2319 780 2349 ibid.
881 2320 934 2351 cit.
958 2331 1045 2350 num.
1075 2331 1100 2357 3.
1120 2320 1153 2349 ld
1170 2329 1273 2351 autem
1289 2322 1389 2349 aetum
1406 2318 1456 2349 die
1480 2316 1566 2348 non-i

211 2363 220 2385 ἱ
243 2360 399 2389 §ocenum
424 2363 435 2393 ]
455 2360 566 2399 Joseph
572 2360 676 2391 .ibid.
697 2359 752 2391 Τὲις
768 2359 853 2390 πύλας
884 2359 995 2390 mensis
1019 2361 1044 2389 Ι
1049 2360 1104 2395 oi,
1127 2359 1221 2397 scu4
1242 2359 1376 2398 Augusti

170 2397 323 2437 προσέταξεν
346 2398 470 2436 ὁφίιπἩι.
921 2404 934 2422 ⁹
957 2400 1056 2429 D1sru
1063 2410 1253 2431 MULANTUR
1273 2401 1287 2437 ]
1308 2399 1379 2428 Haec
1397 2396 1504 2427 omnia
1518 2396 1570 2427 Jo-

212 2438 226 2455 ⁶
253 2438 366 2468 Ponu:
396 2449 650 2471 ossoucizssAuruiz
683 2440 699 2478 ]
729 2438 854 2478 Joseph.
884 2437 993 2479 sephus
1011 2439 1074 2472 loc.
1091 2438 1145 2472 cit.

298 2480 405 2521 Tom.
424 2483 502 2526 III.
1320 2482 1357 2523 V
1375 2496 1400 2520 v

1562 269 1678 288 ς

1564 308 1594 332 Α.
1606 307 1637 329 U.
1647 305 1678 329 C·

1586 355 1658 389 823.

1590 406 1611 429 J.
1625 404 1658 428 C.

1596 460 1647 489 70.
