2230 3047
510 323 539 346 A.
552 322 581 344 U.
593 321 622 345 C.

526 371 596 398 822.

526 421 548 443 J.
560 420 590 444 C.

528 469 587 505 69.

657 205 739 240 190
920 186 967 227 C.
1036 186 1422 229 CORNELII
1486 185 1758 227 TACITI

648 272 831 325 legiones
849 267 1112 310 ostenderent.
1128 268 1302 324 Agrestis
1319 268 1367 309 ad
1383 265 1597 308 Vitellium
1612 267 1829 324 remeavit,
1853 268 2032 329 abnuen⁴

648 336 757 388 tique
773 349 794 368 «
814 346 908 372 vera
922 331 996 372 esse
1013 347 1095 386 qua:
1118 333 1288 373 adferret
1308 350 1328 368 2>
1339 361 1351 381 ‚
1374 343 1491 383 atque
1511 328 1619 371 ultro
1640 347 1662 368 «
1679 344 1913 388 corruptum
1930 349 1950 369 ›>
1967 347 2031 373 ar-

648 397 812 453 guenti3
834 412 855 431 «
871 394 1252 450 quandoquidem»,
1277 394 1405 447 inquit
1418 422 1431 443 ,
1456 409 1476 429 «
1499 408 1646 448 magno
1666 395 1912 437 documento
1929 408 2031 450 opus

648 478 669 498 »
680 461 759 510 est,
781 473 856 499 nec
873 457 970 499 alius
988 456 1067 511 jam
1093 458 1166 499 tibi
1187 471 1253 498 aut
1278 459 1366 497 vitae
1381 486 1394 507 ,
1416 469 1484 496 aut
1505 458 1643 498 mortis
1665 472 1759 498 meae
1782 458 1872 499 usus
1887 488 1899 508 ‚
1926 457 2031 499 dabo

649 524 748 564 »cui
770 521 905 562 credas
925 538 963 561 »z
988 535 1105 576 atque
1126 523 1179 562 ita
1203 520 1391 575 digressus
1403 549 1416 570 ,
1444 518 1670 561 voluntaria
1690 534 1819 562 morte
1840 522 1940 562 dieta
1962 520 2029 560 fir-

648 587 785 627 mavit.
801 585 978 640 Quidam
999 602 1021 621 «
1040 584 1139 637 jussu
1163 582 1321 626 Vitellii
1342 582 1592 623 interfectum
1611 598 1656 631 »3
1679 585 1729 625 de
1747 584 1824 625 fide
1847 585 2032 626 constan-

606 662 610 664 ·
651 648 784 703 ῑίἒιφιε
803 654 813 670 ¹
830 648 973 688 eadem
991 648 1201 688 tradidere.

709 713 806 753 LV.
840 713 1081 753 VITELLIU
1093 724 1110 749 s
1126 740 1138 759 ,
1161 723 1207 749 ut
1221 723 1243 749 e
1259 709 1402 750 somno
1418 712 1573 751 excitus
1586 739 1600 761 ,
1623 727 1645 748 «
1663 708 1816 755 Julium
1832 709 2033 761 Priscum,

648 792 670 813 »
682 779 722 816 ὃς
738 774 970 830 Alphenum
987 774 1135 814 Varum
1152 802 1165 823 ‚
1190 787 1282 814 curn
1300 773 1604 827 quatuordecim
1630 773 1819 830 proetoriis
1850 775 2032 814 cohorti-

648 837 752 878 »bus
766 868 778 888 ‚
803 842 841 878 ὃ(
867 835 1053 877 omnibus
1079 837 1258 891 equitum
1288 834 1358 877 alis
1380 835 1556 877 obfidere
1575 837 1836 893 Apenninum
1862 854 1882 873 >›
1908 834 2030 887 jubet.

647 903 794 942 Secuta
810 915 831 940 e
849 898 1013 940 classicis
1031 898 1152 954 legio.
1175 899 1258 940 Tot
1280 898 1406 940 millia
1423 914 1665 941 armatorum
1680 929 1692 950 ,
1718 899 1816 940 leika
1838 900 1947 952 equis
1970 900 2033 938 vi-

647 964 776 1018 risque
792 993 802 1013 ,
828 963 851 1001 sl
872 963 953 1003 dux
976 963 1074 1002 alius
1091 962 1195 1003 foret
1209 992 1220 1012 ,
1246 962 1455 1003 inferendo
1475 978 1633 1017 quoque
1654 960 1765 1003 bello
1790 962 1879 1002 satis
1902 959 2033 1017 polle-

649 1026 757 1067 bant.
775 1026 924 1066 Ceterae
949 1027 1135 1066 cohortes
1148 1055 1160 1075 ‚
1187 1025 1234 1065 ad
1251 1025 1440 1065 tuendam
1455 1025 1604 1065 Urbem
1621 1054 1634 1074 ,
1661 1025 1709 1065 L.
1726 1023 1897 1066 Vitellio
1923 1024 2033 1065 fratri

649 1090 760 1130 datae.
776 1088 864 1144 Ipse
880 1089 980 1128 nihil
997 1104 1017 1129 e
1032 1086 1152 1128 solito
1168 1086 1264 1127 luxu
1278 1089 1504 1137 remittens,
1524 1092 1563 1128 ὅ(
1581 1086 1800 1128 diffidentia
1815 1101 2005 1142 properus
2020 1114 2034 1137 ,

650 1153 830 1192 festinare
851 1152 1016 1192 comitia
1029 1181 1041 1200 ,
1064 1149 1205 1204 quibus
1228 1149 1411 1191 consules
1429 1152 1469 1190 in
1485 1149 1634 1190 multos
1652 1165 1778 1191 annos
1795 1149 2032 1190 destinabat:

649 1215 801 1255 foedera
822 1215 939 1254 sociis
961 1218 996 1264 ²,
1020 1214 1181 1253 Latium
1199 1214 1372 1253 externis
1389 1212 1589 1267 dilargiri:
1613 1214 1673 1254 his
1693 1213 1840 1254 tributa
1857 1213 2036 1253 dimitte-

649 1293 691 1319 re
708 1295 715 1317 :
743 1276 842 1317 alios
859 1275 1175 1317 immunitatibus
1193 1274 1351 1328 juvare:
1378 1276 1549 1330 denique
1565 1274 1676 1316 nulla
1692 1278 1732 1315 in
1751 1277 1949 1332 posterum
1967 1290 2037 1317 cu-

649 1340 691 1381 13,
706 1371 718 1391 ,
740 1339 913 1381 lacerare
929 1341 1153 1396 imperium.
1169 1339 1248 1380 Sed
1264 1337 1408 1394 vulgus
1426 1339 1474 1379 ad
1490 1339 1807 1394 magnitudinem
1824 1339 2038 1380 beneficio-

651 1418 739 1444 rum
757 1403 911 1444 aderat:
938 1402 1174 1443 stultiffimus
1189 1402 1352 1457 quisque
1368 1403 1548 1458 pecuniis
1564 1401 1834 1443 mercabatur:
1862 1402 1965 1458 apud
1983 1402 2035 1442 sa-

650 1468 806 1524 pientes
827 1466 928 1506 caffa
944 1465 1215 1516 habebantur,
1242 1480 1324 1519 quae
1342 1480 1470 1519 neque
1491 1465 1602 1514 dari,
1628 1479 1756 1519 neque
1784 1466 1939 1520 accipi,
1962 1463 2036 1505 sal-

651 1528 702 1570 va
732 1528 935 1585 republica
955 1559 967 1579 ,
1004 1541 1202 1584 poterant.
1235 1528 1419 1569 Tandem
1438 1557 1450 1578 ,
1487 1528 1691 1582 flagitante
1721 1530 1901 1568 exercitu
1919 1557 1932 1577 ‚
1969 1529 2038 1581 qui

652 1593 887 1634 Mevaniam
915 1597 925 1620 ³
954 1592 1150 1632 insederat
1176 1620 1190 1641 ‚
1224 1605 1371 1645 magno
1396 1591 1622 1631 senatorum
1646 1592 1831 1646 agmine,
1866 1605 2038 1644 quorum

651 1654 802 1696 multos
819 1654 1037 1695 ambitione
1052 1685 1064 1705 ,
1093 1653 1224 1710 plures
1240 1654 1453 1695 formidine
1469 1653 1651 1695 trahebat
1664 1684 1675 1705 ,
1704 1656 1746 1694 in
1763 1654 1884 1695 castra
1899 1655 2011 1695 venit
2022 1682 2038 1706 ‚

654 1721 830 1760 incertus
851 1719 999 1768 animi,
1027 1718 1213 1758 &infidis
1231 1717 1404 1759 consiliis
1425 1715 1637 1759 obnoxius.

718 1782 840 1823 LVI.
876 1781 1238 1822 CoNffloNANTr
1257 1785 1269 1831 (
1286 1781 1559 1838 prodigiosum
1577 1781 1681 1822 dietu
1705 1784 1716 1832 )
1734 1795 1887 1823 tantum
1908 1780 2037 1822 foeda-

655 1860 743 1884 rum
758 1844 970 1885 volucrum
985 1850 1002 1872 4
1018 1844 1342 1899 supervolitavit,
1358 1857 1402 1884 ut
1418 1844 1522 1885 nube
1539 1843 1621 1885 atra
1636 1844 1740 1885 diem
1758 1844 2036 1886 obtenderent.

656 1907 831 1949 Acceffit
848 1909 975 1949 dirum
993 1922 1112 1948 omen
1125 1937 1139 1958 ,
1164 1908 1356 1964 profugus
1373 1905 1560 1948 altaribus
1579 1912 1592 1939 5
1610 1921 1743 1949 taurus
1755 1938 1768 1959 ,
1796 1906 1959 1961 disje&o
1977 1908 2039 1948 sa-

699 2011 707 2025 ¹
733 2006 814 2035 Fmiz
828 2014 1084 2041 consrsmrmour:
1095 2007 1107 2043 ]
1117 2007 1222 2036 Parem
1232 2005 1325 2035 fidem
1365 2004 1403 2033 λοὶ
1423 2006 1597 2044 προσπεσένἾες
1607 2028 1615 2041 ,
1635 2007 1669 2035 τά
1681 2021 1707 2036 τε
1721 2006 1771 2044 ἱερὰ
1785 2005 1952 2035 διεσκέδασαν
1964 2029 1973 2040 ,
1995 2007 2038 2043 ⁹54¹

656 2044 922 2083 constantiamque
959 2045 1157 2083 manipularis
1195 2044 1303 2075 militis
1319 2067 1327 2080 ,
1366 2046 1447 2073 ἐκεῖνον
1470 2045 1521 2073 ,ἐπὶ
1541 2049 1572 2075 τὲ
1591 2045 1703 2083 Castam-05
1723 2045 1800 2081 bal-yx
1819 2045 1869 2075 δεῖν
1892 2045 2038 2075 muana.

658 2084 757 2114 fraffis
769 2084 849 2121 apud
866 2084 1049 2114 Bebriacum
1062 2086 1169 2122 rebus,
1192 2084 1326 2115 vidimus
1367 2083 1511 2113 Vulturum
1534 2084 1576 2113 vis
1591 2094 1694 2124 magna
1715 2085 1815 2119 irruit,
1836 2085 1960 2114 z'ielimas
1980 2083 2038 2122 dis-

658 2124 745 2162 supra
766 2123 838 2152 Hist.
859 2124 904 2160 ΙΙ,
922 2135 971 2162 47.
989 2132 1056 2154 not.
1076 2134 1100 2161 3.
1366 2122 1459 2162 cerpfir
1477 2147 1485 2158 ,
1512 2123 1644 2162 igfizmque
1675 2123 1816 2155 Vitellium
1843 2123 1875 2153 de
1904 2122 2038 2153 tribunali

698 2168 710 2181 ²
723 2163 859 2192 Famma
874 2165 991 2200 sociis]
1003 2164 1048 2193 De
1061 2162 1217 2193 foedcratis
1229 2173 1325 2201 popu·
1360 2162 1445 2200 ferme
1459 2161 1624 2194 deturbavit.

658 2202 695 2232 lis
708 2226 717 2239 ,
747 2201 840 2232 Latio
854 2224 862 2237 ,
889 2204 923 2233 &c
944 2203 1009 2239 jure
1027 2202 1133 2237 Latii,
1152 2203 1267 2232 dietum
1285 2203 1328 2232 est
1403 2207 1412 2228 5
1437 2203 1600 2233 PRoruous
1624 2204 1821 2240 muninus]
1841 2202 1937 2239 Quod
1954 2201 2037 2232 inter

658 2241 746 2280 supra
761 2241 792 2271 in
817 2241 911 2271 Notis
928 2242 962 2272 ὃς
982 2241 1262 2272 Emendationibus
1288 2242 1326 2272 ad
1366 2241 1483 2271 ostenta
1501 2241 1681 2272 habebatur.
1700 2242 1780 2272 Vide
1800 2241 1985 2272 Suetonium
2002 2241 2037 2270 in

658 2280 771 2310 Annal.
794 2281 858 2316 XI,
874 2291 925 2318 23.
1365 2281 1424 2311 Jul.
1442 2282 1525 2311 LIX.
1553 2282 1630 2312 Inde
1647 2280 1762 2326 Plinius
1784 2283 1873 2315 vm,
1899 2290 1950 2347 4Z.
1978 2279 2037 2323 Hqc

700 2326 708 2346 3
734 2320 915 2351 Mavzmmm
931 2321 946 2356 ]
965 2320 1058 2350 Nunc
1078 2319 1231 2360 Bevagna,
1256 2319 1328 2349 dans
1365 2330 1463 2358 quoque
1483 2330 1605 2349 notatum
1623 2344 1632 2357 ,
1658 2320 1759 2350 mulos
1779 2320 1815 2349 ad
1831 2329 1897 2350 aras
1937 2327 2037 2347 umeru-

657 2359 682 2387 Ie
708 2358 809 2388 Duche‘
828 2358 860 2387 de
878 2358 995 2396 Spolete.
1365 2359 1481 2388 hominis
1503 2359 1605 2389 allatos
1623 2370 1676 2388 non
1693 2359 1755 2396 fere
1771 2359 1853 2389 lirare
1866 2383 1874 2395 ,
1893 2357 1968 2398 ficut
1987 2367 2037 2386 nec

697 2404 711 2421 ⁴
732 2399 898 2429 menum
928 2409 1106 2430 vomerum
1131 2399 1145 2435 ]
1182 2398 1327 2428 Vultnres
1366 2398 1559 2435 claudicante,
1587 2409 1637 2428 nec
1653 2398 1744 2427 aliem?
1766 2398 1847 2439 hostici
1863 2398 1926 2428 deos
1944 2396 2039 2436 placa-

659 2439 791 2475 appellat
806 2437 869 2469 Dio
881 2439 967 2471 LXV
978 2460 987 2475 ,
999 2448 1067 2478 pag.
1081 2449 1152 2478 740.
1168 2439 1248 2470 Γίητις
1260 2447 1327 2467 πολ-
1366 2438 1408 2477 ri,
1421 2448 1470 2467 nec
1482 2438 1648 2478 trahentese
1662 2437 1696 2466 ab
1707 2437 1776 2468 aris.
2024 2455 2026 2457 >

2065 842 2117 873 10

2070 1153 2123 1193 15'

2065 1474 2121 1502 20
