2230 3047
149 1462 204 1491 20

416 170 459 210 H
475 167 895 211 ISTORIARUM
928 167 1125 211 LIBER
1158 170 1412 214 PRIMUS.

240 249 385 305 »piore
404 250 567 291 transitu
582 280 594 301 ,
622 250 782 291 Peninis
803 247 906 303 jugis
931 254 941 270 ¹

1577 186 1627 226 51

967 249 1131 304 degredi
1156 267 1177 285 >³
1201 249 1332 301 jussus.
1353 252 1517 294 Valenti
1536 254 1634 295 infe-

241 313 355 353 rioris
381 314 580 354 exercitus
600 312 737 363 eleffi,
754 327 847 353 cum
864 311 994 366 aquila
1010 314 1156 366 quintae
1179 312 1351 367 legionis
1388 321 1426 356 ὃ(
1451 318 1631 358 cohorti—

239 373 312 416 bus
327 374 490 429 alisque,
508 377 556 417 ad
571 376 832 431 quadraginta
845 374 972 416 millia
986 389 1229 416 armatorum
1244 376 1333 418 data
1348 395 1354 417 :
1370 380 1532 433 triginta
1542 380 1631 421 mil-

237 436 292 479 lia
316 438 476 480 Caecina
497 454 518 480 e
539 439 741 494 superiore
763 438 982 479 Germani&
1003 438 1175 480 ducebat
1190 468 1204 489 ,
1233 454 1404 493 quorum
1427 442 1547 483 robur
1572 443 1630 485 le-

186 513 210 553 5
237 502 306 556 gio
327 502 633 543 unaetvicefima
660 501 737 542 fuit
761 519 768 541 :
795 502 928 542 addita
957 504 1114 559 utrique
1136 503 1433 544 Germanorum
1457 506 1631 558 auxilia,

240 579 262 604 e
294 564 435 619 quibus
469 563 659 607 Vitellius
692 564 778 606 suas
801 580 962 620 quoque
987 567 1124 622 copias
1148 564 1376 622 supplevit,
1405 568 1491 609 torsi
1519 570 1630 612 mole

239 626 337 668 belli
357 628 574 669 secuturus.

299 691 454 732 LXII.
488 693 625 733 MIRA
653 693 757 733 inter
778 694 1001 740 exercitum
1023 692 1394 748 Imperatoremque
1415 694 1628 738 diversitas.

237 753 384 795 Instare
399 752 534 806 miles,
561 770 704 796 «arma
720 773 741 793 »
764 756 929 812 poscere
944 786 957 806 ,
982 773 1003 792 ‹<
1018 755 1111 796 dum
1129 755 1270 796 Galliae
1285 757 1486 812 trepident
1500 788 1512 807 ,
1534 759 1629 799 dum

158 830 208 858 10
235 818 469 874 »Hispaniae
487 819 739 860 canerentur:
760 835 842 860 non
858 818 1009 860 obstare
1032 820 1230 869 hiemem,
1251 834 1379 874 neque
1394 821 1545 875 ignavae
1566 837 1629 877 pa-

236 882 327 922 »cis
357 896 508 923 moras:
531 882 798 923 invadendam
817 882 975 923 Italiam
991 912 1003 932 ,
1029 883 1309 939 occupandam
1337 882 1507 924 Urbem:
1525 884 1627 924 nihil

236 945 309 984 »in
341 944 549 986 discordiis
572 944 758 987 civilibus
788 946 1040 987 festinatione
1064 948 1187 987 tutius
1203 976 1216 997 ,
1245 946 1314 986 ubi
1337 947 1438 988 facio
1461 949 1587 1003 magis
1614 977 1628 999 ,

238 1006 390 1061 »quam
410 1007 624 1059 consulto,
653 1024 754 1066 opus
781 1009 888 1050 effer.
914 1027 935 1046 ))
979 1009 1186 1065 Torpebat
1226 1009 1444 1060 Vitellius,
1474 1015 1512 1052 &
1543 1011 1628 1051 for-

233 1083 372 1112 tunam
393 1073 636 1128 principatfis
668 1073 785 1114 inerti
806 1072 906 1113 luxu
926 1088 971 1114 ac
991 1072 1167 1129 prodigis
1189 1071 1316 1129 epulis
1341 1073 1629 1129 praesumebat,

156 1142 205 1184 15
235 1134 369 1175 medio
391 1135 471 1176 diei
496 1135 740 1177 temulentus
755 1166 767 1187 ,
794 1141 833 1177 ὅ(
857 1134 991 1191 sagina
1011 1138 1142 1190 gravis
1166 1140 1203 1176 ²:

1237 1138 1329 1177 cum
1352 1151 1485 1178 tamen
1509 1138 1625 1179 ardor

234 1201 276 1238 &
295 1198 354 1239 vis
379 1197 554 1239 militum
577 1197 686 1240 ultro
719 1200 831 1240 ducis
854 1201 989 1240 munia
1010 1198 1229 1255 implebat,
1257 1213 1302 1240 ut
1320 1200 1347 1238 sl
1374 1201 1520 1241 adesset
1541 1202 1626 1241 Im-

233 1274 418 1316 perator,
443 1266 483 1303 &
519 1263 709 1314 strenuis,
738 1262 803 1304 vel
836 1263 1018 1318 ignavis,
1045 1263 1155 1318 spem
1188 1276 1420 1317 metumque
1446 1264 1622 1305 adderet.

230 1324 410 1365 InstruEti
427 1326 650 1380 intentique
671 1325 692 1363 ’«
710 1327 861 1381 signum
876 1325 1133 1382 profefi'tionis
1153 1343 1174 1363 ι)
1199 1326 1436 1382 exposcunt.
1457 1329 1626 1368 Nomen

233 1387 466 1428 Germanici
489 1394 498 1418 ³
524 1389 695 1432 Vitellio
726 1391 854 1431 statim
881 1389 1081 1431 additum:
1108 1387 1292 1443 Castu-em
1323 1390 1362 1429 se
1397 1389 1589 1446 appellari
1610 1420 1624 1441 ,

230 1452 351 1493 etiam
367 1453 494 1494 victor
509 1453 716 1510 prohibuit
731 1459 760 1495 4.
771 1454 925 1495 Laetum
948 1454 1155 1509 augurium
1171 1451 1296 1495 Fabio
1312 1452 1497 1505 Valenti,
1512 1468 1625 1494 exer-

272 1566 281 1580 ¹
305 1562 427 1593 Pennus
450 1572 534 1595 JUGIS
551 1567 562 1598 ]
590 1562 706 1593 Penina
729 1563 800 1603 juga
819 1587 826 1598 ‚
857 1563 906 1594 seu

231 1600 355 1632 Peninae
369 1601 459 1640 Alpes
470 1623 478 1636 ‚
496 1602 608 1642 quibus
624 1603 774 1642 degrcffus
788 1603 828 1634 est
841 1604 907 1633 Cae-

232 1640 303 1671 cina
311 1661 319 1675 ‚
330 1651 413 1672 nunc
423 1641 603 1673 vocitantur
616 1641 640 1671 le
648 1642 757 1682 pastc'zge
770 1641 805 1672 du
813 1642 906 1683 grand

230 1679 265 1710 S.
280 1679 417 1709 Bernard.
438 1681 518 1712 Male
541 1681 675 1718 Plinius,
692 1684 754 1715 III,
778 1694 831 1721 17,
848 1683 904 1712 Al-

231 1729 284 1758 pes
304 1719 440 1749 Paeninas
457 1720 590 1760 scripsit,
605 1722 691 1760 quod
706 1722 748 1751 his
762 1721 904 1752 Poerzos....

231 1759 351 1800 transtffe
365 1769 524 1791 memorant.
547 1761 640 1807 Alpes
658 1761 780 1792 Peninae
799 1763 905 1800 appel-

232 1798 335 1829 Iantur
348 1809 365 1829 a
378 1810 458 1830 voce
478 1800 598 1830 Celtica
615 1799 672 1829 Pen
685 1824 692 1835 ,
711 1811 778 1840 quae
796 1811 904 1839 caput,

230 1837 569 1878 verticem,fignificat.
584 1840 632 1880 Ibi
645 1841 807 1871 colebatur
821 1842 903 1872 Deus

230 1878 364 1909 Peninus
379 1901 388 1914 ,
420 1886 454 1908 ut
483 1879 578 1909 docet
604 1888 693 1910 vetus
718 1880 901 1920 Inscriptio,

230 1926 322 1954 quam
341 1927 358 1948 a
380 1916 507 1949 Graevio
530 1919 650 1959 accepit
673 1920 813 1958 Gudius,
834 1931 901 1961 pag.

230 1957 322 1996 LIV,
340 1967 429 1988 num.
448 1961 477 1988 6.

343 2010 518 2035 LVC1vs.
555 2012 770 2037 LYCIL1VS

416 2053 440 2078 D
452 2054 471 2078 E
481 2054 514 2078 Ο.
551 2055 569 2078 Ρ
579 2056 597 2079 Ε
608 2058 629 2079 N
641 2058 650 2079 1
664 2058 682 2080 Ν
694 2056 716 2080 Ο

469 2097 492 2121 O
504 2096 522 2120 P
535 2098 556 2121 T
567 2099 578 2121 1
589 2099 614 2121 Μ
627 2099 648 2122 O

447 2142 474 2165 M
494 2143 518 2165 Α
536 2143 556 2165 Χ
576 2143 586 2165 1
605 2144 630 2166 M
652 2144 674 2168 O

390 2185 556 2211 DONVM.
587 2186 742 2212 DEDIT.

229 2223 306 2254 Non
326 2224 450 2256 Peninis
465 2227 498 2265 ju
521 2227 564 2262 is,
584 2228 635 2259 sed
648 2229 718 2264 viai,
735 2240 801 2269 quae
818 2240 901 2260 nunc

227 2271 360 2294 vocatur
377 2263 483 2295 lenzam
515 2267 789 2303 'enevre‚tranficre
804 2270 900 2300 Poeni.

270 2306 280 2319 ²
303 2305 422 2336 Samma
444 2308 591 2344 GRAVJS]
612 2309 780 2339 Suetonius
796 2309 828 2339 in
843 2309 901 2341 Vi-

229 2341 296 2386 tell.
316 2344 413 2374 XVII.
436 2344 507 2375 Erat
527 2347 556 2375 in
575 2357 623 2384 eo,
647 2348 780 2379 Vitellio
793 2372 801 2385 ‚
826 2359 902 2378 enor-

230 2390 282 2409 mis
309 2384 485 2426 procerims,
504 2385 597 2422 fizcies
629 2387 725 2417 rubida
747 2388 902 2429 plerumque

229 2429 265 2449 ex
285 2422 455 2464 wnolenzz'd,
470 2435 565 2456 venter
582 2426 682 2466 obeflaes.

988 1567 996 1588 ³
1022 1563 1143 1593 NOMEN
1170 1562 1355 1592 Gmmmcr
1384 1562 1398 1598 ]
1434 1563 1565 1593 Sueton.
1589 1562 1624 1594 in

946 1601 1053 1632 Vitell.
1075 1602 1157 1632 VIII.
1177 1600 1332 1640 Cognomen
1362 1600 1525 1631 Germanici
1549 1601 1623 1630 dela-

946 1649 1001 1669 tum
1019 1641 1054 1670 ab
1077 1640 1210 1680 univerfis
1239 1640 1334 1677 cupide?
1358 1641 1477 1677 recepic:
1505 1641 1622 1680 Augusti

945 1679 1066 1719 distulit:
1093 1679 1214 1719 Ca’fizris
1237 1680 1264 1709 in
1292 1688 1449 1717 perpetuum
1475 1681 1621 1719 recuflwit.

945 1720 1027 1750 Tum
1056 1719 1142 1750 cusus
1176 1719 1236 1749 fuit
1261 1729 1406 1749 nummus
1437 1730 1619 1759 argenteus,

945 1759 998 1798 qui
1018 1759 1078 1790 fuit
1108 1759 1140 1789 in
1161 1759 1267 1789 Museo
1297 1758 1436 1797 Collegii
1462 1760 1621 1790 Ludovici

944 1799 1068 1838 Magni:
1093 1801 1130 1829 A.
1150 1799 1372 1830 VITELLIVS
1410 1799 1489 1828 IMP.
1520 1800 1621 1832 GER-

945 1839 1050 1868 MAN.
1064 1839 1166 1876 Caput
1178 1837 1299 1868 Vitellii
1312 1838 1537 1868 laureatum.1n
1551 1839 1621 1875 pos-

944 1877 1007 1908 tica
1043 1887 1155 1915 parte,
1186 1878 1300 1907 FIDES
1335 1878 1620 1909 EXERCITVVM.

944 1917 1087 1948 Dexterae
1117 1917 1184 1947 duae
1207 1917 1329 1955 junctae.
1353 1916 1426 1947 Fuit
1446 1916 1479 1947 in
1506 1918 1620 1948 eodem

944 1956 1051 1987 Museo
1079 1967 1223 1986 nummus
1259 1956 1335 1986 alter
1363 1964 1523 1995 argenteus
1543 1981 1551 1993 ‚
1583 1960 1618 1988 A.

944 1997 1165 2027 VITELLIVS
1188 1996 1314 2026 GERM.
1338 1996 1417 2025 IMP.
1441 1997 1618 2027 AVG.TR.

944 2037 975 2065 P.
995 2037 1096 2074 Caput
1113 2035 1235 2066 Vitellii
1254 2035 1437 2065 laureatum.
1456 2036 1490 2064 In
1511 2036 1617 2066 aversa

944 2082 1045 2113 parte,
1068 2076 1195 2106 XVVIR
1208 2076 1295 2104 SAC.
1309 2075 1401 2105 FAC.
1418 2074 1449 2103 id
1465 2075 1521 2111 est,
1537 2076 1619 2114 quin-

943 2114 1073 2143 decimvir
1093 2115 1187 2152 fizcris
1210 2113 1354 2150 faciendis
1378 2125 1385 2142 :
1414 2114 1511 2152 tripus
1544 2125 1616 2145 cum

943 2153 1121 2192 Dcipfflno,
1149 2155 1184 2184 δε
1214 2153 1295 2183 infra
1321 2153 1386 2183 avis
1409 2164 1541 2190 corvus,
1565 2162 1617 2184 aut

943 2193 1056 2223 cornix
1075 2215 1083 2229 ,
1107 2194 1192 2232 cujus
1218 2193 1286 2224 usus
1312 2193 1460 2232 plurimus
1487 2193 1520 2223 in
1546 2203 1618 2231 prae-

944 2233 971 2262 sa
995 2232 1042 2262 iis.

974 2243 994 2295 Ξ
1018 2275 1141 2303 V1cron
1164 2273 1360 2309 pnomnmr]
1377 2272 1491 2302 Datum
1512 2279 1616 2302 tamen

944 2311 1070 2341 Caesaris
1096 2321 1214 2342 nomen
1239 2311 1271 2341 in
1299 2311 1471 2351 provinciis
1495 2311 1616 2341 testatur

943 2361 1105 2384 numium,
1126 2351 1159 2380 in
1172 2352 1308 2390 AEgypto
1328 2350 1434 2385 cusus,
1453 2360 1544 2389 quem
1562 2360 1617 2388 pu-

942 2391 1017 2420 blici
1039 2390 1112 2428 juris
1140 2389 1215 2420 fecit
1240 2391 1288 2420 CI.
1313 2390 1466 2423 Pellerin,
1483 2389 1617 2426 Mri'anzge

943 2429 974 2459 de
997 2429 1163 2466 Me'dailles,
1181 2430 1275 2460 Tom.
1296 2430 1331 2467 1,
1353 2439 1418 2468 pag.
1438 2432 1510 2460 228..
1536 2429 1616 2460 Tab.

1350 2471 1445 2523 <iij

1657 308 1686 332 A.
1698 307 1767 331 L'.C.

1676 343 1746 382 8i2.

1679 411 1700 434 J.
1714 411 1744 435 C.

1688 457 1741 490 69.
