2230 3047
459 325 570 348 ANJUC

479 373 550 401 822.

478 424 501 447 J.
519 423 548 447 C.

486 472 538 505 69.

598 199 657 234 86
869 191 916 231 C.
984 190 1370 233 CORNELII
1433 191 1706 233 TACITI

594 274 758 328 quisque
780 287 915 313 amore
934 272 1162 328 reipublicae
1179 290 1186 313 :
1207 273 1355 314 multos
1374 271 1549 313 dulcedo
1572 271 1788 329 praedarum
1806 271 1975 313 stimula-

593 338 679 377 bat:
706 336 806 377 alios
828 335 1020 407 ambiguae
1045 337 1155 378 domi
1176 352 1251 378 res.
1272 338 1333 378 Ita
1354 335 1450 377 boni
1473 334 1675 391 malique,
1701 336 1823 377 causls
1845 336 1974 376 diver-

592 401 637 442 sis
650 430 663 451 ,
690 400 817 441 studio
837 400 946 456 pari,
970 398 1123 440 bellum
1144 415 1283 441 omnes
1305 398 1534 455 cupiebant.

654 463 789 504 VIII
821 464 848 504 S
859 475 917 502 UB
933 462 1041 503 idem
1055 477 1212 519 tempus
1223 464 1379 504 Achaia
1392 477 1509 517 atque
1527 462 1617 502 Afia
1637 459 1738 502 false>
1750 463 1945 502 exterritae
1958 489 1973 512 ,

590 525 704 568 velut
726 528 840 567 Nero
860 526 1111 567 adventaret:
1132 528 1243 567 vario
1260 526 1374 582 super
1390 528 1501 566 exitu
1514 524 1599 577 ejus
1619 539 1778 566 rumore
1793 530 1802 546 ¹
1815 555 1828 575 ,
1843 524 1973 578 eoque

590 589 769 646 pluribus
789 591 926 630 vivere
948 604 1040 630 eum
1065 588 1308 644 fingentibus
1323 618 1336 639 ‚
1363 588 1708 642 credentibusque.
1733 587 1973 628 Ceterorum

589 653 702 695 casus
725 657 739 674 ²
762 651 1009 706 conatusque
1030 654 1070 692 in
1091 665 1287 693 contextu
1303 653 1432 708 operis
1449 653 1642 693 dicemus.
1657 652 1777 692 Tunc
1795 651 1927 691 servus
1949 664 1973 690 e

586 718 719 759 Ponto
735 746 748 768 ,
774 717 852 756 slve
865 745 878 765 ,
898 729 943 756 ut
963 714 1030 755 alii
1048 715 1268 765 tradidere,
1288 714 1495 756 libertinus
1517 730 1567 756 ex
1589 712 1704 755 Italia
1718 744 1730 764 ,
1753 715 1912 754 citharae
1930 717 1972 754 ὃ(

589 781 729 822 cantfis
752 780 932 835 peritus(
955 777 1062 818 unde
1091 776 1178 828 illi,
1206 779 1321 834 super
1350 778 1647 819 similitudinem
1675 779 1752 818 oris
1769 807 1781 827 ,
1808 777 1972 832 propior

588 843 639 884 ad
660 842 881 883 fallendum
900 841 1024 891 fides)
1048 839 1239 893 adjunffis
1262 841 1526 882 desertoribus
1542 871 1555 892 ,
1573 855 1672 895 quos
1693 839 1829 896 inopia
1851 853 1976 894 vagos

588 905 819 961 ingentibus
839 904 1031 960 promissis
1053 918 1284 960 corruperat
1298 933 1312 954 ‚
1336 919 1444 945 mare
1465 904 1708 958 ingreditur:
1735 919 1781 943 ac
1803 903 1844 942 vi
1868 915 1973 942 tem-

590 971 784 1025 pestatum
800 967 1008 1021 Cythnum
1025 966 1195 1007 insulam
1217 972 1227 996 ³
1247 967 1426 1008 detrusus
1440 997 1453 1017 ‚
1475 965 1704 1008 &militum
1720 965 1911 1020 quosdam
1925 978 1976 1005 ex

590 1033 763 1073 Oriente
783 1031 1126 1071 commeanrium4
1142 1030 1310 1071 adscivit
1322 1060 1335 1080 ‚
1346 1029 1412 1071 vel
1430 1029 1647 1070 abnuentes
1664 1029 1836 1069 interfici
1852 1027 1976 1081 jussit,

591 1099 633 1136 ὃς
649 1094 827 1151 spoliatis
843 1092 1182 1148 negotiatoribus,
1201 1095 1497 1149 mancipiorum
1512 1091 1818 1133 valentissimum
1844 1106 1979 1145 quem-

591 1172 668 1212 que
689 1158 868 1199 armavit.
893 1157 1263 1210 Centurionemque
1278 1156 1485 1197 Sisennam
1499 1185 1512 1206 ,
1539 1155 1722 1205 dextras,
1750 1154 1977 1196 concordiae

591 1221 759 1275 insignia
774 1225 787 1252 5
805 1249 818 1270 ,
837 1221 991 1274 Syriaci
1007 1220 1204 1260 exercitus
1224 1220 1389 1260 nomine
1411 1219 1460 1260 ad
1482 1220 1737 1274 praetorianos
1756 1218 1975 1268 ferentem,

590 1285 708 1324 variis
732 1282 879 1325 artibus
901 1282 1098 1338 adgressus
1121 1284 1194 1323 est:
1210 1282 1514 1324 donecSisenna
1529 1312 1541 1333 ‚
1556 1280 1661 1323 clam
1677 1280 1812 1322 reliCta
1827 1280 1976 1331 insula,

589 1347 768 1403 trepidus
798 1350 839 1386 ὃ(
866 1348 950 1386 vim
977 1360 1158 1386 metuens
1181 1346 1407 1401 aufugeret:
1434 1345 1526 1386 inde
1551 1343 1631 1386 late
1658 1358 1812 1394 terror,
1838 1343 1977 1384 multis

590 1410 640 1450 ad
657 1409 932 1451 celebritatem
949 1410 1122 1450 nominis
1143 1410 1278 1450 ereffis
1295 1438 1308 1460 ,
1331 1424 1464 1450 rerum
1483 1423 1677 1450 novarum
1696 1408 1886 1464 cupidine
1898 1436 1912 1458 ,
1934 1411 1977 1448 &

591 1474 688 1514 odio
709 1473 973 1529 praesentium.

652 1536 734 1577 IX.
769 1538 1093 1577 GLISCENTEM
1118 1535 1158 1574 in
1184 1535 1266 1576 dies
1293 1534 1439 1575 famam
1462 1533 1542 1576 fors
1563 1535 1747 1576 discuffit.
1772 1531 1976 1574 Galatiam

587 1614 636 1640 ac
659 1598 937 1655 Pamphyliam
963 1599 1191 1654 provincias
1218 1596 1262 1648 ⁶,
1291 1596 1513 1654 Calpurnio
1535 1599 1748 1654 Asprenati
1780 1596 1976 1651 regendas

592 1662 724 1704 Galba
743 1662 993 1719 permiserat:
1019 1661 1116 1702 datae
1141 1677 1163 1702 e
1190 1660 1307 1702 claffe
1334 1662 1552 1702 Misenensi
1572 1667 1585 1689 ⁷
1611 1661 1694 1702 duae
1717 1661 1897 1702 triremes
1926 1659 1976 1701 ad

590 1726 935 1782 prosequendum,
956 1740 1050 1766 curn
1072 1724 1213 1779 quibus
1230 1724 1438 1779 Cythnum
1458 1723 1628 1765 insulam
1643 1726 1785 1766 tenuit.
1803 1725 1896 1764 Nec
1912 1724 1976 1764 de-

589 1789 700 1830 fuere
715 1820 730 1840 ,
754 1791 821 1844 qui
842 1790 1080 1829 trierarchos
1111 1788 1275 1828 nomine
1299 1789 1476 1830 Neronis
1496 1789 1697 1829 accirent:
1724 1789 1755 1828 is
1775 1789 1815 1827 in
1834 1788 1973 1826 maesti-

592 1853 689 1893 tiam
706 1852 948 1908 compositus
961 1881 974 1902 ,
992 1855 1031 1892 ὅ(
1054 1868 1075 1888 ε(
1090 1851 1207 1891 fidem
1227 1851 1388 1891 suorum
1405 1851 1606 1904 quondam
1623 1850 1795 1891 militum
1816 1867 1838 1886 »
1859 1852 1976 1891 invo-

591 1973 699 2004 mixtis
718 1973 854 2004 consiliis
867 1996 875 2009 ‚
899 1973 932 2002 in
948 1971 1088 2003 medium
1107 1972 1267 2003 consulue-

592 2023 663 2044 rant
675 2036 682 2048 ,
703 2022 736 2043 ut
751 2013 886 2043 vidimus
902 2013 988 2051 supra
1009 2022 1074 2050 cap.
1095 2021 1122 2050 5.

635 2058 642 2071 ¹
670 2055 770 2082 SUPER
798 2062 896 2082 Exrru
928 2061 998 2084 EJUS
1027 2062 1158 2081 Rumon
1183 2052 1196 2087 ]
1218 2051 1266 2082 De

592 2091 653 2123 hoc
678 2101 802 2122 rumore
819 2092 935 2122 dietum
950 2092 1011 2135 jam
1033 2090 1120 2129 supra
1140 2090 1265 2126 Hist.1‚

592 2143 622 2161 2.
644 2131 765 2161 Etteste
782 2131 956 2162 Suetonio
949 2141 983 2160 m
997 2131 1071 2160 Ner.
1069 2101 1183 2160 Ρ,ΙᾸΠΙ
1200 2129 1245 2158 N
1238 2141 1265 2158 n

592 2170 782 2206 defuerunt,
800 2171 844 2209 qui
863 2181 912 2207 per
937 2169 1045 2214 longum
1067 2178 1092 2198 τε
1094 2179 1170 2205 mpus
1195 2179 1266 2213 pro-

592 2210 710 2240 ferrent
738 2209 780 2239 edi
783 2210 841 2247 ἑῐα,
871 2209 945 2255 quafi
965 2208 1084 2238 viventis
1109 2208 1264 2244 Neronis,

593 2249 624 2279 α
643 2249 717 2279 brevi
729 2259 828 2289 magno
849 2249 1018 2278 inimicorum
1032 2254 1085 2276 ma
1090 2258 1102 2276 0
1123 2248 1263 2286 rever-ficri.

634 2292 644 2305 ²
676 2290 879 2320 Caranonum
913 2299 1003 2319 casus
1028 2290 1041 2326 ]
1079 2289 1265 2319 Ceterorum

593 2327 742 2358 falsorum
772 2330 936 2359 Neronum
961 2328 1057 2358 calus
1089 2327 1150 2356 Ali'
1181 2327 1265 2357 enim

593 2367 693 2398 adhuc
712 2367 767 2397 vifi
788 2368 890 2412 postea
908 2366 973 2397 falfi
994 2368 1156 2403 Nerones,
1171 2375 1206 2396 ut
1225 2366 1266 2395 di·

594 2415 680 2437 cetur
692 2407 793 2437 infra
786 2418 819 2437 m
834 2406 1014 2446 Appendice
1028 2405 1265 2446 Chronologica

594 2447 633 2478 nd
654 2457 773 2478 annum
788 2457 939 2478 ncccxu.

1346 1979 1356 1999 3
1381 1974 1541 2003 CYTHNUM
1566 1977 1726 2007 INSULAM]
1748 1972 1783 2000 In
1799 1973 1897 2010 AEgeo
1911 1981 1976 2002 ma-

1306 2012 1351 2047 ri,
1371 2022 1463 2042 unam
1476 2022 1492 2042 e
1510 2012 1699 2051 Cycladibus
1712 2036 1720 2049 ,
1743 2012 1856 2041 dieram
1879 2010 1977 2042 hodie

1304 2051 1443 2082 Thermia.

1344 2097 1358 2114 4
1380 2091 1655 2127 Cosmum-ium]
1672 2091 1719 2120 De
1733 2089 1780 2119 his
1796 2089 1978 2120 commeati-

1304 2131 1362 2161 bus
1386 2131 1500 2161 dietum
1521 2131 1561 2160 est
1583 2130 1670 2169 supra
1691 2129 1764 2159 Hist.
1784 2130 1816 2165 I,
1838 2132 1889 2167 46.
1908 2138 1978 2160 not·

1307 2180 1355 2236 3⁶5
1378 2209 1533 2239 Dm‘rms
1555 2231 1564 2243 ,
1588 2218 1780 2251 conconmiz
1808 2217 1944 2238 insicum
1959 2207 1977 2244 ]

1305 2248 1384 2289 dee
1415 2249 1495 2279 dieta
1519 2247 1607 2287 supra
1638 2248 1711 2277 Hist.
1743 2249 1756 2276 Ι
1772 2270 1781 2283 ,
1821 2258 1872 2286 54.
1908 2254 1976 2276 not.

1308 2299 1354 2318 10.

1341 2329 1355 2346 ⁶
1376 2328 1600 2364 Paovmcms]
1621 2327 1722 2357 Ponto
1745 2324 1876 2354 vicinas.

1343 2373 1356 2391 ⁷
1378 2367 1401 2396 E
1423 2378 1533 2396 crassa
1556 2363 1886 2401 M1srunns1]Dehac
1902 2362 1975 2394 clas-

1304 2405 1334 2436 se
1355 2405 1471 2437 dictum
1491 2406 1579 2445 supra
1596 2405 1712 2435 Annal.
1730 2405 1771 2435 lv
1784 2426 1793 2441 ‚
1816 2412 1844 2443 5.

2009 848 2060 876 10

2009 1164 2059 1205 ¹5

2006 1480 2064 1508 20

2006 1788 2061 1833 25'·
