2209 3047
375 174 457 215 AD
483 174 707 216 LIBRUM
727 175 778 217 v.
805 173 949 216 HIST.
976 174 1023 214 c,
1048 174 1457 218 coRN.TAch1.
1537 191 1620 230 545

232 250 285 287 Ut
311 260 351 287 ut
373 251 421 288 est
435 281 442 295 ‚
465 252 627 289 aJudaeis
651 253 695 288 ad
710 251 931 288 Christianos
946 252 1105 287 manavit
1126 252 1315 288 calumnia.
1335 253 1621 292 Christianorum

231 301 321 336 deus
342 302 541 351 appellatus
557 302 605 339 est
625 307 816 344 Οἰνοκοίτκςς
837 301 1030 338 Christiani
1050 301 1131 337 diffl
1152 302 1232 338 sunt
1246 304 1387 347 Asinarii
1403 333 1411 347 ‚
1433 303 1516 340 teste
1529 305 1619 342 Ter-

232 351 386 388 tulliano
419 352 456 387 in
485 354 681 400 Apologetic.
699 353 798 389 XVI.
829 352 936 388 Recte
962 350 1187 400 breviterque
1224 352 1404 389 Minucius
1434 354 1555 398 Felix,
1580 355 1618 392 in

234 401 372 437 Oelavio
387 429 397 445 ,
422 414 502 450 cap.
520 404 581 438 28.
612 403 735 438 Audire
755 415 783 437 te
803 402 879 437 dicis
895 413 989 448 caput
1003 400 1092 448 Afini
1110 414 1172 436 rem
1190 403 1275 437 nobis
1294 404 1346 451 effe
1361 404 1517 440 divinam.
1538 406 1619 449 Quis

231 462 298 486 tam
318 451 431 496 stultus
446 480 455 495 ‚
477 464 511 487 ut
533 454 586 486 hoc
604 453 686 487 colat
702 459 718 487 ?
734 452 955 498 Quisstultior
971 479 981 494 ,
1005 463 1040 486 ut
1054 452 1107 485 hoc
1125 451 1185 485 coli
1209 453 1314 486 credat
1329 459 1346 487 ?

285 500 484 537 ERROREM
511 513 694 543 srTIMQUE
723 505 740 547 ]
763 501 922 547 Quidam
940 500 1102 537 omiss‘um
1121 499 1256 536 vellent
1270 529 1278 542 ‚
1307 516 1454 538 errorem.
1473 504 1522 540 At
1539 515 1618 554 pet-

230 563 376 600 peram:
408 551 507 587 libris
534 551 701 587 omnibus
725 551 761 585 in
785 551 853 586 hac
877 564 969 587 voce
991 549 1307 586 consentientibus,

283 602 375 647 QUA
408 613 503 637 ipsos
532 613 676 638 SCABIES
703 605 720 646 ]
748 600 802 635 Ita
831 600 906 636 Mff.
933 600 1028 636 flor.
1059 599 1165 636 Bodl.
1191 599 1259 635 Jes.
1285 599 1525 646 Puteolanus,
1551 603 1618 640 Et—

230 649 345 686 nestus
361 653 393 686 &
412 650 656 688 Recentiores.
675 649 750 686 Mis.
770 649 859 699 Reg.
886 650 998 686 Corb.
1029 649 1141 686 editio
1177 650 1343 699 princeps
1358 676 1369 693 ,
1402 655 1434 686 ὃς
1456 653 1618 701 Lipsius,

231 700 314 748 qubd
341 700 419 746 zpsos
435 703 569 747 fiabies.

284 747 462 785 RETmET
493 754 508 796 ]
534 750 629 786 Bene
647 749 864 787 Puteolanus
883 752 916 785 δε
934 749 1177 786 Recentiores.
1211 749 1255 785 In
1273 748 1433 786 editione
1452 750 1618 801 principe

230 797 379 848 aliisque
405 800 612 843 nonnullis,
644 801 813 836 detinetur.
839 799 907 835 Ms.
930 798 1031 835 Harl.
1060 803 1224 836 retinetur.

277 849 450 884 Smrimo
484 861 548 885 Dm
579 853 595 895 ]
628 850 696 884 Ms.
719 849 989 895 Corb.-septimii
1016 849 1075 883 die.

279 897 396 934 IDAEis
424 902 441 944 ]
470 900 568 936 Bene
593 898 729 947 Lipsius
748 902 781 936 ὃς
800 898 1042 936 Recemiores.
1065 898 1162 935 Male
1188 898 1264 935 Mff.
1285 901 1317 935 ὃς
1335 908 1471 936 veteres
1489 897 1620 936 editio-

231 960 291 985 nes
304 976 312 991 ‚
335 949 464 984 Judaeis.

280 999 406 1044 QUOD
434 1011 455 1034 E
486 1011 632 1035 SEPTEM
659 1002 676 1045 ]
703 998 801 1035 Bene
828 999 1020 1036 Rhenanus
1046 1001 1079 1035 &
1103 998 1347 1036 Recentiores.
1374 997 1418 1034 In
1441 998 1620 1035 veteribus

232 1047 474 1091 editionibus,
508 1050 589 1097 quod
615 1050 652 1084 de
667 1050 799 1095 septem.

284 1099 344 1134 Ac
373 1110 577 1140 PLERAQUE
605 1102 622 1144 ]
658 1099 808 1147 Optime
828 1099 891 1135 Ms.
911 1097 1024 1134 Corb.
1051 1098 1165 1135 editio
1195 1098 1361 1146 princeps
1387 1101 1419 1134 δε
1444 1098 1622 1135 recentio-

229 1160 295 1185 res.
316 1147 392 1184 Mff.
413 1147 515 1183 Harl.
536 1148 642 1185 Bodl.
659 1148 724 1185 Jes.
746 1153 778 1186 δε
796 1147 1012 1185 Puteolanus
1027 1175 1036 1191 ,
1055 1163 1090 1184 ac
1105 1150 1271 1197 plerisque.
1288 1148 1462 1184 Additum
1481 1148 1518 1183 in
1535 1161 1622 1184 mar-

229 1197 315 1247 gine
341 1197 406 1233 Ms.
434 1198 536 1234 Harl.
560 1201 720 1247 pleraque.

285 1249 340 1283 ET
372 1260 527 1284 CURSUM
558 1252 574 1294 ]
609 1248 667 1284 Sic
694 1248 912 1285 Puteolanus
937 1252 971 1285 &
999 1247 1243 1291 Recentiores.
1275 1247 1318 1283 In
1350 1247 1418 1284 Ms.
1449 1247 1561 1284 Corb.
1587 1250 1622 1285 &

230 1296 393 1334 editione
415 1298 580 1346 principe
598 1325 606 1340 ,
638 1300 754 1345 cursus.

283 1348 530 1383 CoNricmNT
561 1352 576 1393 ]
605 1348 701 1384 Bene
725 1347 860 1395 Lipsius
883 1351 917 1384 ὃς
948 1347 1188 1384 Recentiores.
1210 1347 1254 1382 In
1278 1346 1344 1381 Ms.
1370 1347 1488 1383 Vatic.
1521 1348 1618 1397 1863

230 1399 264 1433 &
281 1396 443 1432 editione
464 1397 630 1445 principe
645 1425 654 1440 ,
682 1401 849 1432 coniciant.
869 1398 933 1432 Ms.
956 1397 1069 1433 Corb.
1087 1399 1264 1432 comiciam.
1286 1396 1358 1433 Mss.
1376 1397 1464 1446 Reg.
1484 1400 1516 1432 &
1533 1397 1621 1445 Agr.
1648 1438 1650 1441 ,

227 1448 411 1493 conjiciant.
441 1445 484 1481 In
513 1447 588 1483 ΜΠ.
620 1446 722 1483 Harl.
742 1446 849 1482 Bodl.
868 1446 933 1483 Jes.
954 1446 1074 1483 Guelf.
1102 1459 1285 1482 commeare.
1309 1444 1353 1481 In
1373 1447 1533 1496 margine
1551 1447 1620 1484 Ms.

228 1495 332 1532 Harl.
354 1498 536 1545 conjiciunt.
562 1495 631 1531 Ms.
661 1496 757 1532 Flor.
788 1507 1007 1532 commearent.

280 1595 386 1632 CAP.
417 1596 463 1632 V.
493 1595 547 1632 HI
577 1608 690 1633 RITUS
706 1625 715 1641 ‚
744 1609 908 1640 QUOQUO
937 1600 955 1643 ]
979 1595 1076 1632 Male
1099 1595 1168 1632 Ms.
1186 1596 1305 1633 Guelf.
1335 1597 1382 1631 his
1405 1609 1537 1645 quoquo.
1561 1595 1621 1632 Sic

228 1658 376 1697 quoque
399 1645 467 1681 Ms.
494 1645 598 1682 Harl.
626 1647 739 1695 prima
766 1659 883 1683 manu.

277 1695 433 1732 SPRE’rrs
464 1708 734 1733 RELIGIONJBUS
756 1708 905 1733 PATRIIS
926 1700 943 1742 ]
965 1696 1121 1745 Legibus
1137 1694 1308 1732 Romanis
1327 1695 1528 1744 permissum
1545 1704 1620 1732 erat

228 1744 382 1789 Judaeis,
411 1758 487 1782 non
513 1746 624 1782 modo
650 1746 687 1782 in
708 1746 851 1790 Judaefz,
878 1746 939 1782 sed
961 1746 998 1781 in
1024 1745 1126 1788 Asia,
1155 1744 1289 1796 Libya,
1323 1750 1355 1782 ὃς
1381 1745 1514 1795 ubique
1540 1756 1618 1781 ter-

227 1807 346 1831 rarum
376 1795 444 1831 suis
468 1796 605 1845 legibus
636 1797 782 1841 vivere,
812 1799 845 1833 ὃς
879 1796 1052 1838 donaria,
1083 1794 1278 1843 primitias,
1308 1796 1501 1844 pecunias,
1532 1807 1618 1845 quas

227 1845 469 1895 unusquisque
482 1845 611 1894 sponte
628 1846 688 1882 sua
705 1860 747 1883 ex
767 1846 900 1895 pietate
923 1845 959 1881 in
974 1845 1092 1882 Deum
1112 1845 1276 1881 solvebat
1289 1873 1297 1888 ‚
1322 1845 1617 1894 Hierosolymam

229 1895 396 1938 mittere3
421 1906 461 1932 ut
476 1895 614 1932 constat
640 1909 682 1932 ex
707 1896 824 1933 edicto
846 1895 993 1945 Augusti
1014 1895 1244 1944 Imperatoris
1261 1924 1269 1939 ,
1301 1895 1479 1944 literisque
1502 1895 1618 1931 Marci

228 1944 428 1994 Agrippae,
456 1948 490 1982 &
526 1946 785 1994 proconsulum
820 1946 984 1983 Norbani
1019 1945 1138 1981 Flacci
1163 1948 1196 1981 ὃ(
1229 1944 1315 1981 Julii
1339 1945 1492 1981 Antonii
1520 1945 1616 1994 apud

228 1993 426 2043 josephum
455 2023 464 2038 ,
492 1998 604 2044 Antiq.
635 1997 710 2033 Jud.
733 1996 818 2033 XVI
835 2023 843 2038 ,
876 1997 909 2033 6.
936 1995 1038 2031 Nihil
1063 1995 1110 2032 est
1134 2008 1243 2043 ergo,
1272 2007 1333 2031 cur
1362 1995 1510 2032 Tacitus
1535 2008 1616 2044 que-

229 2054 326 2080 ratur
348 2044 470 2094 qubd,
501 2045 624 2095 spretis
646 2047 882 2096 religionibus
911 2046 1056 2095 patriis,
1090 2045 1223 2081 tributa
1249 2049 1281 2081 ὃς
1307 2044 1410 2093 stipes
1433 2044 1615 2082 Hieroso-

227 2093 361 2143 lymam
375 2106 622 2144 congererent.
638 2097 686 2132 At
698 2096 797 2146 quod
812 2096 991 2133 curiosum
1005 2095 1116 2144 magis
1129 2098 1160 2131 ὃς
1176 2094 1428 2131 observatione
1443 2094 1589 2144 dignuin
1602 2119 1613 2135 ‚

228 2144 290 2179 hic
314 2143 530 2192 inquiremus
566 2159 644 2195 quse
678 2146 811 2184 fuerint
836 2146 899 2183 illa
929 2146 1086 2190 tributa,
1117 2157 1196 2196 quae
1228 2145 1356 2196 stipe3‚
1383 2147 1416 2182 δε
1444 2155 1614 2196 quantum

230 2192 316 2232 inde
340 2194 448 2231 auaae
470 2193 678 2234 Judaeorum
702 2209 766 2234 res,

329 2464 436 2508 Tom.
456 2466 537 2510 III.
1293 2462 1332 2503 Z
1344 2478 1364 2502 z
1378 2476 1401 2504 z
