2209 3047
358 169 441 211 AD
471 169 695 212 LIBRUM
722 170 775 210 V.
792 169 936 211 HIST.
963 168 1012 210 C.
1049 170 1230 214 CORN.
1248 172 1460 217 TACITI.
1527 183 1613 229 567

223 246 379 296 Moysis,
404 247 466 298 qui
494 247 531 283 in
555 246 820 284 Deuteronom.
843 245 1027 290 XXVIII,
1059 249 1112 295 46
1137 253 1170 286 &
1193 250 1289 300 seqq.
1307 250 1492 289 Judaicam
1522 254 1619 293 hanc

226 298 466 335 calamitatem
486 310 562 334 non
585 308 658 333 tam
683 297 868 345 praedixit,
892 297 997 347 quam
1017 296 1198 349 descripsit
1216 329 1225 344 ‚
1246 302 1494 348 conferamu53
1511 317 1619 356 atque

226 348 319 385 nihil
342 348 407 385 esse
433 347 610 397 religione
637 347 795 383 divinius
820 347 1004 384 fateamur.

283 398 454 434 IMPETus
484 402 501 445 ]
529 398 585 434 Ita
608 397 684 433 ΜΠ.
706 397 802 434 Flos.
827 397 929 434 Harl.
951 396 1058 434 Bodl.
1076 397 1144 434 Jes.
1169 399 1288 437 Guelf.
1312 402 1470 440 Pichena
1489 406 1522 440 &
1544 403 1618 442 Re-

227 448 419 485 centiores.
447 449 489 484 In
511 447 578 484 Ms.
603 448 693 497 Reg.
714 451 748 484 &
772 447 994 484 editionibus
1019 447 1218 491 veteribus,
1249 455 1411 498 impetum.

279 499 575 535 STRUERENTUR
602 502 619 544 ]
662 497 715 535 Ut
750 497 947 547 obligatam
973 498 1010 533 in
1035 498 1144 534 Notis
1166 498 1272 536 fidem
1296 515 1410 539 meam
1434 502 1584 541 liberem
1602 531 1616 549 ,

227 547 353 598 resque
377 547 543 585 Judaicas
566 547 752 585 absolvam
766 577 775 590 ‚
800 561 880 598 quae
903 547 946 584 de
968 547 1099 585 Judaeis
1120 548 1323 587 Sinenfibus
1345 565 1531 602 comperta
1551 554 1617 592 ha-

228 597 325 644 beo,
352 598 413 635 hic
435 610 629 649 exponam.

580 686 680 742 De
710 686 914 743 Judaeis
949 688 990 743 S
994 688 1273 758 inenfibuS.

282 797 356 834 Um
381 797 536 847 primum
562 798 599 835 in
621 798 769 847 Europa
801 798 963 836 auditum
986 800 1035 837 est
1062 813 1222 849 repertos
1251 801 1350 838 fuiffe
1382 801 1421 837 in
1461 801 1616 852 imperio

227 846 364 884 Sinenfi
391 842 536 885 Judae'os
550 877 559 892 ,
588 849 736 885 eruditis
754 849 921 885 omnibus
940 850 1025 886 viris
1048 851 1162 887 statim
1186 852 1263 900 spes
1289 850 1428 887 adfulfit
1448 851 1524 889 fore
1539 880 1549 896 ,
1581 864 1618 890 ut

226 897 312 934 inde
337 898 444 934 sacrae
464 898 575 934 literae
600 898 899 943 inclarescerent,
933 898 1187 951 Hebraicaque
1213 901 1325 937 studia
1360 914 1618 950 promoveren-

225 956 295 983 tur.
322 948 457 984 Verum
479 947 517 984 P.
543 949 734 984 Matthaeus
759 948 884 992 Rieci,
915 951 1012 998 cujus
1036 953 1148 1000 opera
1180 951 1438 996 innotuerant,
1471 952 1620 1002 gravio-

225 997 326 1033 ribus
344 997 458 1040 curis‚
481 998 619 1048 magnis
641 999 807 1035 locorum
834 999 1053 1044 intervallis,
1073 1005 1106 1037 δε
1128 1003 1358 1050 praepropera
1377 1013 1515 1045 morte,
1539 1015 1620 1052 quae

225 1046 385 1097 contigit
403 1060 499 1084 anno
523 1050 624 1086 1610
637 1077 647 1092 ,
674 1048 868 1098 impeditus
882 1077 892 1093 ,
921 1063 1037 1099 pauca
1054 1051 1180 1087 rescire
1198 1051 1320 1100 potuit
1334 1080 1342 1094 ,
1374 1064 1452 1101 quae
1472 1065 1515 1088 ex
1533 1053 1620 1088 Tri-

226 1097 344 1147 galtio
361 1125 371 1140 ‚
399 1098 435 1133 de
456 1099 670 1145 Expeditione
695 1100 824 1141 Sintai,
855 1098 936 1135 libr.
965 1101 995 1136 Ι.
1021 1113 1102 1151 pag.
1138 1103 1224 1143 118,
1249 1104 1281 1137 δε
1311 1101 1463 1138 Semedo
1480 1130 1489 1145 ,
1517 1103 1621 1138 Rela-

226 1150 312 1184 tione
335 1148 422 1183 della
449 1150 576 1192 ctrina,
605 1161 704 1197 parte
731 1149 761 1186 I.
787 1161 869 1197 pag.
899 1163 983 1199 193.
1006 1151 1239 1200 publicavere
1265 1151 1334 1187 Cll.
1359 1151 1532 1194 Walton‚
1559 1154 1621 1187 Bi-

225 1197 295 1231 hlia
319 1198 531 1247 Polyglorta,
568 1199 680 1236 Tom.
707 1198 736 1235 Ι.
764 1198 1017 1249 Prolegomen.
1050 1200 1118 1237 ΙΙΙ.
1147 1201 1226 1238 [θᾶ.
1252 1213 1316 1249 41.
1342 1204 1375 1237 &
1399 1201 1589 1238 Jablonski
1606 1229 1619 1246 ,

224 1246 336 1286 Biblia
358 1249 540 1293 Hebraica,
568 1248 607 1284 in
633 1249 768 1298 prcefat.
796 1250 884 1286 Sea.
916 1253 975 1299 38.

273 1297 428 1335 Ineunte
450 1298 525 1335 hoc
546 1299 679 1336 sacculo
697 1299 808 1347 paulo
827 1299 929 1348 plura
948 1300 1040 1336 vidit
1058 1301 1269 1350 audivitque
1286 1302 1325 1337 P.
1346 1300 1513 1342 Gozani,
1537 1313 1618 1351 quae

225 1345 326 1383 edita
349 1347 431 1384 sunt
457 1349 494 1384 in
519 1348 636 1392 libro,
665 1349 723 1385 cui
748 1349 895 1385 titulus:
925 1351 1047 1386 Lettres
1070 1351 1235 1398 e'difiantes
1268 1351 1304 1385 Εἴ
1335 1353 1485 1396 curienses
1510 1353 1619 1386 e'crites

218 1409 286 1442 par
306 1399 450 1445 quelques
478 1398 713 1444 Mtffionnaires
741 1399 778 1434 de
805 1400 840 1434 la
872 1401 1063 1448 Compagnie
1090 1401 1126 1435 de
1153 1401 1251 1447 Jefics.
1285 1399 1396 1436 Tom.
1424 1400 1508 1437 VII.
1536 1413 1620 1450 pag.

230 1458 263 1484 1.
289 1449 324 1482 &
349 1446 384 1483 se
438 1475 446 1484 .

277 1495 327 1531 Iis
353 1460 502 1532 ertilcditae
525 1496 790 1545 Europaeorum
809 1497 1003 1534 curiofitati
1030 1496 1106 1533 fieri
1128 1498 1210 1534 satis
1228 1498 1375 1534 minime
1392 1498 1525 1547 potuit.
1544 1499 1620 1535 Ro-

224 1544 300 1595 gati
325 1544 406 1581 sunt
427 1558 515 1595 ergo
540 1545 606 1583 ΡΡ.
630 1546 772 1582 Gozani
788 1573 798 1589 ‚
826 1547 1018 1597 Domenge
1043 1550 1076 1583 &
1106 1548 1241 1585 Gaubil
1258 1577 1267 1592 ‚
1296 1560 1335 1584 ut
1354 1548 1398 1584 de
1420 1547 1551 1585 Judaeis
1568 1549 1619 1585 Si-

223 1594 388 1632 nenfibus
412 1595 622 1646 diligentius
646 1596 867 1646 inquirerent
886 1625 895 1641 ,
926 1601 960 1634 &
982 1597 1159 1647 quidquid
1184 1598 1361 1647 comperti
1382 1598 1512 1635 habere
1535 1598 1620 1647 pos-

223 1643 303 1681 sent
316 1672 324 1686 ,
346 1645 591 1683 rescriberent.
608 1646 653 1684 Id
670 1647 805 1684 laboris
822 1647 975 1685 libenter
994 1647 1189 1698 suscepere.
1207 1648 1323 1695 Quod
1341 1649 1378 1684 in
1396 1661 1520 1685 eorum
1542 1648 1618 1686 Mss.

224 1694 336 1732 literis
351 1724 361 1739 ,
385 1696 527 1746 reperi,
557 1697 783 1734 libentisfim‘e
807 1698 1088 1734 communicabo
1105 1727 1114 1743 ,
1145 1710 1221 1735 turn
1246 1711 1290 1735 ne
1316 1710 1463 1747 pereant
1490 1698 1619 1736 Sinen-

224 1744 272 1783 fia
295 1746 373 1783 haee
397 1758 633 1784 monumenta
648 1776 658 1792 ‚
684 1760 759 1784 tum
785 1759 824 1784 ut
849 1761 902 1785 res
919 1748 1100 1792 Judaicae,
1126 1749 1316 1791 hactenus,
1336 1749 1426 1786 duce
1456 1749 1590 1785 Tacito
1606 1775 1620 1793 ‚

224 1794 333 1832 fusius
356 1797 556 1846 explanatae
573 1826 583 1842 ,
610 1799 724 1849 magis
746 1811 788 1835 ac
813 1799 925 1848 magis
951 1798 1179 1835 illustrentur.
1204 1799 1444 1835 Gratissimum
1469 1811 1618 1848 quoque

225 1845 334 1882 nobis
358 1847 425 1883 erit
447 1876 457 1891 ,
495 1847 518 1884 fi
548 1848 616 1885 hac
644 1848 764 1885 nostra
790 1849 913 1897 opella
944 1849 1059 1897 juvari
1084 1849 1216 1899 possint
1248 1849 1360 1885 studia
1398 1848 1619 1885 eruditissimi

222 1894 427 1934 Kennicott
443 1926 452 1942 ‚
478 1898 540 1948 qui
566 1910 623 1936 tot
646 1899 779 1935 abhinc
804 1899 906 1935 annis
931 1899 1086 1936 maxima
1109 1913 1190 1936 cum
1214 1899 1318 1936 laude
1334 1927 1343 1942 ‚
1371 1898 1515 1935 favente
1539 1898 1620 1934 Bri-

223 1947 370 1990 tannia,
392 1949 472 1985 tota
494 1948 687 1997 plaudente
700 1949 870 1997 Europa,
895 1949 1071 1986 maximos
1087 1950 1124 1986 in
1138 1948 1343 1999 apparanda
1365 1948 1620 1985 accuratiffima

225 1994 428 2033 Bibliorum
462 1997 730 2035 Hebraicorum
757 1999 920 2036 editione
944 1999 1084 2037 labores
1108 2000 1261 2037 sustinet.
1290 2001 1344 2035 Ne
1378 1999 1465 2049 quid
1501 2009 1619 2034 autern

226 2046 456 2084 obscuritatis
481 2047 705 2092 suboriatur,
733 2060 838 2086 notas
863 2049 1050 2098 subjiciam
1065 2079 1075 2095 ‚
1100 2050 1229 2100 quibus
1248 2048 1417 2100 graviora
1439 2047 1618 2085 difficilio-

225 2107 263 2133 ra
291 2109 336 2133 ue
365 2099 602 2146 explicentur.

267 2108 407 2183 c{lumel
426 2147 462 2183 in
479 2148 668 2197 imperium
689 2147 836 2186 Sinense
858 2150 982 2186 venire
1002 2161 1187 2198 coeperunt
1206 2150 1269 2186 sub
1288 2147 1463 2198 Dynastia
1479 2148 1618 2187 Tclzeou,

227 2208 307 2281 guae
333 2209 446 2233 rerum
475 2199 590 2246 potita
616 2198 664 2235 est
688 2199 732 2234 ab
767 2213 864 2236 anno
894 2213 991 2237 1122
1029 2201 1073 2236 ad
1109 2213 1240 2235 annum
1275 2212 1351 2246 249
1387 2210 1468 2234 ante
1502 2195 1619 2232 Jesum

264 2245 420 2283 hristum.
440 2247 541 2284 Fixas
565 2248 662 2285 sedes
688 2248 738 2284 ibi
764 2250 920 2286 habuere
942 2250 1003 2286 sub
1036 2250 1210 2300 Dynallifi
1231 2252 1303 2285 Han
1339 2250 1346 2265 ¹
1373 2277 1382 2292 ,
1422 2248 1619 2294 imperante

226 2297 383 2345 Ming-ti.
404 2298 511 2335 Anno
538 2310 632 2346 1723
650 2327 660 2343 ,
684 2300 802 2336 mense
820 2300 955 2336 Martio
972 2329 981 2344 ,
1011 2301 1094 2337 cum
1111 2313 1173 2338 eos
1192 2301 1424 2349 interrogaret
1453 2298 1489 2331 P.
1516 2294 1620 2331 Gau-

265 2385 274 2397 ·
296 2380 413 2411 Dynastia
427 2382 480 2407 Han
499 2391 571 2415 coepit
595 2392 661 2407 :inno
684 2391 727 2413 ²05
747 2393 802 2408 :mre
819 2385 899 2409 Chtil'-
943 2385 1016 2417 coepit
1026 2393 1092 2411 anno
1105 2384 1192 2410 Christi
1208 2386 1252 2415 58,
1271 2391 1379 2409 mortuus
1399 2382 1430 2405 cst
1448 2388 1513 2405 anno
1525 2378 1618 2407 Christi

229 2420 286 2441 tum
300 2430 308 2442 ³
327 2414 393 2443 defin
403 2425 470 2444 anno
485 2418 574 2445 Christi
586 2426 641 2445 ιω.
655 2418 767 2451 Ming-ti
787 2420 903 2452 imperare
945 2428 988 2450 75.
