2230 3047
597 200 656 237 44
847 185 895 224 C.
961 184 1363 226 CORNELII
1426 184 1733 226 TACITI

459 279 574 299 ===-:-
596 262 812 316 instigatrix
828 263 1010 304 adversus
1024 265 1263 305 Galbianos:
1283 268 1363 305 hoc
1380 266 1486 305 enim
1500 279 1670 315 nomen,
1685 265 1856 306 fastidito
1868 266 1970 308 Vin-

460 317 488 341 Α·
501 320 530 340 v.
543 319 570 341 C·
593 326 702 374 dice,
720 326 956 367 indiderant.
972 328 1098 382 Igitur
1117 330 1308 382 Sequanis
1320 327 1539 381 AEduisque
1558 334 1566 349 ¹
1579 358 1591 377 ‚
1606 343 1652 368 ac
1668 327 1832 377 deinde,
1849 342 1966 383 prout

480 363 549 391 822.

479 417 502 440 J.
514 418 544 441 C.

487 463 538 498 69.

593 386 798 443 opulentia
815 389 1041 431 civitatibus
1060 404 1160 440 erat,
1178 390 1337 439 infenst,
1357 391 1674 445 expugnationes
1689 390 1845 429 urbium
1859 420 1871 440 ‚
1893 406 1967 446 po-

593 449 818 506 pulationes
832 467 1043 506 agrorum,
1064 466 1196 508 raptus
1216 454 1419 508 penatium
1437 453 1651 494 hauserunt
1671 454 1827 493 animo:
1851 454 1966 508 super

591 515 796 554 avaritiam
816 519 855 555 &
881 517 1146 569 arrogantiam
1162 545 1174 565 ,
1201 517 1396 570 praecipua
1412 514 1651 556 validiorum
1672 516 1767 556 vitia
1783 545 1795 564 ‚
1822 528 1965 555 contu-

591 575 720 617 macia
747 576 960 618 Gallorum
990 579 1164 627 inritati,
1189 579 1255 630 qui
1286 594 1306 613 «
1332 578 1526 618 remissam
1552 578 1620 618 fibi
1647 594 1668 619 a
1696 576 1826 619 Galba
1849 592 1965 632 quar-

588 651 699 679 »tam
723 639 962 680 tributorum
979 654 1151 695 partem,
1166 644 1205 680 &
1228 638 1388 694 publice
1410 640 1578 682 donatos
1596 645 1626 691 ²,
1643 642 1684 681 in
1699 642 1963 695 ignominiam

589 704 817 743 »exercitus
834 720 854 739 2>
878 701 1086 753 jactabant.
1102 702 1275 743 Acceffit
1292 701 1436 743 callide
1452 702 1659 757 vulgatum
1675 732 1688 753 ,
1716 716 1865 743 temere
1880 718 1965 744 cre-

589 765 715 805 ditum
729 795 742 815 ,
772 783 793 801 (ε
810 766 1011 806 decumari
1024 764 1204 819 legiones
1217 794 1229 814 ‚
1252 769 1291 805 ὅ(
1309 766 1638 820 promptissimum
1655 781 1851 819 quemque
1868 781 1965 806 cen-

587 830 823 868 »turionum
833 828 1027 868 dimittinz
1044 828 1218 881 undique
1236 841 1389 868 atroces
1400 830 1549 879 nuntii,
1568 829 1711 868 sinistra
1727 843 1776 868 ex
1790 828 1965 869 Urbe'fa-

588 905 679 937 ma3
708 891 859 930 infensa
882 890 1156 944 Lugdunensis
1190 889 1379 940 colonia,
1407 894 1447 930 &
1472 892 1666 946 pertinaci
1690 906 1764 946 pro
1798 893 1965 931 Nerone

587 953 666 993 fide
694 958 703 980 ³
730 953 901 993 fecunda
922 952 1159 993 rumoribus.
1185 954 1266 993 Sed
1290 952 1459 1008 plurima
1479 954 1528 994 ad
1546 954 1779 1008 fingendum
1798 955 1963 994 creden-

585 1015 759 1068 dumque
783 1017 964 1055 materies
1001 1017 1042 1055 in
1069 1016 1157 1071 ipsis
1181 1017 1310 1056 castris
1322 1045 1335 1067 ,
1359 1016 1453 1056 odio
1469 1046 1483 1068 ,
1509 1030 1617 1057 metu
1633 1045 1646 1068 ‚
1675 1020 1715 1056 ὅ(
1731 1045 1744 1067 ,
1771 1015 1838 1057 ubi
1861 1018 1964 1058 vires

586 1078 673 1118 suas
693 1078 970 1133 respexerant,
998 1078 1221 1119 securitate.

646 1140 746 1180 LII.
780 1142 843 1180 δυ
855 1154 875 1180 Β
900 1141 999 1196 ipsas
1016 1141 1225 1196 superioris
1243 1143 1335 1182 anni
1354 1141 1551 1183 Calendas
1568 1142 1815 1184 Decembres
1831 1141 1960 1183 Aulus

583 1201 773 1244 Vitellius
786 1233 798 1253 ,
821 1203 1049 1244 inferiorem
1065 1206 1323 1245 Germaniam
1336 1205 1527 1260 ingressus
1541 1235 1553 1255 ,
1574 1206 1739 1247 hiberna
1752 1205 1962 1260 legionum

583 1280 676 1306 cum
704 1264 797 1305 curz‘i
821 1267 988 1307 adierat:
1016 1267 1160 1307 redditi
1186 1266 1381 1323 plerisque
1405 1269 1592 1318 ordines,
1619 1269 1773 1309 remissa
1793 1269 1962 1322 ignomi-

581 1329 672 1377 nia,
699 1327 886 1368 adlevatae
908 1342 1010 1369 nota:
1037 1334 1079 1369 4:
1108 1329 1219 1385 plura
1245 1330 1490 1380 ambitione,
1517 1331 1692 1384 quaedam
1716 1330 1888 1383 judicio:
1917 1333 1960 1371 in

581 1389 721 1444 quibus
745 1391 900 1431 sordem
936 1396 976 1432 ὃ(
1004 1394 1208 1434 avaritiam
1241 1395 1402 1434 Fonteii
1437 1393 1646 1449 Capitonis
1668 1399 1707 1443 5,
1738 1393 1957 1434 adimendis

579 1453 876 1507 adsignandisve
896 1454 1045 1495 militiae
1067 1455 1296 1506 ordinibus,
1320 1457 1474 1510 integre
1495 1469 1729 1497 mutaverat.
1750 1459 1843 1497 Nec
1864 1472 1958 1498 con-

580 1515 716 1557 sularis
742 1514 863 1571 legati
886 1515 1067 1558 mensura
1090 1517 1133 1568 ⁶,
1160 1519 1227 1560 sed
1248 1520 1289 1559 in
1308 1517 1433 1571 majus
1473 1520 1607 1560 omnia
1642 1518 1954 1575 accipiebantur.

577 1577 630 1620 Et
650 1577 838 1621 Vitellius
856 1585 869 1607 ⁷
888 1580 991 1636 apud
1011 1582 1167 1623 severos
1187 1580 1361 1623 humilis.
1381 1582 1442 1622 Ita
1462 1583 1695 1623 comitatem
1717 1582 1954 1623 bonitatem-

618 1681 626 1695 ¹
651 1677 802 1712 SEQunurs
825 1678 999 1713 AEDUISQUE
1011 1681 1025 1717 ]
1039 1678 1113 1709 Julii
1130 1679 1246 1710 Vindi-
1275 1678 1326 1718 fit.
1342 1679 1390 1710 De
1403 1679 1487 1710 notis
1498 1679 1571 1711 vide
1580 1679 1764 1711 Suetonium
1776 1703 1785 1717 ,
1796 1678 1829 1708 in
1842 1678 1954 1710 Claud.

576 1714 619 1745 cis
641 1724 739 1754 partes
759 1716 878 1747 secutis.
891 1717 971 1760 Vide
991 1718 1245 1757 Supplementum
1286 1720 1368 1749 XVI.
1910 1757 1916 1762 .
1948 1762 1951 1764 q

575 1755 688 1784 Annal.
707 1757 798 1793 XVI,
820 1756 882 1786 loc.
906 1764 960 1786 eit.
1324 1763 1331 1785 5
1355 1758 1489 1788 Fon-rau
1514 1759 1685 1788 Cfflmms
1703 1759 1716 1795 ]
1736 1757 1783 1787 De
1799 1767 1862 1796 quo
1887 1758 1952 1788 dic-

616 1799 626 1812 ²
651 1795 784 1824 Pussmca
808 1797 979 1832 DONATOS]
1002 1795 1129 1827 Publice
1146 1796 1244 1827 dona·
1284 1804 1349 1827 tum
1368 1796 1401 1827 in
1424 1798 1649 1836 Supplemento
1669 1796 1779 1826 Annal.
1796 1797 1889 1834 XVI,
1908 1807 1950 1835 77

575 1840 625 1861 tos
640 1833 753 1862 finibus
762 1856 770 1869 ‚
781 1833 830 1863 seu
837 1833 915 1872 agris
925 1857 934 1871 ,
947 1835 1158 1865 Treverorum
1169 1836 1244 1867 alia-

575 1881 706 1910 rumque
736 1872 923 1909 civitatum,
949 1873 1075 1903 Vindici
1108 1874 1243 1906 infensa-

573 1920 660 1939 rum:
687 1911 773 1950 quod
797 1911 830 1940 in
850 1911 1057 1950 ignominiam
1072 1914 1241 1951 exercitus,

571 1949 627 2017 gui
641 1949 807 1980 Vindicem
822 1950 1031 1982 debellaverat
1042 1975 1051 1989 ‚
1068 1952 1180 1984 fadum
1197 1954 1242 1984 vi-

597 1988 711 2018 ebatur.

612 2032 620 2052 3
646 2029 711 2058 Psso
734 2028 870 2059 Nmom:
898 2039 969 2059 rme
994 2031 1009 2067 ]
1042 2030 1092 2061 Ob
1121 2031 1240 2062 benefi-

570 2066 653 2096 cium
674 2077 689 2096 a
709 2067 836 2098 Nerone
864 2071 968 2098 recens
994 2077 1178 2108 acceptum,
1201 2072 1238 2102 dc

569 2115 633 2143 quo
652 2105 766 2135 dictum
788 2107 826 2136 est
848 2108 961 2138 Annal.
989 2110 1078 2145 XVI,
1099 2119 1129 2147 13
1145 2133 1154 2147 ,
1177 2111 1238 2141 Ne-

568 2144 640 2174 roni
662 2145 782 2174 addicta
796 2169 803 2180 ‚
825 2146 929 2176 Galbae
951 2146 1080 2177 infensa.

606 2187 621 2206 4
643 2185 828 2215 ADLEVATAE
851 2197 938 2216 NOTAE
955 2188 967 2223 ]
985 2186 1077 2216 Erasae
1091 2209 1099 2222 ,
1119 2196 1170 2217 aut
1182 2187 1236 2218 sal-

567 2229 631 2252 tem
650 2224 778 2253 mollita:
792 2232 873 2254 notae
884 2248 892 2261 ,
907 2235 973 2263 quae
987 2225 1168 2257 nominibus
1181 2248 1188 2261 ‚
1201 2227 1234 2256 in

565 2261 678 2291 tabulis
686 2262 888 2298 censualibus,
901 2265 1233 2301 apponebantur-‚Idem

564 2300 687 2330 testatur
701 2302 866 2332 Suetonius
883 2302 913 2331 in
927 2303 1033 2333 Vitell.
1060 2306 1141 2334 VIII.
1162 2304 1233 2343 Cas-

566 2348 609 2367 rra
629 2342 690 2368 vero*
714 2341 843 2380 ingreffiis
867 2341 936 2370 nihil
967 2343 1088 2380 cuiquam
1114 2343 1234 2381 poscenti

565 2379 678 2417 negavit
690 2391 699 2408 :
720 2389 799 2418 atque
818 2380 900 2409 etiam
912 2380 979 2409 ultro
993 2381 1177 2422 ignominiqfis
1185 2393 1234 2412 110-

563 2425 608 2446 mr
620 2441 629 2456 ‚
647 2418 824 2459 reisfhrdes,
838 2418 1132 2462 damnacisfizpsliriffi
1144 2422 1233 2461 demp-

1286 1837 1319 1868 &
1335 1847 1387 1872 92.

1321 1877 1333 1893 ⁶
1356 1876 1558 1906 CoNsuLAms
1576 1886 1688 1906 LEGATI
1708 1875 1869 1911 MENSURA]
1880 1874 1950 1904 Nec

1282 1924 1323 1944 eae
1346 1914 1547 1945 liberalitates
1574 1925 1629 1953 pro
1657 1914 1823 1945 consularis
1854 1913 1947 1952 legati

1280 1953 1438 1989 mensura,
1459 1954 1509 1984 sed
1530 1954 1563 1983 in
1589 1954 1707 1991 majus,
1736 1962 1769 1983 ut
1790 1952 1949 1991 Principa-

1279 1992 1316 2022 lis
1335 1992 1433 2022 animi
1447 1992 1563 2023 indicia
1574 1992 1791 2031 felicitatisque
1802 1991 1948 2031 pignora,

1278 2031 1519 2071 accipiebantur.
1537 2035 1638 2071 Atque
1653 2040 1685 2062 ut
1705 2031 1760 2062 hac
1786 2030 1949 2070 populari-

1278 2078 1339 2101 tate
1359 2071 1439 2109 apud
1462 2071 1582 2101 severos
1607 2070 1733 2100 humilis
1755 2069 1946 2105 habebatur,

1277 2110 1319 2140 ita
1344 2110 1425 2148 apud
1457 2110 1596 2140 faventes
1633 2109 1731 2141 comis
1765 2110 1799 2140 8<
1832 2110 1947 2139 bonus.

1276 2149 1300 2178 Ii
1314 2149 1397 2179 enim
1413 2149 1593 2180 comitatem
1605 2148 1842 2187 bonitatemque
1854 2158 1947 2178 voca-

1275 2190 1350 2218 bant
1362 2211 1370 2224 ‚
1389 2189 1474 2227 quod
1486 2189 1626 2226 Princeps
1641 2188 1740 2218 facilis
1756 2187 1947 2226 &prodigus

1274 2227 1335 2258 fine
1354 2228 1451 2258 modo
1467 2251 1475 2263 ‚
1494 2227 1555 2258 fine
1567 2227 1686 2266 judicio
1700 2250 1710 2264 ,
1732 2227 1864 2258 donaret
1876 2226 1947 2263 sua,

1274 2266 1433 2305 largiretur
1445 2267 1557 2297 aliena.
1845 2303 1851 2309 ,

1312 2312 1323 2331 7
1345 2307 1392 2336 UT
1423 2308 1593 2337 Vlrrzruus
1616 2307 1630 2343 ]
1661 2306 1756 2336 Forte
1797 2305 1944 2343 scrlptum

1273 2345 1350 2375 olim
1362 2368 1370 2381 ,
1386 2344 1571 2383 apudfieveros
1583 2344 1691 2373 humilis
1703 2368 1711 2379 ‚
1736 2344 1775 2373 ita
1791 2344 1943 2372 comitatem

1272 2383 1468 2422 bonitatemque
1479 2407 1488 2420 ‚
1501 2385 1563 2415 &c.
1575 2384 1623 2414 Sic
1638 2386 1721 2413 certe
1731 2383 1871 2414 mallem:
1884 2392 1945 2414 nee

1271 2422 1314 2455 ita
1333 2423 1489 2456 salebrosa
1509 2423 1592 2458 foret
1608 2422 1722 2455 oratio·

1999 839 2050 866 10

1996 1150 2042 1190 15

1987 1468 2042 1493 20
