2230 3047
309 185 780 227 HISTORIARUM
819 182 1014 225 LIBER
1052 183 1343 226 TERTIUS.
1451 197 1529 236 195

151 265 214 309 dia
228 298 240 318 ,
264 268 513 308 interficitur.
529 267 662 322 Caput
678 263 761 318 ejus
775 263 1001 307 Vitellianis
1017 265 1251 307 cohortibus
1267 268 1505 307 ostentatum
1519 296 1530 317 ‚
1555 277 1671 299 Ξ

150 346 200 371 ne
220 345 338 384 quam
358 329 461 370 ultra
477 329 585 386 spem
612 330 817 370 foverent:
842 343 933 368 nam
955 345 975 364 t<
995 328 1199 384 pervasisse
1228 331 1269 369 in
1297 332 1532 371 Germanias

150 393 395 436 »Valentem
411 423 423 443 ,
450 397 490 434 &
506 407 660 433 veteres
676 391 762 432 illic
782 391 988 445 novosque
1005 393 1205 432 exercitus
1221 394 1327 432 ciere
1348 411 1369 429 »
1394 394 1531 435 crede-

151 456 259 498 bant.
280 454 377 498 Visa
393 456 498 496 caede
510 485 523 505 ‚
551 457 593 494 in
609 455 926 510 desperationem
941 455 1056 494 versi:
1087 458 1128 494 ὅ(
1145 453 1359 497 Flavianus
1380 459 1534 498 exerci-

101 530 124 569 5
155 533 216 560 tus
232 550 244 570 ,
270 521 443 560 immane
470 532 662 573 quantum
691 523 701 539 ¹
729 519 892 568 animo,
917 519 1084 558 exitium
1110 516 1319 567 Valentis,
1343 533 1387 559 ut
1415 521 1536 561 finem

153 582 276 633 belli,
302 583 472 637 accepit.
486 583 617 622 Natus
632 594 714 620 erat
728 579 880 622 Valens
896 582 1086 636 Anagniae
1109 584 1123 601 ²
1140 610 1154 631 ,
1182 581 1347 634 equestri
1361 582 1509 623 familiai
1525 601 1533 624 :

153 661 304 702 procax
319 644 516 695 moribus,
542 658 671 698 neque
687 643 875 684 absurdus
896 646 1059 699 ingenio
1079 649 1088 673 ³
1100 674 1113 694 ,
1138 644 1284 684 famam
1302 643 1535 687 urbanitatis

152 723 223 764 per
235 708 438 750 lasciviam
454 721 609 764 petere:
633 706 791 748 ludicro
815 707 839 750 J
843 706 1074 747 uvenalium
1087 714 1105 737 4
1119 707 1188 747 sub
1204 709 1373 748 Nerone
1386 738 1399 758 ‚
1424 708 1537 750 velut:

155 785 205 811 ex
220 771 446 813 necestitate
459 800 472 821 ,
498 785 595 811 mox
610 770 751 826 sponte
769 771 912 810 mimos
929 771 1125 820 aelitavit,
1139 771 1237 811 scite
1254 773 1400 825 magis,
1419 771 1537 826 quam

77 844 127 871 10
156 833 294 890 probe.
309 835 484 890 Legatus
500 832 672 888 legionis
686 863 700 884 ,
726 837 765 874 &
790 833 895 873 fovit
913 834 1152 888 Verginium
1166 864 1179 884 ,
1208 838 1248 874 &
1273 834 1481 876 infamavit
1509 839 1537 875 5.

81 1159 126 1199 ¹5

78 1480 133 1506 20

155 899 372 939 Fonteium
387 898 629 954 Capitonem
646 909 879 953 corruptum
893 925 906 946 ‚
933 896 1001 936 seu
1016 898 1107 951 quia
1129 912 1384 953 corrumpere
1402 899 1540 952 nequi-

156 975 267 1002 verat
279 991 291 1011 ‚
312 962 514 1008 interfecit
529 959 559 1002 ⁶.
575 959 713 1001 Galbae
728 960 908 1016 proditor
923 964 936 986 ⁷
946 989 960 1010 ,
978 954 1151 1001 Vitellio
1166 961 1266 1001 fidus
1280 991 1293 1011 ,
1314 965 1355 1001 ὃς
1371 961 1541 1003 aliorum

158 1022 320 1079 perfidia
341 1023 578 1065 inlustratus.

219 1088 398 1128 LXIII.
432 1089 675 1128 ABRUPTA
701 1087 878 1140 undique
907 1086 999 1142 spe,
1023 1086 1266 1128 Vitellianus
1289 1086 1423 1137 miles,
1440 1100 1542 1128 tran-

159 1150 296 1192 siturus
312 1152 353 1190 in
370 1164 499 1207 partes
512 1181 525 1201 ‚
550 1150 591 1191 id
607 1164 765 1204 quoque
784 1165 866 1190 non
882 1149 960 1189 fine
977 1149 1176 1190 dedecore
1200 1148 1230 1200 ⁸,
1259 1151 1325 1191 sed
1343 1150 1410 1190 sub
1426 1150 1543 1205 lignis

158 1213 395 1269 vexillisque
417 1216 458 1253 in
478 1212 672 1266 subjecios
688 1214 848 1254 Narnia:
867 1228 1030 1269 campos
1052 1213 1307 1254 descendere.
1330 1213 1544 1255 Flavianus

160 1279 358 1319 exercitus
371 1307 384 1327 ‚
405 1291 450 1318 ut
472 1277 520 1318 ad
546 1276 733 1333 proelium
749 1306 761 1327 ‚
788 1277 964 1317 intentus
987 1277 1262 1330 armatusque,
1288 1277 1412 1317 densis
1437 1278 1544 1318 circa

158 1342 265 1382 viam
281 1339 512 1390 ordinibus,
537 1340 747 1380 adstiterat.
773 1340 947 1395 Accepti
963 1340 1003 1379 in
1034 1339 1207 1380 medium
1243 1339 1475 1381 Vitelliani:
1503 1344 1545 1380 ὅ(

162 1404 430 1445 circumdatos
446 1433 459 1453 ‚
485 1404 638 1444 Primus
666 1403 869 1443 Antonius
899 1401 1119 1443 clementer
1144 1401 1393 1456 adloquitur:
1421 1420 1441 1438 α
1458 1418 1545 1458 pars

161 1468 353 1508 »Narniae
366 1496 379 1518 ,
403 1481 491 1523 pars
506 1467 740 1507 Interamnae
757 1483 779 1502 2>
797 1464 993 1505 subsistere
1008 1463 1114 1517 juffi:
1138 1465 1278 1506 reli&ae
1296 1464 1408 1505 fimul
1424 1481 1445 1506 e
1462 1467 1547 1506 vic-

162 1530 327 1572 tricibus
344 1529 546 1586 legiones,
566 1544 695 1584 neque
708 1528 1003 1583 quiescentibus
1017 1544 1178 1583 graves,
1200 1533 1240 1570 ὅ(
1254 1529 1437 1570 adversus
1453 1544 1549 1570 con-

163 1595 380 1636 tumaciam
403 1592 555 1634 validae.
577 1595 678 1634 Non
698 1592 867 1633 omisere
890 1607 960 1648 per
984 1607 1053 1633 eos
1075 1593 1157 1633 dies
1177 1593 1329 1633 Primus
1351 1608 1397 1633 ac
1422 1593 1548 1633 Varus

165 1656 314 1699 crebris
327 1658 475 1697 nuntiis
491 1673 512 1693 «
526 1655 715 1706 salutem,
733 1660 772 1696 ὃς
790 1657 1022 1711 pecuniam,
1039 1660 1078 1696 ἃ
1094 1656 1242 1696 secreta
1257 1656 1483 1711 Campaniae
1494 1660 1540 1692 9»

166 1721 311 1762 offerre
326 1719 498 1763 Vitellio
510 1751 524 1771 ,
548 1736 570 1756 «
585 1719 611 1758 si
630 1720 763 1775 positis
777 1720 894 1759 armis
907 1749 920 1769 ,
946 1719 1062 1772 seque
1076 1734 1122 1759 ac
1137 1718 1284 1760 liberos
1300 1719 1389 1759 suos
1403 1718 1549 1775 Vespa-

168 1847 230 1880 taIe
258 1848 333 1879 fecit
357 1847 541 1887 Raphaelis,
562 1847 717 1878 Pit-“torum
746 1847 838 1878 facile
875 1847 961 1877 nium.

168 1888 330 1929 principis,
352 1898 437 1918 mens
457 1888 563 1927 arsque
582 1887 700 1917 divina.
916 1891 930 1909 4
953 1888 1160 1917 JUVENAUUM
1177 1888 1189 1924 ]
1208 1886 1255 1915 De
1268 1885 1328 1916 hoc
1342 1884 1465 1915 ludicro
1482 1885 1549 1916 dic-

210 1934 219 1948 ¹
244 1929 370 1958 IMMANE
393 1938 545 1963 QUANTUM
562 1929 575 1966 ]
598 1926 647 1957 Sic
670 1926 815 1957 Horatius
828 1950 837 1963 ‚
876 1934 942 1957 tum
960 1926 1046 1964 supra
1062 1926 1174 1956 Annal.
1190 1926 1260 1955 XIV
1273 1948 1281 1960 ‚
1300 1935 1335 1963 ¹5
1348 1925 1382 1955 ὅ(
1394 1925 1482 1960 XVI,
1500 1936 1548 1955 21.

170 1969 196 1998 1.
215 1968 276 1999 Od.
299 1968 433 2003 XXVII,
458 1978 483 2006 5.
578 1989 582 1992 .
916 1971 924 1992 5
948 1967 1162 2003 INFAMAWT]
1183 1965 1278 2003 Supra
1294 1963 1366 1993 Hist.
1386 1964 1418 2001 1,
1441 1975 1490 2003 52·

270 2007 332 2032 Vino
351 2007 376 2031 tr
395 2007 496 2031 lucernis
515 2007 598 2031 Medus
618 2007 722 2031 acinaces
915 2006 929 2025 ⁶
950 2006 1162 2041 INTERFECIT]
1184 2005 1280 2042 Supra
1297 2003 1370 2033 Hist.
1384 2003 1396 2031 I
1410 2026 1418 2039 ,
1433 2014 1462 2041 7.

271 2041 375 2066 Immune
391 2048 498 2075 quantum
509 2041 630 2073 discrepat.
916 2051 928 2071 7
951 2045 1066 2075 Gwm
1090 2054 1253 2075 Pnomrorz
1272 2045 1284 2081 ]
1309 2043 1403 2081 Supra
1423 2043 1496 2074 Hist.
1520 2045 1550 2080 1,

209 2086 221 2102 ⁸
245 2086 418 2123 Aureum]
449 2086 543 2116 Nunc
566 2083 702 2124 Anagni,
723 2082 794 2111 dans
813 2082 839 2111 la
881 2093 928 2123 52.

172 2135 324 2164 campagne
344 2123 376 2154 de
397 2125 490 2154 Rome.
918 2124 929 2143 δ’
952 2123 1026 2153 Nou
1048 2133 1114 2153 sinn
1138 2133 1307 2153 nnnsscomr
1320 2126 1331 2156 ]
1346 2122 1429 2151 Bene
1442 2121 1552 2151 Illustr.

212 2170 222 2191 ³
247 2165 360 2199 Nmue
383 2174 542 2194 Ansunnus
556 2174 683 2193 mcizmo
697 2163 711 2199 ]
726 2162 770 2191 Ita
783 2160 842 2190 fer·
878 2162 1026 2193 Huetius:
1046 2161 1208 2192 Vitellianis
1221 2186 1230 2199 ‚
1241 2161 1396 2190 Flavianas
1408 2161 1551 2198 parresse-

172 2215 222 2234 me
243 2204 280 2234 de
296 2202 480 2242 Sempronia
499 2202 652 2233 Sallustius
665 2212 698 2232 m
713 2200 841 2231 Catilin.
880 2202 1002 2238 curaris,
1015 2200 1043 2229 id
1059 2202 1176 2230 maxime*
1187 2199 1471 2241 ignominiqfiszuit‚
1483 2199 1551 2237 quod

172 2244 286 2276 XXVI.
313 2241 458 2282 Ingenium
493 2242 550 2280 ejus
581 2240 653 2270 haud
678 2238 818 2278 abstirdum
832 2253 840 2268 .·
871 2240 1023 2286 fi‘bfigflis
1041 2240 1088 2270 hoc
1099 2240 1242 2279 fecerint,
1262 2241 1321 2270 cam
1335 2239 1437 2278 furtim
1454 2239 1552 2276 fucere

135 2310 140 2315 .
170 2283 238 2328 pqffe
259 2282 348 2322 νρζῇις
364 2281 480 2318 facere,
489 2291 581 2349 iocum
594 2279 843 2317 movere‚sermone
878 2280 988 2320 paffenr-

175 2332 214 2352 uu
231 2321 274 2352 vel
298 2320 427 2361 modesto,
455 2330 487 2350 ve
519 2319 616 2356 molli,
647 2320 689 2349 vel
713 2318 842 2355 procaci.-
918 2325 930 2344 ⁹
953 2321 1097 2350 Secum-A
1130 2322 1306 2351 CAMPAMAE
1328 2321 1342 2357 ]
1377 2320 1415 2348 Ut
1448 2316 1550 2360 Rom-i

173 2361 280 2400 prorsus
293 2360 384 2390 multa»
403 2359 516 2398 facetioe
530 2359 674 2398 tnulrufiyue
696 2358 768 2394 lepos
786 2359 845 2387 irie-
881 2358 1068 2395 abstineret,
1090 2360 1124 2390 ὃ(
1147 2360 1179 2389 in
1205 2359 1318 2389 secreta
1352 2359 1528 2399 Campania:
1544 2378 1554 2391 ‚

176 2408 232 2429 rat.
252 2400 331 2431 Vide
359 2402 394 2431 δε
420 2399 507 2438 supra
536 2399 648 2430 Annal.
677 2398 772 2433 XIII,
793 2408 844 2437 45.
883 2398 952 2430 otio
969 2399 1003 2429 ὃ(
1023 2399 1209 2431 libidinibus
1231 2407 1406 2437 opportuna
1424 2419 1433 2433 ‚
1460 2400 1488 2425 Ie
1511 2403 1559 2424 re-

178 2439 408 2479 Poppaeaesermo
429 2439 530 2478 comis,
550 2448 599 2468 nec
613 2436 755 2478 absurdum
768 2437 846 2478 inge·
884 2438 1014 2478 ciperet.

1240 2477 1368 2532 Bbij

1558 312 1671 337 A.U.C.

1581 360 1652 389 822.

1585 411 1607 434 J.
1620 409 1649 433 C.

1590 458 1642 493 69.
