2209 3047
95 837 144 865 10

92 1153 140 1192 15

87 1472 144 1499 2c>

321 170 796 212 HISTORIARUM
834 169 1026 211 LIBER
1061 172 1385 226 QUARTUS.
1468 180 1556 225 267

166 250 263 290 sium
280 281 293 302 ‚
321 250 476 307 legatos
494 283 506 303 ‚
535 253 709 302 vinciri,
737 252 827 293 satis
847 252 989 292 visum.
1017 252 1127 292 Dein
1145 283 1156 301 ‚
1188 255 1352 311 sumptis
1376 257 1555 298 Romani

165 315 324 370 imperii
348 316 564 370 inslgnibus
592 322 600 338 ¹
619 346 632 367 ,
657 318 698 355 in
724 317 846 357 castra
865 317 989 356 venit.
1013 317 1107 356 Nec
1129 315 1189 355 illi
1205 347 1217 367 ‚
1245 334 1484 373 quamquam
1507 320 1555 361 ad

169 392 289 419 omne
310 379 466 420 facinus
487 380 655 430 durato,
681 378 802 420 verba
820 378 924 420 ultra
945 379 1249 436 suppeditavere
1264 411 1275 430 ,
1297 382 1414 435 quam
1434 398 1478 424 ut
1498 383 1555 425 sa-

169 456 419 482 cramentum
438 445 638 484 recitaret.
652 443 844 486 Juravcre
859 444 927 497 qui
943 443 1126 494 aderant,
1147 460 1168 479 (ι
1185 458 1255 498 pro
1274 445 1441 500 imperio
1458 447 1557 489 Gal-

166 503 342 546 »liarum
367 524 408 547 >›.
428 507 729 548 Interfe&orem
752 506 920 548 Voculae
934 536 946 557 ,
970 506 1058 548 altis
1079 506 1284 547 ordinibus
1310 512 1323 528 ²
1338 538 1350 557 ,
1373 524 1528 552 ceteros
1542 541 1557 562 ,

167 581 212 608 ut
235 570 400 624 quisque
417 571 612 627 flagitium
634 584 849 610 navaverat
865 600 877 620 ,
892 572 1060 626 praemiis
1091 569 1255 612 attollit.
1285 571 1434 612 Divisae
1464 575 1559 616 inde

168 632 274 674 inter
300 634 499 676 Tutorem
534 639 575 676 &
603 632 818 675 Clafficum
844 649 957 675 curae.
985 635 1140 686 Tutor,
1175 633 1308 675 valida
1336 650 1457 676 manu
1481 639 1559 678 cir-

171 696 381 739 cumdatos
414 698 729 754 Agrippinenses
743 728 756 748 ,
783 690 1057 753 quantumque
1093 697 1268 739 militum
1302 699 1407 755 apud
1442 700 1560 756 supe-

169 761 316 800 riorem
338 761 476 801 Rheni
499 763 652 817 ripam,
679 762 721 800 in
738 761 878 802 eadem
894 761 1015 803 verba
1036 763 1163 818 adigit
1176 793 1190 813 ‚
1216 763 1357 804 occilis
1375 763 1561 819 Mogon-

168 823 265 864 tiaci
291 822 486 875 tribunis,
511 824 629 881 pulso
652 826 868 866 castrorum
894 825 1078 882 praefe'Cto
1095 855 1106 876 ‚
1134 828 1201 880 qui
1229 826 1559 868 detrefitaverant.

171 885 363 929 Clafficus
390 889 725 945 corruptiffimum
753 902 952 943 quemque
971 903 992 929 e
1015 889 1160 931 deditis
1190 907 1211 926 «
1227 905 1393 946 pergere
1413 890 1461 931 ad
1487 889 1562 932 ob-

170 950 322 992 »seffos
350 956 401 989 ³»
432 950 570 1004 jubet,
606 954 802 994 «veniam
837 954 1079 994 ostentantes
1104 983 1119 1004 ,
1153 953 1181 993 fi
1201 954 1405 1010 praesentia
1428 954 1562 1008 seque-

171 1028 366 1062 »rentur3
400 1014 534 1066 aliter,
562 1016 664 1057 nihil
686 1017 790 1073 spei:
818 1017 994 1067 famem,
1024 1017 1251 1071 ferrumque
1271 1048 1283 1068 ,
1312 1021 1352 1058 &
1382 1031 1561 1059 extrema

171 1078 378 1134 »passuros
393 1095 413 1115 »
426 1111 435 1119 .
452 1078 650 1132 Adjecere
673 1082 742 1134 qui
761 1080 859 1119 misli
876 1094 989 1121 erant
1003 1110 1016 1131 ,
1037 1080 1268 1137 exemplum
1294 1081 1421 1122 suum.

235 1141 334 1183 LX.
369 1143 619 1185 OBsEssos
648 1146 746 1185 hinc
770 1144 894 1194 fides,
921 1144 1014 1184 inde
1041 1145 1215 1199 egestas,
1242 1146 1345 1185 inter
1365 1145 1488 1186 decus
1515 1158 1563 1186 ac

171 1205 370 1260 flagitium
398 1206 679 1249 distrahebant.
696 1206 988 1248 Cunfirantibus
1008 1207 1124 1249 solita
1138 1206 1378 1262 insolitaque
1395 1207 1564 1249 alimen-

170 1282 211 1310 ta
235 1269 423 1317 deerant;
451 1270 669 1328 absumptis
696 1270 885 1323 jumentis
911 1271 1127 1326 equisque,
1152 1275 1193 1312 ὅ(
1221 1273 1364 1312 ceteris
1386 1270 1565 1312 animali-

170 1331 242 1373 bus
255 1363 266 1382 ,
284 1349 367 1387 quae
389 1334 557 1390 profana
573 1335 761 1388 foedaque
780 1337 823 1375 in
842 1335 956 1374 usum
983 1335 1187 1376 necessitas
1209 1336 1342 1376 vertit.
1374 1333 1564 1390 Virgulta

170 1396 396 1452 postremo,
428 1401 468 1438 ὅ(
494 1398 628 1454 stirpes
646 1428 658 1448 ‚
686 1403 727 1439 ὅ(
757 1399 983 1439 internatas*
1003 1397 1103 1439 saxis
1128 1403 1146 1427 4
1170 1398 1311 1440 herbas
1337 1397 1534 1439 vellentes
1550 1427 1565 1449 ,

170 1459 415 1501 miseriarum
436 1462 715 1517 patientiaeque
737 1461 1030 1503 documentum
1052 1462 1189 1509 fuere3
1209 1462 1342 1503 donec
1361 1463 1567 1517 egregiam

170 1522 331 1564 laudem
355 1525 433 1565 fine
454 1527 562 1581 turpi
586 1524 861 1575 macularent,
884 1525 1001 1566 miffis
1024 1525 1073 1566 ad
1091 1524 1269 1566 Civilem
1289 1525 1432 1581 legatis
1457 1542 1478 1562 «
1502 1526 1565 1565 vi-

172 1604 194 1624 »
205 1600 287 1628 tam
305 1604 326 1624 »
343 1601 514 1628 orantes.
531 1591 678 1643 Neque
692 1589 784 1629 ante
798 1603 936 1645 preces
951 1589 1118 1629 admissae
1127 1619 1139 1639 ‚
1153 1588 1271 1643 quam
1287 1591 1327 1629 in
1341 1589 1462 1630 verba
1473 1587 1568 1630 Gal-

171 1650 315 1691 liarum
335 1649 524 1702 jurarent.
537 1652 645 1692 Tum
660 1654 795 1708 paclus
813 1657 825 1683 5
845 1669 866 1689 <c
879 1653 1051 1708 praedam
1068 1653 1283 1694 castrorum
1298 1671 1318 1689 >2
1329 1683 1342 1704 ,
1359 1652 1426 1693 dat
1440 1654 1567 1694 custo-

174 1714 242 1755 des
257 1744 271 1765 ,
298 1715 365 1768 qui
382 1717 596 1770 pecuniam
611 1746 624 1767 ‚
651 1715 814 1757 calones
828 1745 840 1766 ,
862 1716 1034 1757 sarcinas
1062 1729 1307 1757 retentarent
1323 1747 1335 1767 ‚
1356 1732 1403 1757 ac
1421 1718 1488 1770 qui
1506 1718 1565 1772 ip-

175 1777 237 1818 sos
268 1777 378 1819 leves
400 1776 418 1799 ⁶
443 1778 635 1821 abeuntes
671 1780 1019 1836 prosequerentur.
1048 1780 1114 1821 Ad
1136 1782 1320 1834 quintum
1351 1780 1432 1821 fere
1462 1779 1566 1836 lapi-

173 1841 265 1882 dem
295 1842 427 1883 coorti
451 1844 671 1894 Germani,
691 1846 898 1886 incautum
917 1859 1062 1899 agmen
1085 1844 1384 1899 adgrediuntur.
1403 1845 1564 1898 Pugna-

172 1904 344 1948 cissimus
372 1906 536 1961 quisque
552 1909 593 1947 in
609 1909 803 1964 vestigi03
822 1907 939 1948 multi
965 1906 1146 1965 palantes
1168 1908 1419 1950 occubuere:
1440 1906 1565 1948 ceteri

215 2046 224 2061 ¹
247 2040 381 2072 Romaim
403 2051 528 2074 narrari
552 2047 749 2077 mmomnus]
775 2044 848 2075 Haec
886 2044 937 2074 tiae
958 2044 1067 2084 gradus
1084 2044 1201 2076 evexit.

175 2080 215 2110 de
234 2080 366 2120 aquilis,
380 2082 524 2120 vexillis,
546 2083 718 2122 ceterisque
733 2084 848 2114 Roma-
927 2089 936 2110 ³
963 2088 1009 2113 An
1034 2095 1180 2115 ossrssos
1207 2085 1221 2122 ]
1243 2084 1291 2114 Ad
1314 2083 1476 2122 legiones,
1495 2091 1564 2121 quae

175 2119 209 2150 ni
223 2120 376 2151 exercitus
391 2121 481 2160 signis
495 2146 504 2159 ‚
523 2133 589 2162 quae
611 2123 713 2153 secum
726 2122 848 2162 sumpsit
888 2123 1030 2162 inopiam
1045 2123 1263 2163 obsidiumque
1279 2123 1311 2153 in
1322 2122 1486 2155 Veteribus
1497 2121 1565 2152 cas-

177 2160 321 2190 Clafficus
334 2183 343 2196 ‚
361 2161 441 2192 dicta
461 2163 528 2192 vult
552 2162 694 2193 Pichena.
709 2163 829 2193 Contra
840 2186 848 2199 ,
888 2163 941 2194 tris
953 2187 960 2196 ,
973 2163 1081 2192 Samen
1092 2187 1100 2200 ,
1125 2165 1312 2194 tolerabant.

175 2199 210 2230 &
230 2200 457 2238 probabiliter,
477 2201 628 2233 existimat
641 2203 690 2233 Cl.
710 2203 849 2232 Ernestus
927 2207 941 2226 4
962 2204 1161 2234 lnrrzumms
1185 2214 1274 2234 saxis
1299 2204 1313 2240 ]
1347 2201 1398 2231 Sic
1431 2209 1562 2240 quoque

176 2239 339 2270 Classicum
353 2240 474 2271 librores*
487 2265 495 2277 ,
507 2240 610 2276 fasces,
625 2253 691 2281 quae
707 2241 775 2272 sunt
788 2243 849 2272 Ro·
890 2242 1069 2273 Columella
1086 2266 1095 2279 ,
1129 2244 1178 2281 11,
1211 2254 1258 2273 12.
1289 2241 1444 2272 Interttatae
1474 2239 1562 2269 herbae

127 2299 132 2304 ·
178 2279 264 2309 mani
280 2279 402 2324 imperii
420 2280 568 2320 insignia,
584 2281 746 2320 sumpfiss'e.
758 2283 850 2312 Cete-
882 2282 958 2319 foeno
974 2282 1152 2320 reserventur.

181 2320 248 2348 rhm
263 2329 331 2350 non
347 2321 480 2357 mcessir,
495 2322 847 2360 tamquamlmperator.
929 2327 937 2348 5
961 2322 1038 2351 Tum
1063 2332 1178 2354 merus
1192 2323 1207 2360 ]
1222 2323 1306 2352 Tum
1326 2320 1440 2351 Civilis
1462 2321 1563 2359 paetus

179 2358 318 2389 juratum
347 2359 432 2390 enim
463 2370 518 2400 pro
554 2360 688 2401 imperio
727 2361 850 2392 Gallia—
890 2362 1041 2400 praedam,
1065 2363 1128 2393 διε.

181 2406 260 2426 tum·
927 2402 939 2420 ⁶
963 2402 1048 2432 Ipsos
1071 2413 1169 2433 navas
1187 2402 1202 2438 ]
1223 2401 1298 2432 Sine
1326 2398 1481 2438 pecunia,
1500 2396 1565 2428 fine

221 2440 235 2455 ²
256 2437 348 2472 Αιτιε
370 2444 556 2477 nummatis]
576 2440 624 2473 Ad
636 2442 754 2482 primos
767 2440 852 2474 mili·
889 2440 1002 2481 armis,
1015 2441 1078 2473 fine
1095 2441 1231 2474 sarcinis.

1286 2480 1396 2534 Llij

1576 307 1606 330 A.
1618 306 1647 329 U.
1658 306 1689 329 C.

1599 355 1672 389 823.

1602 406 1623 429 J.
1635 405 1664 428 C.

1610 462 1663 490 70.
