<?xml version="1.0" encoding="UTF-8"?>
<!DOCTYPE html PUBLIC "-//W3C//DTD XHTML 1.0 Transitional//EN"
    "http://www.w3.org/TR/xhtml1/DTD/xhtml1-transitional.dtd">
<html xmlns="http://www.w3.org/1999/xhtml" xml:lang="en" lang="en">
 <head>
  <title>
</title>
<meta http-equiv="Content-Type" content="text/html;charset=utf-8" />
  <meta name='ocr-system' content='tesseract 3.04.00' />
  <meta name='ocr-capabilities' content='ocr_page ocr_carea ocr_par ocr_line ocrx_word'/>
</head>
<body>
  <div class='ocr_page' id='page_1' title='image "./operabro03taciuoft_0515.png"; bbox 0 0 2209 3047; ppageno 0'>
   <div class='ocr_carea' id='block_1_1' title="bbox 355 160 1595 217">
    <p class='ocr_par' dir='ltr' id='par_1_1' title="bbox 355 160 1595 217">
     <span class='ocr_line' id='line_1_1' title="bbox 355 160 1595 217; baseline 0.004 -14"><span class='ocrx_word' id='word_1_1' title='bbox 355 160 438 204; x_wconf 94' lang='lat' dir='ltr'>AD</span> <span class='ocrx_word' id='word_1_2' title='bbox 455 162 680 205; x_wconf 90' lang='lat' dir='ltr'>LIBRUM</span> <span class='ocrx_word' id='word_1_3' title='bbox 702 162 776 205; x_wconf 91' lang='lat' dir='ltr'>IV.</span> <span class='ocrx_word' id='word_1_4' title='bbox 795 161 940 204; x_wconf 91' lang='lat' dir='ltr'>HIST.</span> <span class='ocrx_word' id='word_1_5' title='bbox 960 161 1008 204; x_wconf 85' lang='lat' dir='ltr'>C.</span> <span class='ocrx_word' id='word_1_6' title='bbox 1034 162 1214 205; x_wconf 90' lang='lat' dir='ltr'>CORN.</span> <span class='ocrx_word' id='word_1_7' title='bbox 1241 161 1451 206; x_wconf 90' lang='lat' dir='ltr'>TACITI.</span> <span class='ocrx_word' id='word_1_8' title='bbox 1512 179 1595 217; x_wconf 85' lang='lat'>50¹</span> 
     </span>
    </p>
   </div>
   <div class='ocr_carea' id='block_1_2' title="bbox 220 237 1614 1438">
    <p class='ocr_par' dir='ltr' id='par_1_2' title="bbox 276 237 1153 287">
     <span class='ocr_line' id='line_1_2' title="bbox 276 237 1153 287; baseline 0.001 -11"><span class='ocrx_word' id='word_1_9' title='bbox 276 239 323 276; x_wconf 75' lang='lat' dir='ltr'>IN</span> <span class='ocrx_word' id='word_1_10' title='bbox 354 252 451 278; x_wconf 78' lang='lat' dir='ltr'>PACE</span> <span class='ocrx_word' id='word_1_11' title='bbox 476 245 595 287; x_wconf 71' lang='lat' dir='ltr'>Fons]</span> <span class='ocrx_word' id='word_1_12' title='bbox 626 240 706 276; x_wconf 87' lang='lat' dir='ltr'>Mss.</span> <span class='ocrx_word' id='word_1_13' title='bbox 731 239 833 276; x_wconf 88' lang='lat' dir='ltr'>Harl.</span> <span class='ocrx_word' id='word_1_14' title='bbox 852 237 959 276; x_wconf 88' lang='lat' dir='ltr'>Bodl.</span> <span class='ocrx_word' id='word_1_15' title='bbox 980 237 1047 275; x_wconf 91' lang='lat' dir='ltr'>Jes.</span> <span class='ocrx_word' id='word_1_16' title='bbox 1069 241 1153 286; x_wconf 81' lang='lat' dir='ltr'>sors.</span> 
     </span>
    </p>

    <p class='ocr_par' dir='ltr' id='par_1_3' title="bbox 222 289 1614 1037">
     <span class='ocr_line' id='line_1_3' title="bbox 276 289 1612 340; baseline 0.003 -14"><span class='ocrx_word' id='word_1_17' title='bbox 276 290 558 328; x_wconf 77' lang='lat' dir='ltr'>SEXTADECIMA</span> <span class='ocrx_word' id='word_1_18' title='bbox 580 294 726 336; x_wconf 64' lang='lat' dir='ltr'>Lecto]</span> <span class='ocrx_word' id='word_1_19' title='bbox 758 290 855 326; x_wconf 66' lang='lat' dir='ltr'>Male¹</span> <span class='ocrx_word' id='word_1_20' title='bbox 871 289 1089 326; x_wconf 82' lang='lat' dir='ltr'>Puteolanus</span> <span class='ocrx_word' id='word_1_21' title='bbox 1113 293 1146 326; x_wconf 71' lang='grc' dir='ltr'>ὃς</span> <span class='ocrx_word' id='word_1_22' title='bbox 1172 290 1303 328; x_wconf 88' lang='lat' dir='ltr'>deinde</span> <span class='ocrx_word' id='word_1_23' title='bbox 1331 293 1439 330; x_wconf 88' lang='lat' dir='ltr'>ceteri</span> <span class='ocrx_word' id='word_1_24' title='bbox 1464 305 1612 340; x_wconf 83' lang='lat' dir='ltr'>omnes,</span> 
     </span>
     <span class='ocr_line' id='line_1_4' title="bbox 222 339 1614 388; baseline 0.004 -12"><span class='ocrx_word' id='word_1_25' title='bbox 222 341 442 376; x_wconf 75' lang='lat' dir='ltr'>tertiadecima</span> <span class='ocrx_word' id='word_1_26' title='bbox 472 343 565 388; x_wconf 78' lang='lat' dir='ltr'>legio.</span> <span class='ocrx_word' id='word_1_27' title='bbox 592 340 866 377; x_wconf 81' lang='lat' dir='ltr'>Emendandum</span> <span class='ocrx_word' id='word_1_28' title='bbox 886 366 893 379; x_wconf 92' lang='lat'>,</span> <span class='ocrx_word' id='word_1_29' title='bbox 912 339 1129 387; x_wconf 80' lang='lat' dir='ltr'>sextadecima</span> <span class='ocrx_word' id='word_1_30' title='bbox 1150 368 1160 382; x_wconf 93' lang='lat'>,</span> <span class='ocrx_word' id='word_1_31' title='bbox 1186 342 1278 377; x_wconf 56' lang='lat' dir='ltr'>rech}</span> <span class='ocrx_word' id='word_1_32' title='bbox 1307 344 1400 379; x_wconf 89' lang='lat' dir='ltr'>vidit</span> <span class='ocrx_word' id='word_1_33' title='bbox 1421 344 1614 381; x_wconf 74' lang='lat' dir='ltr'>Mercerus.</span> 
     </span>
     <span class='ocr_line' id='line_1_5' title="bbox 223 389 1614 442; baseline 0.004 -17"><span class='ocrx_word' id='word_1_34' title='bbox 223 389 323 427; x_wconf 84' lang='lat' dir='ltr'><strong>Bene</strong></span> <span class='ocrx_word' id='word_1_35' title='bbox 341 390 437 427; x_wconf 90' lang='lat' dir='ltr'>enim</span> <span class='ocrx_word' id='word_1_36' title='bbox 455 390 533 426; x_wconf 64' lang='lat' dir='ltr'>Mss‘.</span> <span class='ocrx_word' id='word_1_37' title='bbox 552 391 639 439; x_wconf 77' lang='lat' dir='ltr'>Reg.</span> <span class='ocrx_word' id='word_1_38' title='bbox 658 391 744 439; x_wconf 86' lang='lat' dir='ltr'><strong>Agr.</strong></span> <span class='ocrx_word' id='word_1_39' title='bbox 760 393 793 426; x_wconf 87' lang='lat'>&amp;</span> <span class='ocrx_word' id='word_1_40' title='bbox 811 389 925 426; x_wconf 90' lang='lat' dir='ltr'>editio</span> <span class='ocrx_word' id='word_1_41' title='bbox 947 389 1133 438; x_wconf 87' lang='lat' dir='ltr'>princeps,</span> <span class='ocrx_word' id='word_1_42' title='bbox 1155 391 1249 425; x_wconf 82' lang='lat' dir='ltr'>XVI</span> <span class='ocrx_word' id='word_1_43' title='bbox 1277 393 1369 440; x_wconf 72' lang='lat' dir='ltr'>legio.</span> <span class='ocrx_word' id='word_1_44' title='bbox 1393 393 1451 429; x_wconf 87' lang='lat' dir='ltr'>Sic</span> <span class='ocrx_word' id='word_1_45' title='bbox 1465 406 1614 442; x_wconf 82' lang='lat' dir='ltr'>quoque</span> 
     </span>
     <span class='ocr_line' id='line_1_6' title="bbox 226 437 1612 488; baseline 0.004 -14"><span class='ocrx_word' id='word_1_46' title='bbox 226 440 321 475; x_wconf 71' lang='lat' dir='ltr'>infra</span> <span class='ocrx_word' id='word_1_47' title='bbox 353 452 432 488; x_wconf 87' lang='lat' dir='ltr'>cap.</span> <span class='ocrx_word' id='word_1_48' title='bbox 460 441 521 476; x_wconf 86' lang='lat'>62.</span> <span class='ocrx_word' id='word_1_49' title='bbox 553 439 620 475; x_wconf 89' lang='lat' dir='ltr'>Ms.</span> <span class='ocrx_word' id='word_1_50' title='bbox 644 440 743 476; x_wconf 88' lang='lat' dir='ltr'>Flor.</span> <span class='ocrx_word' id='word_1_51' title='bbox 767 441 847 487; x_wconf 83' lang='lat' dir='ltr'>legio</span> <span class='ocrx_word' id='word_1_52' title='bbox 876 441 976 476; x_wconf 84' lang='lat' dir='ltr'>XVI.</span> <span class='ocrx_word' id='word_1_53' title='bbox 1013 439 1070 475; x_wconf 91' lang='lat' dir='ltr'>Ibi</span> <span class='ocrx_word' id='word_1_54' title='bbox 1097 437 1242 488; x_wconf 89' lang='lat' dir='ltr'>quidem</span> <span class='ocrx_word' id='word_1_55' title='bbox 1258 467 1267 482; x_wconf 90' lang='lat'>,</span> <span class='ocrx_word' id='word_1_56' title='bbox 1293 443 1374 479; x_wconf 88' lang='lat' dir='ltr'>vice</span> <span class='ocrx_word' id='word_1_57' title='bbox 1392 444 1519 487; x_wconf 71' lang='lat' dir='ltr'>versa,</span> <span class='ocrx_word' id='word_1_58' title='bbox 1542 444 1612 479; x_wconf 90' lang='lat' dir='ltr'>Ms.</span> 
     </span>
     <span class='ocr_line' id='line_1_7' title="bbox 224 488 1612 542; baseline 0.002 -17"><span class='ocrx_word' id='word_1_59' title='bbox 224 488 315 540; x_wconf 85' lang='lat' dir='ltr'>Reg.</span> <span class='ocrx_word' id='word_1_60' title='bbox 331 492 365 526; x_wconf 75' lang='grc' dir='ltr'>ὃ(</span> <span class='ocrx_word' id='word_1_61' title='bbox 383 489 498 526; x_wconf 88' lang='lat' dir='ltr'>editio</span> <span class='ocrx_word' id='word_1_62' title='bbox 523 490 689 538; x_wconf 89' lang='lat' dir='ltr'>princeps</span> <span class='ocrx_word' id='word_1_63' title='bbox 716 489 873 530; x_wconf 90' lang='lat' dir='ltr'>habent,</span> <span class='ocrx_word' id='word_1_64' title='bbox 900 491 980 537; x_wconf 82' lang='lat' dir='ltr'>legio</span> <span class='ocrx_word' id='word_1_65' title='bbox 999 491 1226 524; x_wconf 78' lang='lat' dir='ltr'>tertiadecima.</span> <span class='ocrx_word' id='word_1_66' title='bbox 1244 489 1311 526; x_wconf 84' lang='lat' dir='ltr'>Ms.</span> <span class='ocrx_word' id='word_1_67' title='bbox 1329 494 1416 542; x_wconf 86' lang='lat' dir='ltr'>Agr.</span> <span class='ocrx_word' id='word_1_68' title='bbox 1442 496 1523 541; x_wconf 80' lang='lat' dir='ltr'>legio</span> <span class='ocrx_word' id='word_1_69' title='bbox 1546 506 1612 530; x_wconf 84' lang='lat' dir='ltr'>tre-</span> 
     </span>
     <span class='ocr_line' id='line_1_8' title="bbox 226 538 1613 589; baseline 0.004 -14"><span class='ocrx_word' id='word_1_70' title='bbox 226 539 360 576; x_wconf 86' lang='lat' dir='ltr'>decima.</span> <span class='ocrx_word' id='word_1_71' title='bbox 385 539 479 575; x_wconf 91' lang='lat' dir='ltr'>Nam</span> <span class='ocrx_word' id='word_1_72' title='bbox 498 539 595 589; x_wconf 89' lang='lat' dir='ltr'>legio</span> <span class='ocrx_word' id='word_1_73' title='bbox 614 538 861 575; x_wconf 85' lang='lat' dir='ltr'>tertiadecima</span> <span class='ocrx_word' id='word_1_74' title='bbox 875 549 949 575; x_wconf 88' lang='lat' dir='ltr'>erat</span> <span class='ocrx_word' id='word_1_75' title='bbox 966 539 1003 574; x_wconf 91' lang='lat' dir='ltr'>in</span> <span class='ocrx_word' id='word_1_76' title='bbox 1015 539 1214 575; x_wconf 63' lang='lat' dir='ltr'>Pannonia.</span> <span class='ocrx_word' id='word_1_77' title='bbox 1236 538 1482 579; x_wconf 84' lang='lat' dir='ltr'>Sextadecima</span> <span class='ocrx_word' id='word_1_78' title='bbox 1495 554 1613 580; x_wconf 88' lang='lat' dir='ltr'>autem</span> 
     </span>
     <span class='ocr_line' id='line_1_9' title="bbox 224 587 1612 639; baseline -0.001 -14"><span class='ocrx_word' id='word_1_79' title='bbox 224 587 324 639; x_wconf 87' lang='lat' dir='ltr'>legio</span> <span class='ocrx_word' id='word_1_80' title='bbox 341 600 416 625; x_wconf 86' lang='lat' dir='ltr'>erat</span> <span class='ocrx_word' id='word_1_81' title='bbox 433 590 471 624; x_wconf 92' lang='lat' dir='ltr'>in</span> <span class='ocrx_word' id='word_1_82' title='bbox 488 589 683 625; x_wconf 56' lang='lat' dir='ltr'>Germania</span> <span class='ocrx_word' id='word_1_83' title='bbox 700 587 871 624; x_wconf 90' lang='lat' dir='ltr'>inferiore</span> <span class='ocrx_word' id='word_1_84' title='bbox 885 615 894 630; x_wconf 93' lang='lat'>‚</span> <span class='ocrx_word' id='word_1_85' title='bbox 921 599 960 624; x_wconf 89' lang='lat' dir='ltr'>ut</span> <span class='ocrx_word' id='word_1_86' title='bbox 977 589 1103 626; x_wconf 88' lang='lat' dir='ltr'>videre</span> <span class='ocrx_word' id='word_1_87' title='bbox 1132 588 1180 625; x_wconf 90' lang='lat' dir='ltr'>est</span> <span class='ocrx_word' id='word_1_88' title='bbox 1201 588 1239 624; x_wconf 93' lang='lat' dir='ltr'>in</span> <span class='ocrx_word' id='word_1_89' title='bbox 1251 588 1360 625; x_wconf 90' lang='lat' dir='ltr'>Notis</span> <span class='ocrx_word' id='word_1_90' title='bbox 1380 595 1411 627; x_wconf 70' lang='grc' dir='ltr'>ὃς</span> <span class='ocrx_word' id='word_1_91' title='bbox 1432 593 1612 629; x_wconf 78' lang='lat' dir='ltr'>Emenda-</span> 
     </span>
     <span class='ocr_line' id='line_1_10' title="bbox 228 637 1614 688; baseline 0.003 -14"><span class='ocrx_word' id='word_1_92' title='bbox 228 639 394 675; x_wconf 87' lang='lat' dir='ltr'>tionibus</span> <span class='ocrx_word' id='word_1_93' title='bbox 409 639 455 674; x_wconf 87' lang='lat' dir='ltr'>ad</span> <span class='ocrx_word' id='word_1_94' title='bbox 466 638 558 674; x_wconf 90' lang='lat' dir='ltr'>Hist.</span> <span class='ocrx_word' id='word_1_95' title='bbox 575 638 634 681; x_wconf 86' lang='grc' dir='ltr'>ΙΙ,</span> <span class='ocrx_word' id='word_1_96' title='bbox 656 638 690 674; x_wconf 90' lang='lat'>6.</span> <span class='ocrx_word' id='word_1_97' title='bbox 708 637 786 674; x_wconf 90' lang='lat' dir='ltr'>Nec</span> <span class='ocrx_word' id='word_1_98' title='bbox 807 637 855 674; x_wconf 90' lang='lat' dir='ltr'>est</span> <span class='ocrx_word' id='word_1_99' title='bbox 873 638 972 688; x_wconf 90' lang='lat' dir='ltr'>quod</span> <span class='ocrx_word' id='word_1_100' title='bbox 994 639 1151 675; x_wconf 88' lang='lat' dir='ltr'>Pichena</span> <span class='ocrx_word' id='word_1_101' title='bbox 1172 638 1337 676; x_wconf 88' lang='lat' dir='ltr'>Mercero</span> <span class='ocrx_word' id='word_1_102' title='bbox 1364 641 1513 688; x_wconf 87' lang='lat' dir='ltr'>objiciat</span> <span class='ocrx_word' id='word_1_103' title='bbox 1538 643 1614 678; x_wconf 84' lang='lat' dir='ltr'>sex-</span> 
     </span>
     <span class='ocr_line' id='line_1_11' title="bbox 226 687 1612 738; baseline 0.004 -14"><span class='ocrx_word' id='word_1_104' title='bbox 226 688 475 725; x_wconf 86' lang='lat' dir='ltr'>tadecimanos</span> <span class='ocrx_word' id='word_1_105' title='bbox 496 701 517 724; x_wconf 90' lang='lat' dir='ltr'>a</span> <span class='ocrx_word' id='word_1_106' title='bbox 537 687 690 723; x_wconf 88' lang='lat' dir='ltr'>Vitellio</span> <span class='ocrx_word' id='word_1_107' title='bbox 714 687 751 722; x_wconf 91' lang='lat' dir='ltr'>in</span> <span class='ocrx_word' id='word_1_108' title='bbox 776 687 915 723; x_wconf 83' lang='lat' dir='ltr'>ltaliam</span> <span class='ocrx_word' id='word_1_109' title='bbox 933 688 1032 724; x_wconf 76' lang='lat' dir='ltr'>fuisse</span> <span class='ocrx_word' id='word_1_110' title='bbox 1052 689 1223 725; x_wconf 54' lang='lat' dir='ltr'>abductos</span> <span class='ocrx_word' id='word_1_111' title='bbox 1237 717 1246 732; x_wconf 93' lang='lat'>,</span> <span class='ocrx_word' id='word_1_112' title='bbox 1278 689 1362 726; x_wconf 84' lang='lat' dir='ltr'>teste</span> <span class='ocrx_word' id='word_1_113' title='bbox 1384 689 1462 738; x_wconf 87' lang='lat' dir='ltr'>ipso</span> <span class='ocrx_word' id='word_1_114' title='bbox 1476 692 1612 729; x_wconf 86' lang='lat' dir='ltr'>Tacito</span> 
     </span>
     <span class='ocr_line' id='line_1_12' title="bbox 225 736 1613 788; baseline 0.001 -13"><span class='ocrx_word' id='word_1_115' title='bbox 225 737 320 775; x_wconf 84' lang='lat' dir='ltr'>Hist.</span> <span class='ocrx_word' id='word_1_116' title='bbox 351 737 406 773; x_wconf 84' lang='grc' dir='ltr'>ΙΙΙ</span> <span class='ocrx_word' id='word_1_117' title='bbox 420 766 428 780; x_wconf 89' lang='grc'><em>,</em></span> <span class='ocrx_word' id='word_1_118' title='bbox 458 751 520 774; x_wconf 92' lang='grc'>22.</span> <span class='ocrx_word' id='word_1_119' title='bbox 561 736 719 773; x_wconf 86' lang='lat' dir='ltr'>Primani</span> <span class='ocrx_word' id='word_1_120' title='bbox 744 765 753 781; x_wconf 90' lang='lat'>,</span> <span class='ocrx_word' id='word_1_121' title='bbox 784 740 817 773; x_wconf 73' lang='lat' dir='ltr'>&lt;Sc</span> <span class='ocrx_word' id='word_1_122' title='bbox 869 738 1007 774; x_wconf 87' lang='lat' dir='ltr'>uintani</span> <span class='ocrx_word' id='word_1_123' title='bbox 1021 769 1028 779; x_wconf 88' lang='lat'>,</span> <span class='ocrx_word' id='word_1_124' title='bbox 1058 742 1091 774; x_wconf 68' lang='grc' dir='ltr'>ὃς</span> <span class='ocrx_word' id='word_1_125' title='bbox 1125 739 1431 788; x_wconf 82' lang='lat' dir='ltr'>quintadecimani</span> <span class='ocrx_word' id='word_1_126' title='bbox 1472 740 1613 778; x_wconf 84' lang='lat' dir='ltr'>fuerant</span> 
     </span>
     <span class='ocr_line' id='line_1_13' title="bbox 225 752 1612 837; baseline 0.003 -14"><span class='ocrx_word' id='word_1_127' title='bbox 225 799 373 837; x_wconf 91' lang='lat' dir='ltr'>quoque</span> <span class='ocrx_word' id='word_1_128' title='bbox 395 787 557 830; x_wconf 71' lang='lat' dir='ltr'>abduffi,</span> <span class='ocrx_word' id='word_1_129' title='bbox 585 787 670 824; x_wconf 88' lang='lat' dir='ltr'>teste</span> <span class='ocrx_word' id='word_1_130' title='bbox 691 787 825 824; x_wconf 88' lang='lat' dir='ltr'>Tacito</span> <span class='ocrx_word' id='word_1_131' title='bbox 840 752 928 824; x_wconf 72' lang='lat' dir='ltr'>ibid.</span> <span class='ocrx_word' id='word_1_132' title='bbox 953 787 1077 823; x_wconf 80' lang='lat' dir='ltr'>Paffim</span> <span class='ocrx_word' id='word_1_133' title='bbox 1093 799 1211 825; x_wconf 88' lang='lat' dir='ltr'>tamen</span> <span class='ocrx_word' id='word_1_134' title='bbox 1229 789 1267 824; x_wconf 92' lang='lat' dir='ltr'>in</span> <span class='ocrx_word' id='word_1_135' title='bbox 1287 789 1361 826; x_wconf 90' lang='lat' dir='ltr'>hoc</span> <span class='ocrx_word' id='word_1_136' title='bbox 1371 789 1502 827; x_wconf 87' lang='lat' dir='ltr'>Civilis</span> <span class='ocrx_word' id='word_1_137' title='bbox 1512 790 1612 827; x_wconf 91' lang='lat' dir='ltr'>bello</span> 
     </span>
     <span class='ocr_line' id='line_1_14' title="bbox 224 836 1614 890; baseline 0.003 -17"><span class='ocrx_word' id='word_1_138' title='bbox 224 848 481 874; x_wconf 89' lang='lat' dir='ltr'>memorantur.</span> <span class='ocrx_word' id='word_1_139' title='bbox 514 838 567 874; x_wconf 92' lang='lat' dir='ltr'>At</span> <span class='ocrx_word' id='word_1_140' title='bbox 593 838 674 873; x_wconf 81' lang='lat' dir='ltr'>haec</span> <span class='ocrx_word' id='word_1_141' title='bbox 700 836 796 886; x_wconf 89' lang='lat' dir='ltr'>gesta</span> <span class='ocrx_word' id='word_1_142' title='bbox 824 849 906 874; x_wconf 89' lang='lat' dir='ltr'>ante</span> <span class='ocrx_word' id='word_1_143' title='bbox 933 838 1178 875; x_wconf 82' lang='lat' dir='ltr'>Cremonense</span> <span class='ocrx_word' id='word_1_144' title='bbox 1207 839 1378 888; x_wconf 88' lang='lat' dir='ltr'>proelium</span> <span class='ocrx_word' id='word_1_145' title='bbox 1401 868 1412 884; x_wconf 95' lang='lat'>,</span> <span class='ocrx_word' id='word_1_146' title='bbox 1443 851 1483 877; x_wconf 91' lang='lat' dir='ltr'>ut</span> <span class='ocrx_word' id='word_1_147' title='bbox 1513 852 1614 890; x_wconf 86' lang='lat' dir='ltr'>patet</span> 
     </span>
     <span class='ocr_line' id='line_1_15' title="bbox 225 886 1612 940; baseline 0.004 -17"><span class='ocrx_word' id='word_1_148' title='bbox 225 899 269 924; x_wconf 87' lang='lat' dir='ltr'>ex</span> <span class='ocrx_word' id='word_1_149' title='bbox 290 886 382 923; x_wconf 81' lang='lat' dir='ltr'>Hist.</span> <span class='ocrx_word' id='word_1_150' title='bbox 400 887 450 923; x_wconf 83' lang='lat' dir='ltr'>IV</span> <span class='ocrx_word' id='word_1_151' title='bbox 465 915 474 931; x_wconf 92' lang='lat'>,</span> <span class='ocrx_word' id='word_1_152' title='bbox 501 899 518 934; x_wconf 81' lang='lat'><em>3</em></span> <span class='ocrx_word' id='word_1_153' title='bbox 533 899 564 922; x_wconf 88' lang='lat'>1.</span> <span class='ocrx_word' id='word_1_154' title='bbox 589 886 762 923; x_wconf 74' lang='lat' dir='ltr'>Praeterea</span> <span class='ocrx_word' id='word_1_155' title='bbox 781 899 859 923; x_wconf 92' lang='lat' dir='ltr'>non</span> <span class='ocrx_word' id='word_1_156' title='bbox 878 887 1026 937; x_wconf 60' lang='lat' dir='ltr'>integrae</span> <span class='ocrx_word' id='word_1_157' title='bbox 1049 888 1212 937; x_wconf 82' lang='lat' dir='ltr'>legiones</span> <span class='ocrx_word' id='word_1_158' title='bbox 1229 918 1238 933; x_wconf 91' lang='lat'>‚</span> <span class='ocrx_word' id='word_1_159' title='bbox 1269 890 1330 926; x_wconf 92' lang='lat' dir='ltr'>sed</span> <span class='ocrx_word' id='word_1_160' title='bbox 1355 903 1474 926; x_wconf 89' lang='lat' dir='ltr'>earum</span> <span class='ocrx_word' id='word_1_161' title='bbox 1496 903 1612 940; x_wconf 88' lang='lat' dir='ltr'>partes</span> 
     </span>
     <span class='ocr_line' id='line_1_16' title="bbox 224 936 1612 991; baseline 0.004 -19"><span class='ocrx_word' id='word_1_162' title='bbox 224 936 460 973; x_wconf 85' lang='lat' dir='ltr'>mittebantur</span> <span class='ocrx_word' id='word_1_163' title='bbox 488 963 497 980; x_wconf 93' lang='lat'>,</span> <span class='ocrx_word' id='word_1_164' title='bbox 538 949 618 986; x_wconf 76' lang='lat' dir='ltr'>quae</span> <span class='ocrx_word' id='word_1_165' title='bbox 643 936 752 986; x_wconf 77' lang='lat' dir='ltr'>etiarn</span> <span class='ocrx_word' id='word_1_166' title='bbox 778 937 1048 987; x_wconf 81' lang='lat' dir='ltr'>supplebantur.</span> <span class='ocrx_word' id='word_1_167' title='bbox 1084 939 1176 976; x_wconf 84' lang='lat' dir='ltr'>Inde</span> <span class='ocrx_word' id='word_1_168' title='bbox 1206 939 1399 977; x_wconf 82' lang='lat' dir='ltr'>manebant</span> <span class='ocrx_word' id='word_1_169' title='bbox 1424 940 1612 991; x_wconf 83' lang='lat' dir='ltr'>legionum</span> 
     </span>
     <span class='ocr_line' id='line_1_17' title="bbox 223 986 1144 1037; baseline 0 -13"><span class='ocrx_word' id='word_1_170' title='bbox 223 986 385 1024; x_wconf 87' lang='lat' dir='ltr'>nomina.</span> <span class='ocrx_word' id='word_1_171' title='bbox 413 986 550 1023; x_wconf 85' lang='lat' dir='ltr'>Confer</span> <span class='ocrx_word' id='word_1_172' title='bbox 575 986 656 1022; x_wconf 90' lang='lat' dir='ltr'>Hist</span> <span class='ocrx_word' id='word_1_173' title='bbox 675 987 756 1030; x_wconf 85' lang='grc' dir='ltr'><strong>ΙΙΙ,</strong></span> <span class='ocrx_word' id='word_1_174' title='bbox 783 999 843 1023; x_wconf 88' lang='lat'>22.</span> <span class='ocrx_word' id='word_1_175' title='bbox 875 987 966 1024; x_wconf 83' lang='lat' dir='ltr'>Hist.</span> <span class='ocrx_word' id='word_1_176' title='bbox 985 987 1055 1031; x_wconf 89' lang='lat' dir='ltr'>IV,</span> <span class='ocrx_word' id='word_1_177' title='bbox 1086 1001 1144 1037; x_wconf 79' lang='lat'>35.</span> 
     </span>
    </p>

    <p class='ocr_par' dir='ltr' id='par_1_4' title="bbox 222 1036 1613 1175">
     <span class='ocr_line' id='line_1_18' title="bbox 279 1036 1613 1088; baseline 0.006 -16"><span class='ocrx_word' id='word_1_178' title='bbox 279 1037 353 1073; x_wconf 82' lang='lat' dir='ltr'>CUI</span> <span class='ocrx_word' id='word_1_179' title='bbox 374 1036 595 1083; x_wconf 79' lang='lat' dir='ltr'>GELDUBA]</span> <span class='ocrx_word' id='word_1_180' title='bbox 624 1037 680 1072; x_wconf 82' lang='lat' dir='ltr'>Ita</span> <span class='ocrx_word' id='word_1_181' title='bbox 694 1036 762 1072; x_wconf 93' lang='lat' dir='ltr'>Ms.</span> <span class='ocrx_word' id='word_1_182' title='bbox 779 1036 866 1087; x_wconf 82' lang='lat' dir='ltr'>Reg.</span> <span class='ocrx_word' id='word_1_183' title='bbox 888 1037 1002 1074; x_wconf 91' lang='lat' dir='ltr'>editio</span> <span class='ocrx_word' id='word_1_184' title='bbox 1017 1037 1185 1088; x_wconf 89' lang='lat' dir='ltr'>princeps</span> <span class='ocrx_word' id='word_1_185' title='bbox 1200 1043 1233 1076; x_wconf 72' lang='grc' dir='ltr'>ὃς</span> <span class='ocrx_word' id='word_1_186' title='bbox 1245 1040 1473 1078; x_wconf 83' lang='lat' dir='ltr'>recentiores.</span> <span class='ocrx_word' id='word_1_187' title='bbox 1487 1042 1521 1078; x_wconf 91' lang='lat' dir='ltr'><strong>A</strong></span> <span class='ocrx_word' id='word_1_188' title='bbox 1533 1042 1613 1079; x_wconf 79' lang='lat' dir='ltr'>Mff.</span> 
     </span>
     <span class='ocr_line' id='line_1_19' title="bbox 222 1086 1612 1138; baseline 0.005 -15"><span class='ocrx_word' id='word_1_189' title='bbox 222 1086 329 1123; x_wconf 91' lang='lat' dir='ltr'>Harl.</span> <span class='ocrx_word' id='word_1_190' title='bbox 348 1086 456 1123; x_wconf 87' lang='lat' dir='ltr'>Eodl.</span> <span class='ocrx_word' id='word_1_191' title='bbox 475 1086 542 1124; x_wconf 85' lang='lat' dir='ltr'>Jes.</span> <span class='ocrx_word' id='word_1_192' title='bbox 565 1086 660 1123; x_wconf 87' lang='lat' dir='ltr'>abest</span> <span class='ocrx_word' id='word_1_193' title='bbox 673 1114 683 1131; x_wconf 90' lang='lat'>,</span> <span class='ocrx_word' id='word_1_194' title='bbox 703 1090 765 1123; x_wconf 80' lang='lat' dir='ltr'>cui.</span> <span class='ocrx_word' id='word_1_195' title='bbox 791 1087 886 1123; x_wconf 92' lang='lat' dir='ltr'>Illud</span> <span class='ocrx_word' id='word_1_196' title='bbox 907 1100 1054 1138; x_wconf 87' lang='lat' dir='ltr'>quoque</span> <span class='ocrx_word' id='word_1_197' title='bbox 1071 1089 1188 1125; x_wconf 84' lang='lat' dir='ltr'>omifit</span> <span class='ocrx_word' id='word_1_198' title='bbox 1205 1090 1433 1128; x_wconf 86' lang='lat' dir='ltr'>Puteolanus.</span> <span class='ocrx_word' id='word_1_199' title='bbox 1469 1092 1513 1128; x_wconf 91' lang='lat' dir='ltr'>In</span> <span class='ocrx_word' id='word_1_200' title='bbox 1543 1093 1612 1131; x_wconf 87' lang='lat' dir='ltr'>Ms.</span> 
     </span>
     <span class='ocr_line' id='line_1_20' title="bbox 223 1136 899 1175; baseline 0.003 -2"><span class='ocrx_word' id='word_1_201' title='bbox 223 1136 328 1173; x_wconf 88' lang='lat' dir='ltr'>Harl.</span> <span class='ocrx_word' id='word_1_202' title='bbox 352 1136 508 1173; x_wconf 68' lang='lat' dir='ltr'>secunda</span> <span class='ocrx_word' id='word_1_203' title='bbox 526 1149 634 1172; x_wconf 85' lang='lat' dir='ltr'>manu</span> <span class='ocrx_word' id='word_1_204' title='bbox 655 1136 816 1173; x_wconf 86' lang='lat' dir='ltr'>additum</span> <span class='ocrx_word' id='word_1_205' title='bbox 839 1137 899 1175; x_wconf 90' lang='lat' dir='ltr'>est.</span> 
     </span>
    </p>

    <p class='ocr_par' dir='ltr' id='par_1_5' title="bbox 221 1187 1613 1283">
     <span class='ocr_line' id='line_1_21' title="bbox 279 1187 1613 1239; baseline 0.006 -17"><span class='ocrx_word' id='word_1_206' title='bbox 279 1188 609 1223; x_wconf 76' lang='lat' dir='ltr'>ACCENDERETUR</span> <span class='ocrx_word' id='word_1_207' title='bbox 626 1191 643 1234; x_wconf 90' lang='lat'>]</span> <span class='ocrx_word' id='word_1_208' title='bbox 673 1187 732 1223; x_wconf 85' lang='lat' dir='ltr'>Sic</span> <span class='ocrx_word' id='word_1_209' title='bbox 755 1187 821 1223; x_wconf 74' lang='grc' dir='ltr'>ΝΠ.</span> <span class='ocrx_word' id='word_1_210' title='bbox 846 1188 944 1225; x_wconf 86' lang='lat' dir='ltr'>Flor.</span> <span class='ocrx_word' id='word_1_211' title='bbox 961 1188 1075 1225; x_wconf 87' lang='lat' dir='ltr'>editio</span> <span class='ocrx_word' id='word_1_212' title='bbox 1098 1189 1266 1239; x_wconf 78' lang='lat' dir='ltr'>princeps</span> <span class='ocrx_word' id='word_1_213' title='bbox 1281 1217 1289 1231; x_wconf 90' lang='lat'>,</span> <span class='ocrx_word' id='word_1_214' title='bbox 1316 1190 1474 1229; x_wconf 84' lang='lat' dir='ltr'>Pichena</span> <span class='ocrx_word' id='word_1_215' title='bbox 1491 1195 1523 1229; x_wconf 90' lang='lat'><strong>&amp;</strong></span> <span class='ocrx_word' id='word_1_216' title='bbox 1541 1192 1613 1230; x_wconf 86' lang='lat' dir='ltr'>Re-</span> 
     </span>
     <span class='ocr_line' id='line_1_22' title="bbox 221 1235 1395 1283; baseline 0.003 -9"><span class='ocrx_word' id='word_1_217' title='bbox 221 1236 413 1275; x_wconf 86' lang='lat' dir='ltr'>centiores.</span> <span class='ocrx_word' id='word_1_218' title='bbox 440 1237 518 1272; x_wconf 89' lang='lat' dir='ltr'>Mss.</span> <span class='ocrx_word' id='word_1_219' title='bbox 534 1235 634 1273; x_wconf 88' lang='lat' dir='ltr'>Harl.</span> <span class='ocrx_word' id='word_1_220' title='bbox 651 1236 758 1273; x_wconf 84' lang='lat' dir='ltr'>Bodl.</span> <span class='ocrx_word' id='word_1_221' title='bbox 775 1237 840 1274; x_wconf 92' lang='lat' dir='ltr'>Jes.</span> <span class='ocrx_word' id='word_1_222' title='bbox 856 1242 888 1274; x_wconf 71' lang='grc' dir='ltr'>ὅ(</span> <span class='ocrx_word' id='word_1_223' title='bbox 903 1238 1120 1275; x_wconf 83' lang='lat' dir='ltr'>Puteolanus</span> <span class='ocrx_word' id='word_1_224' title='bbox 1133 1268 1142 1283; x_wconf 88' lang='lat'>‚</span> <span class='ocrx_word' id='word_1_225' title='bbox 1166 1242 1395 1278; x_wconf 70' lang='lat' dir='ltr'>incenderetur.</span> 
     </span>
    </p>

    <p class='ocr_par' dir='ltr' id='par_1_6' title="bbox 220 1286 1612 1438">
     <span class='ocr_line' id='line_1_23' title="bbox 274 1286 1612 1333; baseline 0.006 -12"><span class='ocrx_word' id='word_1_226' title='bbox 274 1286 441 1323; x_wconf 72' lang='lat' dir='ltr'>Ducrus</span> <span class='ocrx_word' id='word_1_227' title='bbox 469 1298 493 1322; x_wconf 78' lang='lat' dir='ltr'>A</span> <span class='ocrx_word' id='word_1_228' title='bbox 513 1287 706 1333; x_wconf 62' lang='lat' dir='ltr'>vocum]</span> <span class='ocrx_word' id='word_1_229' title='bbox 736 1288 835 1324; x_wconf 85' lang='lat' dir='ltr'>Bene</span> <span class='ocrx_word' id='word_1_230' title='bbox 849 1289 923 1324; x_wconf 83' lang='lat' dir='ltr'>Mff.</span> <span class='ocrx_word' id='word_1_231' title='bbox 939 1288 1041 1324; x_wconf 86' lang='lat' dir='ltr'>Harl.</span> <span class='ocrx_word' id='word_1_232' title='bbox 1057 1289 1162 1325; x_wconf 86' lang='lat' dir='ltr'>Bodl.</span> <span class='ocrx_word' id='word_1_233' title='bbox 1180 1289 1247 1327; x_wconf 89' lang='lat' dir='ltr'>Jes.</span> <span class='ocrx_word' id='word_1_234' title='bbox 1266 1289 1528 1329; x_wconf 87' lang='lat' dir='ltr'>Puteolanus&amp;</span> <span class='ocrx_word' id='word_1_235' title='bbox 1541 1293 1612 1331; x_wconf 86' lang='lat' dir='ltr'>Re-</span> 
     </span>
     <span class='ocr_line' id='line_1_24' title="bbox 221 1335 1612 1393; baseline 0.006 -21"><span class='ocrx_word' id='word_1_236' title='bbox 221 1337 414 1373; x_wconf 86' lang='lat' dir='ltr'>centiores.</span> <span class='ocrx_word' id='word_1_237' title='bbox 443 1336 655 1386; x_wconf 78' lang='lat' dir='ltr'>Praeposrtio</span> <span class='ocrx_word' id='word_1_238' title='bbox 686 1335 782 1372; x_wconf 89' lang='lat' dir='ltr'>abest</span> <span class='ocrx_word' id='word_1_239' title='bbox 815 1350 836 1373; x_wconf 89' lang='lat' dir='ltr'>a</span> <span class='ocrx_word' id='word_1_240' title='bbox 862 1338 938 1373; x_wconf 70' lang='lat' dir='ltr'>Mis.</span> <span class='ocrx_word' id='word_1_241' title='bbox 970 1338 1067 1374; x_wconf 86' lang='lat' dir='ltr'>Flor.</span> <span class='ocrx_word' id='word_1_242' title='bbox 1093 1339 1184 1374; x_wconf 89' lang='lat' dir='ltr'>Bud.</span> <span class='ocrx_word' id='word_1_243' title='bbox 1201 1340 1413 1379; x_wconf 83' lang='lat' dir='ltr'>&amp;editione</span> <span class='ocrx_word' id='word_1_244' title='bbox 1431 1342 1612 1393; x_wconf 80' lang='lat' dir='ltr'>principe.</span> 
     </span>
     <span class='ocr_line' id='line_1_25' title="bbox 220 1384 1244 1438; baseline 0.004 -16"><span class='ocrx_word' id='word_1_245' title='bbox 220 1384 311 1422; x_wconf 82' lang='lat' dir='ltr'>Eam</span> <span class='ocrx_word' id='word_1_246' title='bbox 326 1399 473 1437; x_wconf 85' lang='lat' dir='ltr'>quoque</span> <span class='ocrx_word' id='word_1_247' title='bbox 490 1385 610 1422; x_wconf 80' lang='lat' dir='ltr'>omisit</span> <span class='ocrx_word' id='word_1_248' title='bbox 625 1385 827 1423; x_wconf 77' lang='lat' dir='ltr'>Rhenanus.</span> <span class='ocrx_word' id='word_1_249' title='bbox 859 1387 905 1423; x_wconf 89' lang='lat' dir='ltr'>In</span> <span class='ocrx_word' id='word_1_250' title='bbox 920 1387 986 1422; x_wconf 90' lang='lat' dir='ltr'>Ms.</span> <span class='ocrx_word' id='word_1_251' title='bbox 1000 1389 1087 1438; x_wconf 87' lang='lat' dir='ltr'>Agr.</span> <span class='ocrx_word' id='word_1_252' title='bbox 1105 1390 1139 1426; x_wconf 91' lang='lat' dir='ltr'><em>V</em></span> <span class='ocrx_word' id='word_1_253' title='bbox 1136 1391 1244 1426; x_wconf 81' lang='lat' dir='ltr'>oculae.</span> 
     </span>
    </p>
   </div>
   <div class='ocr_carea' id='block_1_3' title="bbox 217 1485 1613 1686">
    <p class='ocr_par' dir='ltr' id='par_1_7' title="bbox 218 1485 1612 1584">
     <span class='ocr_line' id='line_1_26' title="bbox 272 1485 1612 1538; baseline 0.005 -16"><span class='ocrx_word' id='word_1_254' title='bbox 272 1485 377 1522; x_wconf 90' lang='lat' dir='ltr'>CAP.</span> <span class='ocrx_word' id='word_1_255' title='bbox 408 1486 561 1523; x_wconf 88' lang='lat' dir='ltr'>XXVII.</span> <span class='ocrx_word' id='word_1_256' title='bbox 589 1486 748 1523; x_wconf 76' lang='lat' dir='ltr'>Aucrus</span> <span class='ocrx_word' id='word_1_257' title='bbox 774 1500 824 1524; x_wconf 80' lang='lat' dir='ltr'>ET</span> <span class='ocrx_word' id='word_1_258' title='bbox 847 1489 1135 1525; x_wconf 74' lang='lat' dir='ltr'>GERMANORUM</span> <span class='ocrx_word' id='word_1_259' title='bbox 1162 1491 1181 1534; x_wconf 95' lang='lat'>]</span> <span class='ocrx_word' id='word_1_260' title='bbox 1224 1487 1323 1527; x_wconf 75' lang='lat' dir='ltr'>Male</span> <span class='ocrx_word' id='word_1_261' title='bbox 1356 1488 1577 1528; x_wconf 84' lang='lat' dir='ltr'>Puteolanus</span> <span class='ocrx_word' id='word_1_262' title='bbox 1598 1517 1612 1538; x_wconf 87' lang='lat'>,</span> 
     </span>
     <span class='ocr_line' id='line_1_27' title="bbox 218 1535 668 1584; baseline -0.002 -13"><span class='ocrx_word' id='word_1_263' title='bbox 218 1537 331 1573; x_wconf 69' lang='lat' dir='ltr'>aue‘lus</span> <span class='ocrx_word' id='word_1_264' title='bbox 360 1535 402 1584; x_wconf 81' lang='lat' dir='ltr'>est</span> <span class='ocrx_word' id='word_1_265' title='bbox 424 1537 668 1574; x_wconf 84' lang='lat' dir='ltr'>Germanorum.</span> 
     </span>
    </p>

    <p class='ocr_par' dir='ltr' id='par_1_8' title="bbox 217 1584 1613 1686">
     <span class='ocr_line' id='line_1_28' title="bbox 268 1584 1613 1632; baseline 0.006 -11"><span class='ocrx_word' id='word_1_266' title='bbox 268 1584 414 1622; x_wconf 79' lang='lat' dir='ltr'>NAVEM</span> <span class='ocrx_word' id='word_1_267' title='bbox 445 1591 687 1632; x_wconf 74' lang='lat' dir='ltr'>ABRIPIUNT]</span> <span class='ocrx_word' id='word_1_268' title='bbox 719 1586 817 1624; x_wconf 87' lang='lat' dir='ltr'>Bene</span> <span class='ocrx_word' id='word_1_269' title='bbox 835 1586 912 1623; x_wconf 82' lang='lat' dir='ltr'>Mff.</span> <span class='ocrx_word' id='word_1_270' title='bbox 927 1586 1030 1623; x_wconf 87' lang='lat' dir='ltr'>Harl.</span> <span class='ocrx_word' id='word_1_271' title='bbox 1045 1586 1112 1624; x_wconf 90' lang='lat' dir='ltr'>Jes.</span> <span class='ocrx_word' id='word_1_272' title='bbox 1134 1588 1254 1626; x_wconf 85' lang='lat' dir='ltr'>Guelf.</span> <span class='ocrx_word' id='word_1_273' title='bbox 1280 1588 1476 1627; x_wconf 85' lang='lat' dir='ltr'>Rhenanus</span> <span class='ocrx_word' id='word_1_274' title='bbox 1492 1594 1526 1629; x_wconf 68' lang='grc' dir='ltr'>ὃς</span> <span class='ocrx_word' id='word_1_275' title='bbox 1540 1592 1613 1630; x_wconf 87' lang='lat' dir='ltr'>Re-</span> 
     </span>
     <span class='ocr_line' id='line_1_29' title="bbox 217 1635 1130 1686; baseline 0 -13"><span class='ocrx_word' id='word_1_276' title='bbox 217 1635 411 1674; x_wconf 86' lang='lat' dir='ltr'>centiores.</span> <span class='ocrx_word' id='word_1_277' title='bbox 436 1635 482 1672; x_wconf 90' lang='lat' dir='ltr'>In</span> <span class='ocrx_word' id='word_1_278' title='bbox 495 1636 720 1673; x_wconf 87' lang='lat' dir='ltr'>editionibus</span> <span class='ocrx_word' id='word_1_279' title='bbox 736 1637 936 1682; x_wconf 87' lang='lat' dir='ltr'>veteribus,</span> <span class='ocrx_word' id='word_1_280' title='bbox 955 1641 1130 1686; x_wconf 78' lang='lat' dir='ltr'>arripiunt.</span> 
     </span>
    </p>
   </div>
   <div class='ocr_carea' id='block_1_4' title="bbox 215 1736 1611 2441">
    <p class='ocr_par' dir='ltr' id='par_1_9' title="bbox 217 1736 1611 1990">
     <span class='ocr_line' id='line_1_30' title="bbox 273 1736 1611 1784; baseline 0.004 -11"><span class='ocrx_word' id='word_1_281' title='bbox 273 1736 379 1774; x_wconf 88' lang='lat' dir='ltr'>CAP.</span> <span class='ocrx_word' id='word_1_282' title='bbox 408 1737 580 1774; x_wconf 87' lang='lat' dir='ltr'>XXVIII.</span> <span class='ocrx_word' id='word_1_283' title='bbox 611 1738 794 1776; x_wconf 70' lang='lat' dir='ltr'>IMMENsxs</span> <span class='ocrx_word' id='word_1_284' title='bbox 816 1742 1035 1784; x_wconf 75' lang='lat' dir='ltr'>Auc‘rmus]</span> <span class='ocrx_word' id='word_1_285' title='bbox 1065 1739 1163 1778; x_wconf 89' lang='lat' dir='ltr'>Bene</span> <span class='ocrx_word' id='word_1_286' title='bbox 1189 1738 1347 1775; x_wconf 89' lang='lat' dir='ltr'>Pichena</span> <span class='ocrx_word' id='word_1_287' title='bbox 1372 1752 1392 1777; x_wconf 94' lang='lat' dir='ltr'>e</span> <span class='ocrx_word' id='word_1_288' title='bbox 1418 1740 1482 1778; x_wconf 84' lang='lat' dir='ltr'>Ms.</span> <span class='ocrx_word' id='word_1_289' title='bbox 1512 1740 1611 1779; x_wconf 79' lang='lat' dir='ltr'>Flor.</span> 
     </span>
     <span class='ocr_line' id='line_1_31' title="bbox 217 1786 1607 1839; baseline 0.004 -16"><span class='ocrx_word' id='word_1_290' title='bbox 217 1786 279 1823; x_wconf 86' lang='lat' dir='ltr'>Sic</span> <span class='ocrx_word' id='word_1_291' title='bbox 297 1801 443 1837; x_wconf 87' lang='lat' dir='ltr'>quoque</span> <span class='ocrx_word' id='word_1_292' title='bbox 471 1788 538 1825; x_wconf 89' lang='lat' dir='ltr'>Ms.</span> <span class='ocrx_word' id='word_1_293' title='bbox 563 1789 810 1827; x_wconf 82' lang='lat' dir='ltr'>Covarruvioe.</span> <span class='ocrx_word' id='word_1_294' title='bbox 842 1789 884 1825; x_wconf 90' lang='lat' dir='ltr'>ln</span> <span class='ocrx_word' id='word_1_295' title='bbox 907 1789 984 1824; x_wconf 85' lang='lat' dir='ltr'>Mff.</span> <span class='ocrx_word' id='word_1_296' title='bbox 1012 1789 1130 1826; x_wconf 87' lang='lat' dir='ltr'>Vatic.</span> <span class='ocrx_word' id='word_1_297' title='bbox 1164 1792 1262 1839; x_wconf 85' lang='lat'>1958</span> <span class='ocrx_word' id='word_1_298' title='bbox 1287 1793 1320 1826; x_wconf 90' lang='lat'>&amp;</span> <span class='ocrx_word' id='word_1_299' title='bbox 1343 1790 1451 1826; x_wconf 92' lang='lat' dir='ltr'>Bodl.</span> <span class='ocrx_word' id='word_1_300' title='bbox 1475 1793 1607 1829; x_wconf 67' lang='lat' dir='ltr'>aclibus.</span> 
     </span>
     <span class='ocr_line' id='line_1_32' title="bbox 219 1836 1609 1889; baseline 0.003 -16"><span class='ocrx_word' id='word_1_301' title='bbox 219 1836 334 1886; x_wconf 83' lang='lat' dir='ltr'>Supra</span> <span class='ocrx_word' id='word_1_302' title='bbox 353 1838 523 1887; x_wconf 90' lang='lat' dir='ltr'>scripturn</span> <span class='ocrx_word' id='word_1_303' title='bbox 543 1851 659 1877; x_wconf 84' lang='lat' dir='ltr'>autem</span> <span class='ocrx_word' id='word_1_304' title='bbox 677 1869 686 1884; x_wconf 95' lang='lat'>,</span> <span class='ocrx_word' id='word_1_305' title='bbox 710 1841 864 1876; x_wconf 61' lang='lat' dir='ltr'>auaihus.</span> <span class='ocrx_word' id='word_1_306' title='bbox 882 1838 980 1875; x_wconf 75' lang='lat' dir='ltr'>Male</span> <span class='ocrx_word' id='word_1_307' title='bbox 994 1839 1059 1875; x_wconf 86' lang='lat' dir='ltr'>Ms.</span> <span class='ocrx_word' id='word_1_308' title='bbox 1074 1841 1162 1888; x_wconf 77' lang='lat' dir='ltr'>Agr.</span> <span class='ocrx_word' id='word_1_309' title='bbox 1181 1841 1339 1876; x_wconf 76' lang='lat' dir='ltr'>laudibus.</span> <span class='ocrx_word' id='word_1_310' title='bbox 1362 1839 1487 1878; x_wconf 88' lang='lat' dir='ltr'>Editio</span> <span class='ocrx_word' id='word_1_311' title='bbox 1507 1841 1609 1889; x_wconf 89' lang='lat' dir='ltr'>prin-</span> 
     </span>
     <span class='ocr_line' id='line_1_33' title="bbox 217 1887 1610 1938; baseline 0.004 -15"><span class='ocrx_word' id='word_1_312' title='bbox 217 1899 303 1936; x_wconf 89' lang='lat' dir='ltr'>ceps</span> <span class='ocrx_word' id='word_1_313' title='bbox 327 1887 436 1925; x_wconf 87' lang='lat' dir='ltr'>habet</span> <span class='ocrx_word' id='word_1_314' title='bbox 459 1901 629 1938; x_wconf 87' lang='lat' dir='ltr'>quoque,</span> <span class='ocrx_word' id='word_1_315' title='bbox 658 1892 790 1927; x_wconf 71' lang='lat' dir='ltr'>afflbus.</span> <span class='ocrx_word' id='word_1_316' title='bbox 826 1889 876 1924; x_wconf 92' lang='lat' dir='ltr'>At</span> <span class='ocrx_word' id='word_1_317' title='bbox 900 1889 981 1924; x_wconf 76' lang='lat' dir='ltr'>cum</span> <span class='ocrx_word' id='word_1_318' title='bbox 1005 1901 1079 1925; x_wconf 84' lang='lat' dir='ltr'>vox</span> <span class='ocrx_word' id='word_1_319' title='bbox 1104 1890 1166 1925; x_wconf 89' lang='lat' dir='ltr'>illa</span> <span class='ocrx_word' id='word_1_320' title='bbox 1190 1888 1318 1926; x_wconf 85' lang='lat' dir='ltr'>deesset</span> <span class='ocrx_word' id='word_1_321' title='bbox 1344 1889 1382 1924; x_wconf 90' lang='lat' dir='ltr'>in</span> <span class='ocrx_word' id='word_1_322' title='bbox 1406 1890 1472 1926; x_wconf 71' lang='grc' dir='ltr'>ΜΓ.</span> <span class='ocrx_word' id='word_1_323' title='bbox 1490 1891 1610 1929; x_wconf 73' lang='lat' dir='ltr'>vatic.</span> 
     </span>
     <span class='ocr_line' id='line_1_34' title="bbox 220 1938 1579 1990; baseline 0.004 -16"><span class='ocrx_word' id='word_1_324' title='bbox 220 1938 319 1987; x_wconf 79' lang='lat'>1863</span> <span class='ocrx_word' id='word_1_325' title='bbox 336 1966 345 1982; x_wconf 90' lang='lat'>,</span> <span class='ocrx_word' id='word_1_326' title='bbox 376 1951 483 1988; x_wconf 90' lang='lat' dir='ltr'>quem</span> <span class='ocrx_word' id='word_1_327' title='bbox 497 1939 655 1989; x_wconf 84' lang='lat' dir='ltr'>inspexit</span> <span class='ocrx_word' id='word_1_328' title='bbox 673 1940 810 1990; x_wconf 79' lang='lat' dir='ltr'>Lipsius</span> <span class='ocrx_word' id='word_1_329' title='bbox 824 1968 834 1983; x_wconf 93' lang='lat'>,</span> <span class='ocrx_word' id='word_1_330' title='bbox 855 1938 1088 1983; x_wconf 83' lang='lat' dir='ltr'>emendabat,</span> <span class='ocrx_word' id='word_1_331' title='bbox 1110 1941 1295 1976; x_wconf 65' lang='lat' dir='ltr'>immensitm</span> <span class='ocrx_word' id='word_1_332' title='bbox 1315 1942 1461 1987; x_wconf 53' lang='lat' dir='ltr'>universa</span> <span class='ocrx_word' id='word_1_333' title='bbox 1479 1968 1489 1984; x_wconf 97' lang='lat'>,</span> <span class='ocrx_word' id='word_1_334' title='bbox 1511 1944 1579 1979; x_wconf 88' lang='lat' dir='ltr'>&amp;c.</span> 
     </span>
    </p>

    <p class='ocr_par' dir='ltr' id='par_1_10' title="bbox 215 1989 1607 2189">
     <span class='ocr_line' id='line_1_35' title="bbox 270 1989 1607 2038; baseline 0.004 -15"><span class='ocrx_word' id='word_1_335' title='bbox 270 1989 373 2024; x_wconf 65' lang='lat' dir='ltr'>Arm</span> <span class='ocrx_word' id='word_1_336' title='bbox 398 2001 787 2027; x_wconf 73' lang='lat' dir='ltr'>MANU...TRAN31R13</span> <span class='ocrx_word' id='word_1_337' title='bbox 808 1994 956 2036; x_wconf 77' lang='lat' dir='ltr'>JtJssET]</span> <span class='ocrx_word' id='word_1_338' title='bbox 987 1989 1054 2026; x_wconf 87' lang='lat' dir='ltr'>Vel</span> <span class='ocrx_word' id='word_1_339' title='bbox 1069 1993 1170 2026; x_wconf 84' lang='lat' dir='ltr'>aliam</span> <span class='ocrx_word' id='word_1_340' title='bbox 1187 2003 1338 2033; x_wconf 80' lang='lat' dir='ltr'>manum,</span> <span class='ocrx_word' id='word_1_341' title='bbox 1366 1990 1422 2027; x_wconf 90' lang='lat' dir='ltr'>vel</span> <span class='ocrx_word' id='word_1_342' title='bbox 1450 1991 1607 2038; x_wconf 59' lang='lat' dir='ltr'>transtri,</span> 
     </span>
     <span class='ocr_line' id='line_1_36' title="bbox 215 2038 1607 2087; baseline 0.003 -13"><span class='ocrx_word' id='word_1_343' title='bbox 215 2038 482 2074; x_wconf 86' lang='lat' dir='ltr'>emendandum</span> <span class='ocrx_word' id='word_1_344' title='bbox 507 2039 674 2084; x_wconf 89' lang='lat' dir='ltr'>videtur,</span> <span class='ocrx_word' id='word_1_345' title='bbox 698 2052 739 2077; x_wconf 90' lang='lat' dir='ltr'>ut</span> <span class='ocrx_word' id='word_1_346' title='bbox 755 2040 909 2083; x_wconf 77' lang='lat' dir='ltr'>Ursino,</span> <span class='ocrx_word' id='word_1_347' title='bbox 945 2039 1086 2076; x_wconf 86' lang='lat' dir='ltr'>Faerno</span> <span class='ocrx_word' id='word_1_348' title='bbox 1113 2044 1146 2077; x_wconf 76' lang='grc' dir='ltr'>δε</span> <span class='ocrx_word' id='word_1_349' title='bbox 1170 2039 1417 2077; x_wconf 80' lang='lat' dir='ltr'>Freinshemio</span> <span class='ocrx_word' id='word_1_350' title='bbox 1442 2041 1512 2087; x_wconf 88' lang='lat' dir='ltr'>jam</span> <span class='ocrx_word' id='word_1_351' title='bbox 1535 2041 1607 2078; x_wconf 93' lang='lat' dir='ltr'>ob-</span> 
     </span>
     <span class='ocr_line' id='line_1_37' title="bbox 216 2087 1606 2139; baseline 0.003 -17"><span class='ocrx_word' id='word_1_352' title='bbox 216 2087 406 2124; x_wconf 79' lang='lat' dir='ltr'>servatum.</span> <span class='ocrx_word' id='word_1_353' title='bbox 420 2089 612 2139; x_wconf 86' lang='lat' dir='ltr'>Vulgatam</span> <span class='ocrx_word' id='word_1_354' title='bbox 625 2101 745 2127; x_wconf 86' lang='lat' dir='ltr'>tamen</span> <span class='ocrx_word' id='word_1_355' title='bbox 759 2090 968 2139; x_wconf 83' lang='lat' dir='ltr'>scripturam</span> <span class='ocrx_word' id='word_1_356' title='bbox 987 2089 1185 2127; x_wconf 88' lang='lat' dir='ltr'>defendunt</span> <span class='ocrx_word' id='word_1_357' title='bbox 1200 2089 1363 2139; x_wconf 85' lang='lat' dir='ltr'>Ryckius</span> <span class='ocrx_word' id='word_1_358' title='bbox 1376 2094 1407 2127; x_wconf 88' lang='lat'>&amp;</span> <span class='ocrx_word' id='word_1_359' title='bbox 1419 2090 1582 2128; x_wconf 84' lang='lat' dir='ltr'>Ernestus</span> <span class='ocrx_word' id='word_1_360' title='bbox 1593 2118 1606 2135; x_wconf 88' lang='lat'>‚</span> 
     </span>
     <span class='ocr_line' id='line_1_38' title="bbox 215 2139 1577 2189; baseline 0.004 -17"><span class='ocrx_word' id='word_1_361' title='bbox 215 2147 279 2173; x_wconf 84' lang='lat' dir='ltr'>aut</span> <span class='ocrx_word' id='word_1_362' title='bbox 294 2139 369 2184; x_wconf 78' lang='lat' dir='ltr'>suos</span> <span class='ocrx_word' id='word_1_363' title='bbox 381 2165 390 2180; x_wconf 87' lang='lat'>,</span> <span class='ocrx_word' id='word_1_364' title='bbox 409 2148 469 2174; x_wconf 91' lang='lat' dir='ltr'>aut</span> <span class='ocrx_word' id='word_1_365' title='bbox 490 2142 579 2176; x_wconf 80' lang='lat' dir='ltr'>duces</span> <span class='ocrx_word' id='word_1_366' title='bbox 595 2143 785 2187; x_wconf 77' lang='lat' dir='ltr'>populorum</span> <span class='ocrx_word' id='word_1_367' title='bbox 803 2139 1054 2188; x_wconf 82' lang='lat' dir='ltr'>intelligendo.</span> <span class='ocrx_word' id='word_1_368' title='bbox 1084 2140 1201 2188; x_wconf 81' lang='lat' dir='ltr'>Quod</span> <span class='ocrx_word' id='word_1_369' title='bbox 1218 2153 1294 2176; x_wconf 92' lang='lat' dir='ltr'>non</span> <span class='ocrx_word' id='word_1_370' title='bbox 1312 2140 1361 2176; x_wconf 87' lang='lat' dir='ltr'>ita</span> <span class='ocrx_word' id='word_1_371' title='bbox 1374 2140 1577 2189; x_wconf 85' lang='lat' dir='ltr'>probabile.</span> 
     </span>
    </p>

    <p class='ocr_par' dir='ltr' id='par_1_11' title="bbox 215 2188 1606 2287">
     <span class='ocr_line' id='line_1_39' title="bbox 266 2188 1606 2235; baseline 0.003 -12"><span class='ocrx_word' id='word_1_372' title='bbox 266 2188 522 2235; x_wconf 68' lang='lat' dir='ltr'>QUATERET]</span> <span class='ocrx_word' id='word_1_373' title='bbox 552 2189 649 2228; x_wconf 89' lang='lat' dir='ltr'>Bene</span> <span class='ocrx_word' id='word_1_374' title='bbox 680 2191 757 2228; x_wconf 72' lang='grc' dir='ltr'>ΜΠ.</span> <span class='ocrx_word' id='word_1_375' title='bbox 787 2190 965 2229; x_wconf 88' lang='lat' dir='ltr'>editiones</span> <span class='ocrx_word' id='word_1_376' title='bbox 992 2200 1129 2228; x_wconf 90' lang='lat' dir='ltr'>veteres</span> <span class='ocrx_word' id='word_1_377' title='bbox 1157 2194 1190 2228; x_wconf 70' lang='grc' dir='ltr'>ὅς</span> <span class='ocrx_word' id='word_1_378' title='bbox 1226 2191 1454 2229; x_wconf 82' lang='lat' dir='ltr'>recentiores.</span> <span class='ocrx_word' id='word_1_379' title='bbox 1504 2190 1606 2227; x_wconf 69' lang='lat' dir='ltr'>Male</span> 
     </span>
     <span class='ocr_line' id='line_1_40' title="bbox 215 2236 643 2287; baseline 0.007 -15"><span class='ocrx_word' id='word_1_380' title='bbox 215 2236 434 2281; x_wconf 82' lang='lat' dir='ltr'>Rhenanus,</span> <span class='ocrx_word' id='word_1_381' title='bbox 465 2251 643 2287; x_wconf 77' lang='lat' dir='ltr'>quaterent.</span> 
     </span>
    </p>

    <p class='ocr_par' dir='ltr' id='par_1_12' title="bbox 215 2288 1604 2441">
     <span class='ocr_line' id='line_1_41' title="bbox 266 2288 1601 2336; baseline 0.003 -14"><span class='ocrx_word' id='word_1_382' title='bbox 266 2288 390 2334; x_wconf 85' lang='lat' dir='ltr'>Quor)</span> <span class='ocrx_word' id='word_1_383' title='bbox 418 2300 511 2324; x_wconf 60' lang='lat' dir='ltr'>Gens</span> <span class='ocrx_word' id='word_1_384' title='bbox 531 2289 781 2326; x_wconf 74' lang='lat' dir='ltr'>GERMANICAE</span> <span class='ocrx_word' id='word_1_385' title='bbox 800 2293 996 2336; x_wconf 83' lang='lat' dir='ltr'>ORIGlle]</span> <span class='ocrx_word' id='word_1_386' title='bbox 1022 2289 1121 2326; x_wconf 87' lang='lat' dir='ltr'>Bene</span> <span class='ocrx_word' id='word_1_387' title='bbox 1134 2289 1209 2326; x_wconf 70' lang='grc' dir='ltr'>ΜΠ.</span> <span class='ocrx_word' id='word_1_388' title='bbox 1227 2289 1324 2327; x_wconf 86' lang='lat' dir='ltr'>Flor.</span> <span class='ocrx_word' id='word_1_389' title='bbox 1337 2290 1427 2326; x_wconf 85' lang='lat' dir='ltr'>Bud.</span> <span class='ocrx_word' id='word_1_390' title='bbox 1444 2289 1601 2326; x_wconf 83' lang='lat' dir='ltr'>Pichena</span> 
     </span>
     <span class='ocr_line' id='line_1_42' title="bbox 216 2337 1604 2389; baseline 0.001 -17"><span class='ocrx_word' id='word_1_391' title='bbox 216 2337 562 2375; x_wconf 84' lang='lat' dir='ltr'>&amp;Recentiores.1n</span> <span class='ocrx_word' id='word_1_392' title='bbox 578 2340 654 2375; x_wconf 71' lang='grc' dir='ltr'>ΜΠ.</span> <span class='ocrx_word' id='word_1_393' title='bbox 671 2340 778 2376; x_wconf 85' lang='lat' dir='ltr'>Bodl.</span> <span class='ocrx_word' id='word_1_394' title='bbox 792 2340 858 2376; x_wconf 89' lang='lat' dir='ltr'>Jes.</span> <span class='ocrx_word' id='word_1_395' title='bbox 876 2343 909 2376; x_wconf 71' lang='grc' dir='ltr'>δε</span> <span class='ocrx_word' id='word_1_396' title='bbox 930 2339 1165 2383; x_wconf 82' lang='lat' dir='ltr'>Puteolanus,</span> <span class='ocrx_word' id='word_1_397' title='bbox 1181 2354 1255 2389; x_wconf 77' lang='lat' dir='ltr'>quos</span> <span class='ocrx_word' id='word_1_398' title='bbox 1265 2354 1361 2388; x_wconf 73' lang='lat' dir='ltr'>genus</span> <span class='ocrx_word' id='word_1_399' title='bbox 1377 2341 1573 2374; x_wconf 67' lang='lat' dir='ltr'>Germanicae</span> <span class='ocrx_word' id='word_1_400' title='bbox 1592 2371 1604 2384; x_wconf 77' lang='lat'>,</span> 
     </span>
     <span class='ocr_line' id='line_1_43' title="bbox 215 2386 1559 2441; baseline 0.004 -19"><span class='ocrx_word' id='word_1_401' title='bbox 215 2388 284 2423; x_wconf 87' lang='lat' dir='ltr'>&amp;c.</span> <span class='ocrx_word' id='word_1_402' title='bbox 300 2386 430 2426; x_wconf 70' lang='lat' dir='ltr'>InMss&#39;.</span> <span class='ocrx_word' id='word_1_403' title='bbox 446 2390 538 2440; x_wconf 61' lang='lat' dir='ltr'>lieg.</span> <span class='ocrx_word' id='word_1_404' title='bbox 553 2389 638 2440; x_wconf 86' lang='lat' dir='ltr'>Agr.</span> <span class='ocrx_word' id='word_1_405' title='bbox 655 2393 688 2428; x_wconf 70' lang='grc' dir='ltr'>ὃς</span> <span class='ocrx_word' id='word_1_406' title='bbox 711 2390 873 2428; x_wconf 87' lang='lat' dir='ltr'>editione</span> <span class='ocrx_word' id='word_1_407' title='bbox 887 2389 1072 2441; x_wconf 86' lang='lat' dir='ltr'>principe,</span> <span class='ocrx_word' id='word_1_408' title='bbox 1097 2391 1179 2440; x_wconf 71' lang='lat' dir='ltr'>quini</span> <span class='ocrx_word' id='word_1_409' title='bbox 1196 2391 1392 2428; x_wconf 71' lang='lat' dir='ltr'>Germanica:</span> <span class='ocrx_word' id='word_1_410' title='bbox 1409 2391 1559 2438; x_wconf 71' lang='lat' dir='ltr'>originis.</span> 
     </span>
    </p>
   </div>
  </div>
 </body>
</html>
