2209 3047
610 202 696 240 350
1046 181 1558 225 APPENDIX

469 294 583 309 «τε
604 266 821 310 discordiae.
848 266 938 307 Post
965 264 1225 322 Vespasianus
1240 295 1254 315 ,
1280 277 1539 305 externorum
1566 262 1828 320 civiliumque
1855 266 1986 311 bello..

470 321 583 397 Αἶα
604 347 690 372 rum
718 332 845 372 νίἃοι·
858 361 870 381 ,
899 330 949 371 ad
966 329 1124 371 Urbana
1148 329 1310 383 negotia
1333 341 1466 369 totum
1485 328 1524 369 se
1544 330 1770 370 convertit:
1797 344 1882 370 rem
1905 333 1988 385 qui-

493 378 565 444 304,
605 396 696 437 dem
722 393 927 451 publicam
952 392 1051 433 luxu
1074 393 1267 450 perditam
1293 392 1604 447 circumspexit,
1630 391 1741 433 nulla
1763 394 1894 448 patriae
1919 409 1986 434 ca·-

498 477 551 504 71.
605 461 752 508 ritate,
787 456 871 498 sola
898 456 1002 498 lucri
1033 457 1256 513 privatique
1289 455 1497 496 commodi
1521 455 1711 511 cupidine
1739 456 1988 511 flagrantem.

605 524 662 564 At
693 536 838 577 gnarus
863 536 883 562 a
910 519 1160 575 Principibus
1188 519 1237 559 ad
1267 518 1439 575 populos
1465 520 1562 559 vitia
1592 519 1859 566 descendisse3
1887 521 1990 560 invi·
2047 524 2072 565 ς

606 584 765 627 diosum
788 598 1013 638 vanumque
1036 583 1122 623 fore
1138 612 1150 633 ,
1181 582 1207 621 sl
1220 612 1232 633 ,
1254 582 1483 638 vigentibus
1503 583 1737 638 Principum
1757 583 1863 623 vitiis
1877 611 1889 632 ,
1913 598 1989 639 pu-

606 648 756 690 blicam
779 649 987 690 censuram
1011 659 1182 687 tentaret
1197 675 1209 696 ,
1241 644 1287 686 ab
1317 646 1404 702 ipso
1430 647 1617 701 Principe
1643 646 1884 687 emendandi
1911 647 1990 686 ini-

606 713 707 754 tium
723 711 834 753 fecit.
851 710 1105 752 Circumcifis
1127 711 1248 764 igitur
1273 710 1517 766 principatus
1533 708 1766 750 libidinibus
1781 739 1792 760 ,
1815 724 1898 763 quae
1916 709 1990 749 usu

605 776 649 816 in
673 775 878 830 diguitatis
903 787 1082 814 naturam
1109 785 1395 814 ornamentave
1423 773 1640 823 cesserant,
1669 773 1711 814 id
1733 772 1906 813 maxime
1940 785 1991 813 ex

608 840 841 880 au&oritate
877 837 1107 893 usurpavit,
1141 851 1220 890 quo
1258 836 1342 892 ipse
1378 835 1483 877 foret
1519 834 1657 891 legum
1693 835 1912 892 praesidium
1949 839 1991 875 ὅ(
2025 845 2073 873 ιο

608 900 839 956 exemplum
869 905 896 938 ¹.

671 963 897 1006 XLVIII.
931 963 1125 1010 ITAQUE
1144 991 1157 1011 ,
1191 975 1236 1002 ut
1270 960 1474 1017 popularis
1499 963 1614 1003 fieret
1634 991 1648 1012 ,
1683 976 1789 1002 rarus
1816 961 1856 1001 in
1884 958 1992 1016 pala-

607 1029 666 1069 tio
681 1058 694 1078 ,
723 1027 908 1080 frequens
932 1026 973 1064 in
998 1026 1124 1066 hortis
1147 1023 1391 1065 Sallustianis
1416 1030 1453 1065 ²:
1486 1040 1562 1077 nec
1587 1025 1693 1065 fores
1712 1040 1733 1065 a
1756 1023 1993 1065 satellitibus

610 1090 792 1139 obsessae,
824 1089 892 1129 sed
914 1086 1042 1128 facilis
1069 1089 1194 1128 cuivis
1233 1088 1360 1128 aditus
1393 1093 1420 1128 ³.
1454 1089 1595 1128 Amoti
1630 1088 1751 1128 etiam
1791 1101 1992 1128 armorum

607 1153 845 1194 scrutatores
875 1156 920 1202 4,
948 1166 1117 1205 quorum
1143 1151 1233 1192 usus
1257 1151 1325 1191 sub
1348 1150 1546 1207 prioribus
1564 1150 1815 1206 Principibus
1831 1181 1844 1202 ,
1872 1154 1913 1192 ὃ(
1934 1151 1994 1190 in·
2028 1160 2075 1201 15

608 1230 668 1257 ter
698 1214 880 1257 civilium
907 1214 1195 1255 discordiarum
1225 1228 1358 1255 motus
1385 1213 1619 1255 invaluerat.
1644 1212 1906 1255 Conscientia
1929 1227 1995 1254 tu-

608 1292 670 1320 tus
686 1310 698 1330 ,
726 1279 868 1320 ceteris
893 1278 1145 1318 securitatem
1177 1278 1356 1328 addidit,
1387 1277 1550 1318 sublatis
1575 1275 1785 1329 majestatis
1815 1277 1994 1318 crimini-

610 1342 682 1383 bus
711 1347 739 1382 5.
766 1342 814 1382 In
840 1343 915 1382 hac
943 1339 1104 1397 publica
1128 1339 1446 1394 tranquillitate,
1477 1342 1722 1397 principatus
1748 1341 1884 1381 munia
1905 1339 1994 1380 obi-

609 1420 651 1446 re
682 1406 884 1461 occoepit:
924 1406 1113 1445 maturius
1144 1405 1326 1459 semper,
1358 1419 1405 1445 ac
1431 1403 1480 1444 de
1509 1405 1626 1444 nodie
1652 1402 1781 1458 vigil,
1811 1401 1995 1459 epistolas

609 1467 919 1522 officiorumque
939 1469 1121 1508 omnium
1139 1466 1334 1507 breviaria
1353 1465 1558 1523 perlegere
1578 1465 1616 1505 6:
1640 1480 1737 1506 mox
1757 1467 1908 1507 amicos
1929 1465 1999 1507 ad-
2024 1474 2082 1503 20

608 1533 768 1572 mittere
794 1537 808 1559 ⁷
825 1561 838 1583 ,
870 1535 909 1572 ὅζ
936 1532 1039 1570 inter
1066 1529 1321 1571 salutantium
1353 1529 1541 1582 obsequia
1571 1527 1751 1570 calceare
1781 1529 1863 1585 ipse
1896 1528 1936 1569 se
1958 1529 1999 1570 se

613 1600 653 1636 ὅ(
676 1596 839 1636 amicire
862 1591 899 1634 ⁸:
928 1595 1013 1650 post
1042 1595 1083 1633 in
1109 1593 1247 1634 senatu
1269 1593 1318 1634 de
1352 1589 1560 1648 republica
1582 1590 1809 1633 consultare
1824 1621 1837 1642 ,
1866 1591 1933 1633 vel
1957 1593 1999 1634 in

615 1658 705 1700 foro
726 1663 742 1687 9
768 1656 829 1711 jus
848 1657 1005 1699 dicere:
1033 1657 1191 1697 remisso
1217 1656 1311 1697 inde
1342 1660 1375 1679 ¹0
1405 1653 1633 1712 paullulum
1660 1656 1825 1707 animo,
1867 1654 1998 1698 facilis

615 1788 702 1812 erant
722 1779 869 1818 Hispani,
888 1787 923 1810 ut
937 1778 1112 1819 intelligere
1125 1779 1165 1810 est
1179 1789 1217 1810 ex
1229 1780 1285 1810 Se·
1324 1786 1393 1810 ton.
1410 1777 1444 1807 in
1459 1777 1580 1816 Vespas.
1596 1779 1664 1808 XII.

615 1820 692 1851 neca
705 1843 713 1855 ‚
731 1819 762 1849 de
777 1818 897 1858 BenefiC.
912 1821 952 1850 VI
965 1842 973 1855 ‚
993 1830 1043 1855 29.
1365 1823 1373 1844 5
1406 1818 1603 1849 Mans-raris
1635 1827 1821 1848 cnmmlnus
1850 1818 1864 1855 ]
1903 1815 1966 1846 Dio
1984 1837 1996 1854 ‚

655 1866 662 1879 ¹
688 1861 732 1889 Er
755 1861 948 1896 ΕΧΕΜΡιυΜ]
970 1860 1053 1888 Bene
1063 1857 1286 1889 AureliusVic-
1326 1858 1445 1892 LXVI,
1466 1867 1533 1895 pag.
1550 1866 1622 1895 749.

616 1907 667 1930 ror
679 1923 686 1935 ‚
704 1899 737 1928 in
752 1899 908 1937 Epitome.
926 1897 1048 1937 Legibus
1067 1896 1217 1936 aequfflmir
1231 1907 1285 1925 mo·
1362 1898 1375 1916 ⁶
1397 1897 1585 1927 Bnnvmm
1607 1897 1948 1930 PERLEGERE]Sueton.
1961 1894 1995 1925 in

615 1938 702 1966 nenda
716 1961 723 1973 ‚
740 1937 857 1977 quodque
870 1936 1054 1967 vehementius
1070 1936 1105 1976 est
1116 1960 1125 1974 ‚
1144 1937 1208 1965 wirce
1218 1937 1285 1976 spe·
1326 1935 1446 1975 Vespas.
1464 1936 1550 1964 XXI.

616 1977 674 2011 cie,
687 1977 812 2006 vitiorum
826 1977 906 2013 plura
925 1976 1091 2006 aboleverat.
1365 1981 1377 1999 7
1400 1975 1620 2011 ADMITTERE]
1650 1976 1779 2004 Sueton.
1810 1972 1887 2003 ibid.
1912 1973 1998 2002 Inter

656 2020 666 2032 ²
690 2017 853 2051 FREQUENS
871 2027 901 2046 m
918 2027 1032 2047 Honns
1047 2015 1286 2051 SAstTmms]
1326 2013 1499 2053 Vespasiani
1525 2013 1642 2044 amicos
1655 2013 1715 2043 fuit
1734 2012 1850 2043 Plinius
1872 2011 1997 2048 senior,

615 2055 697 2091 Dio,
721 2056 843 2091 LXVI,
864 2065 932 2094 pag.
955 2066 1029 2095 750.
1049 2056 1097 2086 De
1111 2054 1208 2085 hortis
1224 2054 1288 2083 Sal-
1328 2054 1366 2084 de
1389 2063 1453 2093 quo
1489 2052 1595 2090 junior
1620 2052 1756 2087 Plinius,
1777 2052 1832 2090 Ep.
1860 2052 1903 2081 ΠΙ
1919 2075 1929 2089 ,
1967 2060 1998 2090 5.

616 2094 750 2125 luflianis
776 2096 838 2133 jam
863 2095 979 2126 dicium
1009 2095 1096 2135 supra
1118 2094 1194 2124 Hist.
1222 2094 1286 2129 111,
1328 2093 1402 2122 Ante
1420 2092 1505 2121 lucem
1521 2091 1579 2120 ibat
1600 2090 1636 2120 acl
1656 2090 1850 2130 Vestra-sianum
1869 2090 1995 2126 Impera-

617 2136 668 2165 82.
1329 2142 1428 2162 torem:
1457 2141 1520 2160 nam
1541 2130 1587 2160 ille
1601 2141 1700 2170 quoque
1718 2130 1839 2159 nostibus
1859 2130 1997 2161 utebatur.

658 2178 668 2199 3
693 2174 810 2204 Curvls
833 2184 945 2204 ADITUS
960 2178 970 2208 ]
988 2173 1050 2203 Dio
1064 2194 1072 2207 ‚
1091 2171 1168 2203 ibid.
1369 2172 1381 2192 ⁸
1403 2172 1446 2202 Er
1469 2174 1631 2204 Amcme]
1651 2172 1780 2201 Sueton.
1800 2170 1863 2200 loc.
1881 2169 1933 2200 cit.

655 2216 671 2236 4
691 2214 861 2242 ARMORUM
884 2214 1133 2249 SCRUTATORES]
1152 2213 1201 2242 Ne
1220 2211 1287 2250 quis
1369 2217 1381 2236 9
1403 2212 1483 2241 Post
1505 2221 1535 2239 m
1557 2221 1696 2241 snum-u.
1712 2230 1721 2239 .
1738 2230 1746 2239 .
1765 2221 1825 2241 vm.
1840 2219 1870 2238 lu
1887 2207 1997 2245 pono]

617 2252 700 2282 ferro
711 2251 867 2282 accinCtus
880 2252 1052 2290 Principem
1063 2251 1173 2282 adiret.
1185 2252 1288 2288 Quam
1329 2252 1391 2282 Dio
1401 2275 1410 2287 ‚
1424 2251 1546 2284 LXVI,
1560 2259 1628 2289 pag.
1640 2260 1710 2289 750.
1724 2251 1852 2279 Sueton.
1872 2248 1932 2278 loc.
1944 2246 1998 2290 cit.

617 2292 746 2322 acerbos
777 2290 958 2321 scrutatores
987 2290 1164 2320 adhibuerit
1193 2290 1287 2320 Clau-
1368 2296 1396 2310 ¹0
1417 2291 1558 2320 Rssmsso
1581 2290 1678 2326 nme]
1693 2287 1948 2318 AureliusVictor
1964 2294 1998 2314 m

618 2330 686 2360 dius
699 2353 707 2366 ‚
722 2329 796 2360 vide
818 2331 898 2369 apud
922 2329 1105 2360 Suetonium
1128 2329 1159 2359 in
1176 2329 1287 2359 Claud.
1330 2330 1486 2369 Epitome.
1501 2327 1633 2357 Exere-eri
1656 2327 1806 2356 venatione
1818 2349 1826 2363 ,
1844 2324 1940 2354 deinde
1958 2334 2000 2353 re-

618 2371 747 2400 XXXV.
771 2370 891 2400 Contra
913 2368 1126 2406 Vespasianus,
1153 2368 1287 2398 consue-
1330 2370 1482 2407 quiescere.-
1505 2366 1631 2405 postremd
1653 2366 1697 2395 ubi
1716 2365 1837 2408 lavisset,
1862 2363 2002 2403 remzffiore

618 2409 760 2438 tudinem
781 2409 942 2439 salutantes
963 2407 1133 2442 scrutandi,
1160 2417 1289 2437 manen·
1331 2409 1421 2436 animo
1451 2406 1604 2435 convivium
1630 2405 1756 2436 curabat.
1774 2404 1854 2437 Vide
1878 2405 1912 2436 &
1927 2406 2001 2435 Sue-

618 2454 650 2478 te
673 2447 772 2480 adhuc
793 2448 879 2481 bello
906 2447 1014 2483 civili,
1035 2446 1191 2478 omiserat.
1211 2448 1289 2477 Sue·
1333 2446 1457 2480 tonium
1471 2445 1532 2476 loc.
1547 2444 1603 2476 cit.
