2230 3047
456 322 486 347 A.
500 323 527 345 U.
539 323 568 345 C.

479 368 549 395 822.

481 423 504 445 J.
516 422 546 445 C.

487 467 538 501 69.

860 185 908 226 C.
967 185 1377 229 CORNELII
1435 182 1719 228 TACITI

592 269 746 307 steterat
773 265 935 305 interim
963 264 1154 321 palatium
1182 265 1342 322 publica
1371 265 1636 320 exspecffatio,
1669 265 1805 319 magni
1826 265 1968 307 secreti

592 329 801 384 impatiens
818 359 830 378 ,
851 332 891 368 ὃς
908 327 1010 369 male
1027 331 1243 370 coercitam
1259 329 1403 369 famam
1422 328 1708 383 supprimentes
1725 327 1922 382 augebant
1940 334 1967 369 ¹.

655 391 811 432 XVIII.
846 392 1194 446 QUARTUMIdus²
1209 393 1232 435 J
1236 393 1413 432 anuarias
1432 421 1442 441 ‚
1459 391 1611 431 foedum
1630 389 1819 431 imbribus
1835 390 1967 441 diem,

590 455 766 495 tonitrua
780 483 793 504 ,
821 458 861 495 ὅ(
884 453 1042 508 fulgura
1056 483 1067 504 ‚
1097 458 1138 495 ὅ(
1153 453 1320 495 caelestes
1335 455 1449 493 minae
1463 453 1565 494 ultra
1581 452 1742 493 solitum
1754 482 1768 503 ,
1781 451 1969 494 turbave-

589 530 689 557 rant.
722 516 990 558 Observatum
1017 517 1059 557 id
1098 518 1315 570 antiquitus
1346 518 1520 557 comitiis
1550 516 1781 556 dirimendis
1809 520 1818 543 ³
1839 544 1853 565 ‚
1881 529 1967 557 non

588 581 728 620 terruit
756 578 928 621 Galbam
954 581 1165 634 quominus
1193 581 1235 620 in
1260 580 1381 620 castra
1403 592 1614 635 pergeret,
1645 591 1968 633 contemptorem

589 641 757 693 talium,
785 656 830 683 ut
856 643 1138 688 fortuitorum3
1169 642 1235 682 seu
1249 671 1263 692 ,
1294 656 1376 695 quae
1399 643 1482 683 fato
1504 655 1693 692 manent,
1721 642 1900 695 quamvis
1927 641 1968 680 fi-

591 706 805 760 gnificata‚
834 721 916 746 non
929 705 1160 745 vitarentur.
1188 705 1308 761 Apud
1328 704 1577 758 frequentem
1592 703 1765 743 militum
1797 704 1967 744 concio-

590 783 708 818 nem,
736 767 995 823 Imperatoria
1017 766 1211 807 brevitate
1234 772 1277 818 4,
1301 784 1323 803 «
1340 767 1521 823 adoptari
1547 782 1568 808 a
1585 767 1623 807 se
1645 767 1831 807 Pisonem
1847 796 1859 816 ‚
1876 781 1968 806 mo-

589 846 663 872 »re
687 831 767 871 divi
789 831 955 884 Augusti
975 834 987 861 5
1006 859 1019 879 ‚
1046 833 1086 870 &
1110 829 1296 885 exemplo
1319 825 1510 880 militari,
1527 845 1606 883 quo
1623 831 1684 869 vir
1703 830 1833 869 virum
1855 827 1966 882 lege-

590 907 650 934 ret
666 911 687 930 »
709 891 726 914 ⁶
744 923 757 943 ‚
787 893 1032 948 pronuntiat.
1049 893 1111 933 Ac
1128 907 1177 933 ne
1201 892 1435 933 dissimulata
1449 893 1591 933 seditio
1620 893 1661 931 in
1684 889 1811 943 majus
1836 891 1969 931 crede-

589 969 697 996 retur
710 985 723 1006 ,
750 954 857 995 ultro
885 955 1115 1005 adseverat,
1143 972 1164 991 (ε
1187 968 1367 1008 quartam
1390 959 1431 995 ὅ(
1455 955 1806 995 duoetvicefirnam
1839 952 1968 1007 legio-

588 1034 611 1055 2>
623 1033 690 1058 nes
704 1048 716 1068 ,
743 1018 879 1074 paucis
904 1018 1107 1058 seditionis
1131 1017 1353 1058 auetoribus
1367 1047 1381 1067 ,
1407 1032 1489 1057 non
1511 1017 1614 1058 ultra
1634 1016 1752 1058 verba
1776 1032 1823 1057 ac
1844 1030 1968 1056 voces

588 1080 759 1121 »errasse
773 1110 786 1130 ,
812 1084 852 1120 ὃ(
877 1079 988 1121 brevi
1011 1081 1051 1120 in
1080 1079 1218 1120 officio
1246 1080 1332 1120 fore
1359 1097 1402 1120 2).
1426 1082 1519 1120 Nec
1546 1078 1676 1119 ullum
1704 1080 1876 1120 orationi
1900 1092 1968 1119 aut

588 1141 839 1184 lenocinium
868 1148 882 1170 ⁷
911 1143 1042 1192 addit,
1071 1155 1138 1183 aut
1172 1144 1356 1198 pretium.
1395 1141 1566 1183 Tribuni
1595 1155 1730 1183 tamen
1761 1143 1965 1182 centurio-

588 1206 761 1259 nesque,
791 1209 830 1246 &
873 1207 1047 1261 proximi
1071 1204 1271 1256 militum,
1301 1218 1412 1260 grata
1439 1205 1577 1246 auditu
1601 1205 1866 1261 respondent:
1895 1219 1968 1260 per

589 1281 744 1309 ceteros
767 1269 940 1309 maestitia
969 1284 1016 1309 ac
1040 1267 1262 1319 mentium,
1292 1282 1493 1322 tamquam
1519 1268 1745 1324 usurpatam
1777 1269 1897 1308 etiam
1924 1268 1967 1308 in

587 1345 687 1386 pace
714 1328 728 1352 ⁸
759 1331 939 1372 donativi
958 1331 1225 1372 necessitatem
1241 1360 1254 1381 ,
1282 1330 1394 1371 bello
1416 1331 1683 1387 perdidissent.
1707 1331 1873 1371 Constat
1894 1345 1967 1386 po-

588 1394 702 1433 tuisse
727 1392 934 1435 conciliari
964 1395 1117 1435 animos
1142 1392 1505 1448 quantulacumque
1529 1395 1639 1449 parci
1665 1394 1766 1434 senis
1796 1392 1967 1434 liberali-

588 1469 682 1496 tate.
707 1458 865 1497 Nocuit
892 1459 1074 1510 antiquus
1095 1458 1231 1512 rigor,
1259 1461 1299 1497 &
1323 1458 1445 1497 nimia
1466 1457 1680 1503 severitas;
1707 1458 1773 1497 cui
1794 1455 1874 1508 jam
1896 1471 1965 1512 pa-

584 1533 648 1559 res
674 1535 755 1560 non
784 1519 930 1560 sumus.

649 1581 778 1622 XIX.
808 1583 935 1622 INDE
972 1582 1075 1635 apud
1104 1583 1283 1623 senatum
1309 1597 1393 1624 non
1419 1582 1619 1638 comptior
1659 1581 1797 1623 Galbae
1825 1611 1838 1633 ,
1881 1598 1965 1624 non

586 1642 774 1700 longior,
800 1644 917 1699 quam
944 1643 1049 1700 apud
1079 1644 1276 1697 militem,
1298 1646 1426 1686 sermo
1442 1663 1449 1685 :
1468 1645 1621 1686 Pisonis
1642 1646 1770 1686 comis
1799 1647 1927 1686 oratio
1953 1662 1963 1685 z

595 201 650 227 20

627 1758 635 1771 ¹
661 1754 863 1790 ΑυεεΒΑΝτ]
889 1755 1017 1784 Famam
1035 1777 1044 1791 ‚
1071 1754 1105 1784 ni
1133 1755 1254 1792 penitus

586 1791 750 1861 1supprimas
761 1817 770 1831 ‚
789 1803 890 1832 auges.
906 1795 1031 1824 Secreto
1046 1793 1140 1824 etiam
1162 1794 1255 1825 alitur

601 1841 681 1861 ama.

626 1874 635 1886 ²
660 1873 824 1914 Quantum
847 1873 920 1903 Inus
942 1873 958 1910 ]
983 1871 1043 1902 Die
1067 1871 1187 1903 decima
1206 1874 1254 1903 Ja—

585 1919 699 1939 nuarn.

625 1954 634 1974 3
659 1949 855 1980 Dmxmaums
875 1950 889 1986 ]
910 1949 1031 1980 Tullius
1053 1951 1091 1980 de
1117 1950 1252 1981 Divina-

585 1986 691 2024 tione,
712 1990 759 2023 ΙΙ,
791 1991 837 2019 18.
865 1988 900 2017 In
925 1988 1021 2028 nostris
1041 1989 1253 2020 Commentariis·

575 2027 709 2064 scriptum
724 2027 852 2057 habemus
862 2041 871 2056 :

616 2077 674 2102 Jove
686 2086 779 2103 tonante
789 2097 794 2106 ,
805 2079 959 2111 fulgurante,
977 2077 1071 2104 comitia
1079 2079 1158 2112 populi
1168 2078 1252 2103 habere

651 2113 723 2143 nefas.

619 2148 635 2168 4
658 2146 877 2175 lmvmmonm
897 2147 1100 2183 BREVITATE]
1117 2148 1251 2176 Auctore

582 2183 743 2215 Plutarcho
765 2185 797 2213 in
815 2184 936 2220 Galba,
958 2195 1025 2224 pag.
1053 2189 1152 2222 1063,
1181 2195 1250 2216 ora-

581 2222 701 2253 tionem
720 2223 829 2262 partim
848 2223 974 2260 habuit,
989 2224 1098 2263 partim
1110 2225 1147 2254 de
1160 2224 1250 2263 scrip-

582 2269 616 2306 to
640 2263 792 2293 recitavit.
818 2264 915 2300 Quod
935 2274 1000 2293 non
1017 2263 1059 2293 ita
1080 2265 1249 2302 Imperato-

581 2311 672 2331 rium.

621 2346 629 2367 5
653 2342 750 2371 Mona
775 2353 847 2373 n1v1
864 2342 1031 2378 Auousrt]
1056 2341 1151 2372 Forte
1168 2341 1247 2372 olim

580 2379 745 2418 seriptum,
768 2389 801 2410 ut
833 2381 936 2411 multis
973 2381 1095 2417 placet,
1129 2381 1247 2419 exemplo

579 2417 635 2448 divi
650 2419 764 2460 Augusti
773 2443 782 2459 ‚
797 2418 826 2451 ὓ
837 2430 909 2450 more
920 2419 1044 2451 militari.

1330 1754 1344 1772 ⁶
1365 1755 1430 1784 Vm
1462 1765 1570 1786 vnum
1595 1755 1765 1791 racanas]
1788 1751 1962 1790 Disciplina

1291 1792 1419 1823 militari
1437 1802 1596 1831 receptum
1615 1802 1647 1824 ut
1661 1793 1749 1823 miles
1767 1792 1901 1822 militem
1916 1792 1962 1821 le-

1291 1840 1376 1870 geret
1393 1856 1403 1869 ‚
1419 1842 1513 1871 quem
1540 1831 1736 1863 fortissimum
1760 1831 1963 1871 cognosceret

1292 1871 1409 1910 fibique
1429 1871 1622 1908 fidiffimum‚
1643 1881 1676 1902 ut
1702 1871 1898 1902 defensorem
1914 1870 1963 1900 ul-

1291 1919 1434 1941 toremve
1459 1910 1598 1942 haberet.
1622 1910 1736 1942 Sacrati
1763 1910 1845 1940 illius
1865 1909 1963 1939 foede-

1292 1949 1348 1986 ris,
1366 1960 1429 1989 quo
1444 1950 1579 1981 militurn
1592 1950 1689 1981 virtus
1710 1949 1838 1988 vitaque
1859 1948 1961 1978 veluti

1290 1988 1545 2028 geminabantur,
1567 1998 1739 2028 repertores
1753 1989 1900 2018 videntur
1921 1988 1962 2016 E-

1291 2028 1392 2059 trusci.
1407 2028 1457 2059 Sic
1480 2029 1564 2059 enirn
1581 2029 1663 2068 apud
1686 2028 1815 2058 Livium
1825 2029 1886 2063 IX,
1910 2036 1959 2064 39.

1290 2067 1336 2096 Ad
1356 2067 1520 2098 Vadimonis
1539 2068 1626 2096 lacum
1650 2067 1756 2106 Etrusci
1772 2067 1830 2106 lege
1842 2066 1959 2104 fizcrarci

1290 2106 1377 2136 σοαέἶο
1403 2108 1543 2144 exercitu,
1570 2108 1628 2136 cam
1656 2107 1700 2136 vir
1725 2107 1814 2136 virum
1836 2105 1958 2144 legzffer,

1291 2145 1400 2184 quantis
1416 2156 1553 2185 nunquam
1571 2146 1644 2176 alais
1667 2148 1732 2175 ante*
1748 2145 1832 2185 fimul
1859 2144 1960 2181 copiis,

1280 2185 1364 2225 fimul
1380 2186 1480 2215 animzs
1501 2185 1678 2215 dimicarunt.

1327 2231 1340 2251 7
1363 2226 1565 2256 [εΝοειΝιυΜ
1585 2226 1598 2262 ]
1629 2224 1776 2256 Orationi
1795 2233 1854 2254 nec
1873 2229 1959 2262 grata

1289 2266 1402 2300 verba,
1426 2275 1483 2295 nec
1505 2264 1628 2304 praemia
1646 2265 1742 2295 addit.

1327 2304 1338 2323 8
1360 2305 1463 2334 ΕΊῚΛΜ
1486 2315 1515 2333 m
1536 2315 1610 2334 Pace
1629 2304 1643 2340 ]
1666 2305 1714 2334 Sic
1734 2303 1882 2334 Claudius
1901 2303 1958 2332 do-

1287 2343 1428 2373 nativum
1449 2343 1590 2376 addidit,
1610 2345 1681 2372 chm
1708 2344 1794 2373 Nero
1817 2352 1956 2381 procon-

1286 2382 1381 2412 sulare
1402 2382 1565 2421 imperium
1591 2391 1675 2412 extra
1695 2383 1811 2412 Urbem
1830 2381 1954 2420 accipe-

1285 2429 1350 2461 ret,
1371 2422 1458 2461 supra
1474 2422 1586 2453 Annal.
1604 2423 1686 2460 XII,
1706 2431 1756 2456 41.

1996 837 2048 865 10

1995 1148 2044 1190 ¹5

1989 1463 2047 1492 20
