2230 3047
466 322 496 346 A.
510 323 538 345 U.
550 323 580 346 C.

487 374 561 403 822.

488 429 511 452 J.
531 429 562 453 C.

495 475 549 507 69.

603 202 660 237 42
873 185 921 224 e.
988 184 1375 227 CORNELII
1437 184 1712 226 TACITI

606 268 666 307 sus
681 295 693 315 ,
731 269 771 306 ὃ(
792 264 923 306 alieno
953 267 1122 322 imperio
1144 266 1331 317 felicior,
1359 265 1476 320 quam
1500 266 1584 305 suo.
1612 265 1741 305 Vetus
1766 263 1808 304 in
1837 261 1989 306 familia

603 326 790 370 nobilitas
815 335 823 351 ¹
842 358 855 380 ‚
879 344 1029 384 magna:
1048 345 1165 386 opes:
1189 331 1258 386 ipsi
1278 330 1454 370 medium
1474 329 1680 383 ingenium
1693 357 1707 378 ,
1727 328 1854 382 magis
1877 342 1987 368 extra

602 393 720 442 vitia,
736 391 855 446 quam
869 408 961 434 cum
976 393 1201 434 virtutibus.
1215 395 1344 434 Famae
1358 408 1432 434 nec
1447 391 1669 432 incuriosus
1682 420 1695 441 ,
1715 405 1792 432 nec
1804 390 1989 431 vendita-

596 470 679 496 tor.
699 455 880 496 Pecuniae
905 455 1042 497 alienae
1056 471 1138 496 non
1153 469 1362 512 appetens,
1380 456 1453 495 suae
1470 469 1611 511 parcus
1621 484 1632 504 ,
1649 452 1818 509 publica:
1834 467 1987 495 avarus.

603 519 843 559 Amicorum
859 518 1173 573 libertorumque
1186 548 1199 569 ,
1216 518 1285 558 ubi
1299 519 1340 558 in
1353 518 1482 559 bonos
1515 517 1733 567 incidisset,
1759 516 1837 557 fine
1853 530 1987 572 repre-

602 581 791 622 henfione
815 584 985 638 patiens:
1007 582 1033 621 fi
1049 583 1144 622 mali
1161 582 1314 631 forent,
1328 581 1450 636 usque
1465 580 1513 622 ad
1527 579 1687 636 culpam
1711 581 1884 634 ignarus.
1908 578 1989 619 Sed

601 644 760 686 claritas
770 645 981 696 natalium,
999 649 1038 686 ὅ(
1054 659 1183 686 metus
1198 658 1424 700 temporum
1439 643 1623 684 obtentui
1633 647 1663 694 ²,
1672 656 1730 693 ut,
1746 642 1854 696 quod
1866 641 1991 696 segni-

599 709 655 749 tia
668 722 773 758 erat,
790 709 979 764 sapientia
991 722 1216 749 vocaretur.
1230 708 1341 747 Dum
1356 706 1519 762 vigebat
1541 720 1630 748 aetas
1646 735 1660 756 ‚
1686 705 1849 746 militari
1873 702 1991 745 laude

596 772 710 827 *apud
734 772 970 812 Germanias
1011 771 1168 811 floruit:
1196 769 1414 826 proconsul
1440 770 1621 811 Africam
1649 767 1876 810 moderate:
1907 766 1988 819 jam

602 834 761 884 senior,
788 835 1016 875 citeriorem
1036 834 1274 890 Hispaniam
1300 838 1310 861 ³
1338 833 1424 888 pari
1448 830 1592 884 justitia
1616 832 1839 873 continuit:
1860 828 1987 882 major

603 898 760 952 privato
784 897 888 938 visus
901 927 914 947 ,
941 897 1036 937 dum
1056 898 1231 952 privatus
1251 896 1328 936 fuit
1342 925 1355 946 ,
1384 899 1425 936 δε
1444 896 1626 936 omnium
1649 893 1844 936 consensu
1861 906 1988 949 capax

600 960 785 1015 imperii,
810 960 880 999 nifi
901 959 1136 1015 imperasset.
1259 960 1262 961 ⁷

664 1022 713 1062 L.
747 1022 1009 1062 TREPIDAM
1033 1021 1208 1072 Urbem,
1237 1037 1283 1062 ac
1302 1019 1416 1061 fimul
1436 1022 1689 1063 atrocitatem
1708 1019 1881 1061 recentis
1905 1017 1987 1059 sce-

600 1083 693 1124 leris
707 1114 719 1134 ,
747 1084 862 1124 simul
889 1098 1042 1126 veteres
1068 1085 1244 1126 Othonis
1264 1099 1394 1125 mores
1414 1099 1629 1140 paventem
1641 1115 1655 1135 ,
1679 1098 1808 1124 novus
1826 1082 1987 1137 insuper

608 1162 631 1182 «
652 1146 700 1187 de
719 1146 911 1198 Vitellio,
933 1165 955 1185 »
971 1149 1133 1188 nuntius
1154 1149 1366 1198 exterruit,
1389 1161 1480 1188 ante
1495 1145 1796 1189 caedem-Galbae
1812 1143 1986 1201 suppres-

600 1209 663 1249 sus
678 1239 691 1259 ‚
715 1223 761 1250 ut
781 1212 936 1251 tantum
960 1211 1171 1267 superioris
1194 1212 1418 1251 Germaniae
1440 1212 1663 1252 exercitum
1685 1208 1889 1251 descivisse
1907 1221 1987 1248 cre-

601 1271 773 1314 deretur.
792 1274 901 1314 Tum
921 1291 943 1310 «
959 1274 1058 1314 duos
1076 1278 1095 1302 4
1108 1304 1121 1324 ,
1142 1275 1323 1314 omnium
1336 1273 1565 1315 mortalium
1579 1269 1831 1330 impudicitia
1843 1300 1857 1322 ‚
1880 1272 1986 1326 igna-

601 1350 623 1371 »
634 1334 698 1374 via
711 1365 724 1385 ,
748 1335 905 1376 luxuria
920 1366 933 1386 ‚
965 1337 1198 1377 deterrimos
1212 1367 1225 1387 ,
1245 1336 1357 1378 velut
1373 1337 1421 1377 ad
1435 1336 1681 1392 perdendum
1699 1336 1910 1391 imperium
1925 1333 1986 1374 fa-

600 1397 766 1439 »taliter
798 1399 944 1440 eleCms
970 1416 1016 1450 »‚
1051 1415 1134 1440 non
1168 1399 1323 1441 senatus
1349 1400 1473 1440 modo
1497 1404 1536 1440 &t
1565 1414 1683 1454 eques
1700 1428 1713 1449 ‚
1741 1398 1827 1452 quis
1851 1395 1983 1450 aliqua

600 1475 690 1515 pars
710 1465 750 1502 δε
769 1477 863 1503 cura
880 1461 1129 1519 reipublicae,
1143 1462 1211 1503 sed
1225 1461 1368 1517 vulgus
1383 1478 1541 1517 quoque
1555 1462 1686 1519 palam
1703 1475 1873 1501 maerere.
1890 1461 1985 1500 Nec

601 1521 681 1574 jam
702 1527 880 1566 recentia
900 1526 1004 1567 saevae
1028 1526 1137 1580 pacis
1157 1524 1342 1581 exempla
1356 1556 1369 1576 ‚
1392 1525 1458 1566 sed
1477 1524 1644 1582 repetita
1665 1523 1865 1566 bellorum
1890 1523 1986 1563 civi-

600 1584 699 1625 lium
723 1587 941 1639 memoria,
982 1605 1003 1624 c<
1026 1601 1181 1643 captam
1217 1590 1366 1629 totiens
1392 1589 1469 1629 suis
1513 1586 1754 1630 exercitibus
1794 1585 1943 1627 Urbem
1967 1598 1985 1637 ,‘

598 1650 854 1692 »vastitatem
886 1650 1008 1692 Italiae
1025 1679 1038 1700 ,
1069 1651 1315 1706 direptiones
1350 1652 1678 1706 provinciarum,
1707 1648 1948 1691 Pharsaliam
1969 1677 1984 1699 ,

600 1711 840 1770 »Philippos
854 1744 868 1764 ,
897 1717 937 1755 ὃ(
963 1713 1158 1754 Perusiam
1188 1729 1236 1755 ac
1259 1715 1461 1755 Mutinam
1498 1720 1510 1746 5
1537 1732 1583 1766 »,
1608 1728 1704 1757 nota
1731 1711 1984 1769 publicarum

1311 1841 1436 1872 Fabulae
1457 1840 1535 1872 sunt.
1553 1841 1708 1871 Nummus
1724 1840 1757 1870 in
1771 1838 1840 1879 ipfis
1857 1838 1982 1870 Galbia-

1310 1881 1344 1910 ni
1365 1881 1490 1920 Imperii
1510 1880 1608 1912 initiis
1633 1880 1718 1911 cusus
1745 1879 1795 1910 est.
1820 1879 1897 1909 Inde
1921 1877 1982 1907 Lu-

1311 1920 1370 1949 cius
1388 1921 1560 1959 appellatur
1571 1930 1619 1956 pro
1629 1919 1727 1949 Servio
1739 1942 1748 1956 ,
1760 1926 1795 1949 ut
1805 1918 1886 1956 apud
1897 1919 1981 1949 Suet.

642 1844 651 1858 ¹
682 1840 715 1869 In
737 1851 871 1871 FAMtuA
897 1851 1061 1871 nomn-ms
1084 1842 1100 1879 ]
1128 1839 1272 1871 Vidimus

601 1877 688 1922 supra
703 1889 768 1918 cap.
789 1890 844 1919 15,
866 1880 1008 1923 Sulpiciae
1023 1891 1059 1911 ac
1073 1879 1204 1910 Lutatiae
1223 1879 1273 1911 fa-

598 1918 695 1948 mihae
715 1919 846 1957 decora3
867 1920 979 1957 quibus
996 1919 1114 1950 fabulas
1138 1919 1272 1950 addebat

603 1957 704 1987 Galba
723 1981 732 1994 ‚
764 1958 837 1988 teste
874 1958 1028 1989 Suetonio
1055 1959 1088 1989 in
1116 1959 1208 1989 Galb.
1232 1960 1270 1989 ΙΙ.

599 1994 753 2032 Imperator
765 1996 888 2026 Stemma
911 1997 940 2026 in
961 1998 1033 2027 atrio
1050 1998 1202 2037 propqsuit,
1222 2008 1271 2036 quo

597 2044 745 2071 paternam
764 2036 897 2076 originem
917 2036 952 2065 ad
968 2036 1082 2068 Jovem:
1099 2046 1270 2075 maternam,

595 2073 638 2106 ,ad
662 2074 832 2114 Pafiphaen,
858 2075 966 2106 Minois
996 2087 1126 2114 uxorem,
1149 2076 1269 2114 referret.

599 2114 744 2144 Eruditus
758 2115 933 2145 Harduinus
943 2139 951 2152 ‚
963 2115 1068 2145 Seleeza
1083 2116 1173 2153 Opera
1183 2140 1191 2153 ‚
1201 2126 1268 2155 pag.

599 2159 853 2197 726.·nummum
874 2165 890 2184 e
906 2155 1042 2186 Cimelio
1059 2156 1095 2185 D.
1116 2156 1271 2186 Foucault

593 2192 775 2230 publicavit
785 2216 794 2229 ,
811 2200 911 2224 Aorrt.
924 2201 990 2224 ΛΙΒ.
1003 2202 1131 2225 ΣογΛΠ.
1141 2202 1269 2225 rmum.

597 2237 697 2260 ΚΑΙΣ.
714 2238 787 2261 ΣΕΒ.
806 2232 838 2262 id
858 2233 897 2262 est
927 2232 1031 2262 Lucius
1053 2234 1153 2263 Livius
1175 2233 1271 2270 Sulpi-

599 2270 660 2299 cius
680 2270 772 2315 Galba
789 2272 879 2309 Coefizr
896 2272 1033 2312 Augustus
1044 2297 1053 2311 ‚
1074 2273 1174 2312 capite
1201 2273 1269 2304 lau-

599 2317 704 2340 reato:
722 2310 869 2340 victoria.
886 2312 922 2341 In
937 2312 1044 2342 aversa
1085 2314 1169 2349 arte',
1185 2319 1269 2341 ΚΡΑ-

599 2350 722 2378 ἼἩΣΙΣ.
738 2349 771 2378 id
781 2349 822 2380 est
833 2349 987 2386 Imperium.
1001 2352 1045 2381 Ex
1064 2325 1125 2382 lioc
1138 2362 1268 2382 nummo

600 2397 722 2418 novum
747 2389 780 2419 ὃ(
804 2389 962 2420 veteribus
990 2390 1188 2429 scriptoribus
1217 2390 1268 2420 in-

599 2427 763 2465 cognitum
793 2428 901 2462 Galbae
926 2430 1064 2462 Stemma
1092 2429 1267 2462 fabricavit.

1310 1959 1344 1989 in
1365 1959 1469 1990 Galba
1491 1961 1544 1990 lv.
1562 1958 1662 1988 Livius
1686 1966 1790 1989 autem
1806 1957 1981 1988 adulatorie

1311 2008 1459 2035 vocatur,
1477 1999 1518 2029 ob
1535 1998 1715 2029 affinitatem
1730 2007 1801 2028 cum
1817 1996 1911 2027 Livia
1924 2020 1932 2033 ‚
1946 2006 1981 2027 ut

1311 2038 1425 2068 dietum
1441 2038 1482 2068 est
1503 2037 1590 2077 supra
1610 2038 1645 2068 in
1661 2037 1886 2076 Supplemento
1908 2039 1979 2066 An-

1310 2077 1371 2108 nal.
1388 2078 1461 2108 XVI
1471 2100 1481 2114 ,
1493 2087 1545 2114 93.

1349 2121 1361 2135 ²
1375 2117 1565 2153 Geren-rui]
1584 2115 1748 2146 Praetextui
1766 2123 1841 2146 erat.

1349 2161 1358 2182 3
1377 2157 1587 2186 Crreniom-:M
1599 2153 1980 2194 Hsspm.ffl]vide8up-‘

1308 2195 1501 2235 plementum
1522 2194 1635 2224 Annal.
1655 2195 1746 2230 XVI,
1763 2197 1815 2231 67.

1346 2239 1361 2258 4
1381 2234 1469 2265 Duos
1492 2236 1505 2272 ]
1532 2232 1695 2264 Othonem
1716 2234 1751 2264 &
1775 2232 1951 2264 Vitellium.

1349 2279 1358 2301 5
1383 2274 1548 2304 Pr-:rtuslAM
1565 2284 1603 2303 Ac
1626 2273 1811 2309 Momm]
1827 2271 1979 2302 Pharsali-

1308 2312 1401 2343 eisin
1424 2312 1540 2351 campis
1559 2321 1736 2351 pugnavere
1758 2311 1856 2341 Julius
1880 2311 1979 2342 Caefar

1307 2353 1341 2382 &
1355 2351 1519 2390 Pompeius
1532 2361 1616 2381 anno
1627 2352 1663 2381 U.
1678 2351 1714 2381 C.
1725 2362 1838 2382 occv1.
1850 2351 1898 2381 Ad
1911 2351 1979 2380 Mu-

1307 2391 1404 2421 tinam
1417 2400 1508 2421 atrox
1530 2390 1590 2420 fuit
1601 2389 1745 2427 proelium
1761 2389 1843 2419 inter
1859 2390 1902 2419 M.
1916 2390 1978 2418 An-

1307 2430 1433 2462 tonium
1441 2431 1475 2464 &
1485 2429 1626 2462 consules
1634 2429 1772 2461 Hirtium
1787 2429 1821 2462 ὃς
1832 2429 1957 2461 Pansam
1966 2451 1977 2466 ‚

2019 844 2069 871 10

2012 1469 2064 1495 20
