2209 3047
477 312 506 335 A.
522 312 589 334 L'.C.

498 360 567 393 823.

498 409 562 432 J.C.

506 464 558 492 70·

617 187 704 223 286
857 181 906 222 C.
973 181 1392 223 CORNELII
1456 181 1748 225 TACITI

610 264 745 304 laetum
773 262 811 304 id
839 276 994 317 regno,
1024 277 1289 317 magnamque
1319 265 1358 302 ὅς
1388 260 1570 302 inclitam
1600 263 1736 304 sedem
1763 263 1875 316 fore,
1906 281 1990 321 quae

611 325 846 382 excepiss‘et:
878 342 899 362 «
934 324 1047 366 fimul
1075 327 1202 366 visum
1229 325 1414 366 eumdem
1441 322 1628 376 juvenem
1657 327 1698 367 in
1730 326 1870 368 caelum
1896 330 1991 384 igne

611 390 816 446 »plurimo
834 387 966 430 attolli
993 406 1035 430 ».
1061 388 1297 430 Ptolemaeus
1314 418 1327 438 ,
1356 388 1492 429 omine
1517 393 1557 430 &
1584 389 1782 431 miraculo
1808 392 1991 443 excitus,

610 451 879 495 sacerdotibus
906 453 1191 508 AEgyptiorum
1207 481 1220 502 ,
1254 450 1395 505 quibus
1425 466 1511 492 mos
1550 457 1560 474 ¹
1595 451 1690 493 talia
1723 452 1950 509 intelligere
1975 483 1992 505 ,

611 518 825 558 noclurnos
853 516 958 557 visus
987 517 1122 571 aperit.
1150 516 1284 568 Atque
1310 513 1389 556 illis
1416 515 1537 556 Ponti
1567 519 1607 556 &
1635 529 1892 557 externorum
1920 533 1991 573 pa-

611 595 696 620 rum
725 580 856 635 gnaris
871 609 885 629 ‚
913 579 1176 619 Timotheum
1193 607 1205 628 ,
1233 578 1521 619 Atheniensem
1539 608 1550 628 ‚
1577 593 1598 618 e
1624 593 1744 634 gente
1780 579 1991 636 Eumolpi-

611 643 748 684 darum
765 672 778 693 ,
809 657 954 696 quem,
980 656 1024 682 ut
1051 642 1263 682 antistitem
1293 642 1608 682 caerimoniarum
1638 646 1651 662 ²
1669 672 1683 692 ‚
1711 642 1895 684 Eleusine
1923 657 1992 684 ex-

612 708 766 747 civerat
780 734 793 755 ,
821 722 842 741 (ε
869 719 1048 758 quaenam
1076 703 1145 744 illa
1172 704 1419 759 superstitio,
1451 704 1558 758 quod
1580 720 1730 747 numen
1756 709 1802 745 »?
1823 707 1992 748 interro-

609 782 689 824 gat.
713 769 982 817 Timotheus,
1012 767 1175 821 quaefitis
1205 768 1272 820 qui
1301 768 1342 808 in
1366 768 1540 808 Pontum
1569 768 1759 810 meass‘ent
1773 799 1786 819 ‚
1817 769 1993 825 cognos-

610 834 668 873 cit
691 830 829 872 urbem
855 829 942 871 illic
969 832 1150 885 Sinopen
1181 835 1190 858 ³
1211 860 1224 880 ,
1251 845 1328 872 nec
1351 829 1494 886 procul
1515 830 1737 886 templum,
1772 846 1907 872 vetere
1931 834 1991 872 in-

610 909 671 936 ter
700 892 858 935 accolas
880 891 1012 943 fama,
1041 894 1155 937 Jovis
1180 893 1287 934 Ditis
1314 899 1343 933 4.
1365 895 1553 947 Namque
1581 898 1620 934 &
1647 894 1884 935 muliebrem
1905 894 1992 934 effi—

610 959 719 1013 giem.
741 956 915 997 adfistere
930 985 941 1005 ,
971 971 1089 1009 quam
1115 955 1294 1011 plerique
1316 957 1592 1012 Proserpinam
1613 972 1776 998 vocent.
1799 957 1878 998 Sed
1898 958 1995 998 Pto-

611 1021 770 1061 lemaeus
786 1049 798 1069 ,
825 1031 869 1058 ut
890 1018 980 1059 sunt
1005 1020 1166 1074 ingenia
1189 1033 1329 1073 regum
1344 1049 1356 1069 ‚
1380 1034 1527 1075 pronus
1548 1020 1597 1060 ad
1616 1019 1899 1070 formidinem,
1922 1019 1993 1061 ubi

612 1084 798 1124 securitas
824 1081 941 1122 rediit
956 1111 968 1131 ,
992 1081 1246 1137 voluptatum
1268 1081 1386 1136 quam
1409 1081 1651 1137 religionum
1678 1097 1868 1139 appetens
1884 1113 1896 1132 ,
1924 1097 1994 1123 ne-

612 1146 765 1201 gligere
789 1144 1024 1201 paullatim,
1050 1144 1223 1198 aliasque
1247 1145 1297 1185 ad
1321 1160 1433 1188 curas
1460 1147 1636 1186 animum
1658 1160 1834 1186 vertere:
1861 1146 1994 1187 donec

612 1209 752 1249 eadem
787 1208 938 1264 species
969 1207 1185 1248 terribilior
1217 1206 1296 1260 jam
1315 1238 1327 1259 ,
1361 1213 1402 1250 ὃς
1427 1210 1657 1258 instantior,
1685 1226 1706 1245 t(
1733 1209 1900 1249 exitium
1923 1209 1995 1264 ipfi

611 1286 850 1326 »regnoque
873 1288 894 1307 >›
925 1270 1202 1320 denuntiaret,
1230 1288 1252 1308 (ε
1283 1273 1323 1311 ni
1347 1270 1443 1323 juffa
1466 1285 1714 1328 patrarentur
1739 1289 1782 1312 >›.
1810 1272 1918 1312 Tum
1941 1271 1995 1312 le-

613 1349 727 1389 gatos
753 1338 794 1374 &
819 1334 925 1374 dona
943 1334 1270 1387 Scydrothemidi
1289 1337 1375 1389 regi
1400 1339 1412 1385 (
1438 1336 1470 1375 is
1496 1349 1594 1376 tunc
1615 1334 1898 1391 Sinopenfibus
1919 1336 1994 1374 im-

612 1396 808 1454 peritabat
831 1400 843 1446 )
869 1396 1047 1453 expediri
1070 1395 1206 1449 jubet3
1233 1399 1490 1453 praecipitque
1512 1399 1755 1452 navigaturis
1769 1427 1782 1448 ,
1811 1414 1833 1434 «
1851 1411 1896 1438 ut
1915 1398 1994 1451 Py-

612 1462 773 1500 »thium
797 1458 1034 1516 Apollinem
1074 1464 1088 1492 5
1127 1460 1270 1501 adeant
1300 1477 1342 1500 >›.
1375 1459 1460 1501 Illis
1491 1475 1599 1501 mare
1637 1460 1879 1502 secundum:
1911 1460 1992 1502 sors

612 1522 767 1564 oraculi
792 1523 899 1563 haud
926 1522 1123 1577 ambigua.
1154 1540 1175 1560 (ε
1212 1523 1322 1563 Irent
1338 1553 1350 1573 ,
1382 1523 1712 1578 simulacrumque
1738 1525 1858 1580 patris
1887 1523 1947 1564 sui
1976 1521 1993 1545 ⁶

611 1587 882 1627 »reveherent
895 1615 906 1635 ‚
935 1586 1078 1626 sororis
1101 1584 1372 1639 relinquerent
1395 1603 1438 1626 2).

673 1649 944 1690 LXXXIV.
978 1650 1050 1688 U‘r
1083 1650 1263 1704 Sinopen
1295 1649 1441 1689 venere
1455 1678 1468 1699 ,
1489 1663 1679 1700 munera,
1702 1664 1865 1706 preces,
1887 1658 1995 1690 man-'

610 1708 704 1753 data
728 1713 830 1766 regis
859 1711 918 1751 sui
944 1712 1270 1765 Scydrothemidi
1296 1711 1484 1767 allegant.
1512 1713 1596 1767 Qui
1622 1713 1797 1754 diversus
1828 1713 1951 1753 animi
1979 1740 1993 1762 ‚

612 1775 736 1816 modo
760 1789 908 1815 numen
935 1775 1147 1830 pavescere
1162 1805 1175 1825 ‚
1203 1775 1325 1816 modo
1349 1777 1466 1816 minis
1487 1775 1728 1817 adversantis
1751 1775 1892 1832 populi
1915 1789 1993 1817 ter-

615 1883 649 1912 &
670 1881 931 1921 Paphlagoniam,
963 1881 1019 1912 ubi
1043 1882 1115 1912 urbs
1146 1883 1283 1922 Sinope,
1362 1889 1372 1910 3
1394 1883 1558 1920 Smomzu]
1588 1883 1697 1914 Turcis
1730 1883 1859 1921 Sinoub;
1892 1883 1985 1914 nobis

616 1922 654 1951 de
670 1922 729 1960 qua
749 1932 824 1951 mox
841 1921 970 1951 dicetur.
1321 1923 1418 1962 vulgo
1443 1922 1563 1958 Sinope,
1583 1923 1634 1961 sicr
1660 1922 1699 1952 les
1728 1924 1802 1953 cotes
1823 1922 1856 1952 de
1875 1921 1902 1952 Ia
1924 1922 1991 1953 Met·

656 1966 663 1979 ¹
689 1963 810 1997 Qumus
833 1965 916 1996 mos]
938 1962 1033 1991 Vetus
1047 1960 1145 1995 fama,
1158 1960 1210 1991 sed
1226 1972 1283 1992 no-
1321 1962 1416 1997 noire,
1437 1961 1508 1990 dans
1527 1961 1555 1989 la
1573 1961 1698 1992 Narolie.

615 2009 688 2029 men
709 2000 801 2030 inane
814 2023 822 2036 ‚
835 2008 870 2030 ut
888 2000 1004 2030 constat
1021 2010 1059 2030 ex
1073 1999 1284 2037 GenefiXLI,
1359 2006 1374 2025 ⁴
1393 2003 1487 2032 Jovrs
1509 2001 1626 2039 Drris]
1650 2000 1738 2032 Jovis
1757 2000 1909 2031 Plutonis.
1927 2002 1992 2031 Cur

618 2041 655 2072 8,
671 2040 704 2069 8<
720 2039 787 2069 aliis
810 2039 916 2070 multis
943 2039 1030 2070 sacrae
1053 2039 1213 2078 Scripturae
1232 2041 1283 2071 lo—
1325 2051 1428 2072 autem
1447 2040 1565 2078 Serapis
1588 2041 1742 2071 diceretur
1763 2039 1881 2078 Jupiter
1901 2040 1991 2071 Pluto

616 2078 670 2109 cis.
1326 2079 1533 2119 explicabitur
1545 2079 1577 2109 in
1598 2080 1692 2110 Notis
1706 2081 1740 2111 ὃ(
1754 2079 1991 2110 Emendationi-

657 2120 667 2133 ²
692 2118 888 2148 Amsmffl
911 2121 1200 2157 cAERIMOMARUM]
1224 2120 1285 2149 Eu-
1322 2121 1378 2149 bus
1391 2120 1429 2149 ad
1445 2119 1518 2149 Hist.
1537 2120 1597 2156 lv,
1619 2122 1671 2156 84.

616 2155 782 2194 molpidae,
801 2158 839 2186 ab
855 2159 1010 2196 Eumolpo
1032 2158 1175 2201 oriundi,
1191 2158 1285 2189 antis—
1365 2164 1373 2185 5
1397 2159 1543 2189 Pvremu
1589 2161 1771 2190 Aponium
1798 2159 1811 2195 ]
1848 2157 1992 2196 Pythium

617 2195 689 2226 tites
703 2204 788 2226 erant
801 2197 938 2232 Cereris,
952 2198 985 2228 &
1004 2197 1208 2232 caerimoniis,
1219 2209 1284 2237 quae
1324 2197 1503 2236 Apollinem
1534 2197 1672 2236 Delphos
1708 2197 1829 2227 adeant.
1855 2197 1990 2234 Delphi,

617 2233 777 2271 Eleufine‚
800 2234 833 2264 in
856 2236 980 2270 Attica.
1005 2237 1196 2267 secretiffime
1217 2248 1285 2276 age·
1326 2237 1403 2267 olim
1422 2237 1611 2275 percelebres
1625 2260 1633 2272 ,
1662 2247 1745 2267 nunc
1767 2236 1876 2271 viem,
1895 2237 1990 2266 distus

617 2274 730 2304 bantur
742 2297 752 2310 ‚
773 2284 930 2312 praeerant.
945 2276 1037 2305 Periit
1056 2275 1193 2306 Eleusin:
1217 2287 1284 2306 ma-
1325 2276 1430 2314 Casiri,
1453 2286 1488 2304 au
1504 2275 1566 2312 [ried
1578 2276 1613 2304 du
1627 2286 1701 2305 mont
1722 2274 1862 2314 Parnaffe.

617 2321 694 2343 nent
714 2315 834 2343 tantiim
865 2315 974 2344 rudera
990 2338 998 2349 ‚
1024 2314 1136 2353 quibus
1167 2326 1284 2346 nornen
1364 2318 1377 2335 ⁶
1399 2317 1511 2346 Pums
1534 2317 1607 2353 sm]
1630 2315 1748 2353 Jupiter
1767 2312 1922 2352 Apollinis
1936 2323 1992 2352 pa-

618 2351 810 2396 Lefflna‚fi1r
825 2352 852 2381 la
875 2353 933 2382 σότε
957 2353 990 2382 de
1005 2353 1134 2383 Limane.
1159 2355 1284 2393 Templi
1325 2363 1372 2385 ter
1387 2354 1557 2384 habebatur
1568 2378 1578 2389 ‚
1598 2354 1686 2384 soror
1703 2352 1891 2390 Proserpina.
1907 2354 1992 2383 Bene

618 2391 762 2430 reliquias
788 2391 915 2423 exhibet
951 2392 1001 2424 Cl.
1026 2394 1112 2432 Spon
1123 2415 1133 2430 ‚
1154 2392 1284 2434 Voyage‚
1325 2394 1497 2430 reveherenr;
1516 2395 1587 2422 cum
1606 2393 1686 2424 sacra
1697 2392 1752 2423 illa
1767 2391 1938 2431 antiquitus
1953 2402 1992 2423 ex

618 2439 696 2469 part.
714 2432 754 2462 11.
772 2441 839 2471 pag.
852 2442 924 2470 ²79·
1326 2434 1461 2472 AEgypto
1476 2433 1593 2462 avecla.

2022 845 2072 873 10

2024 1156 2072 1196 15

2019 1469 2075 1497 20
