2209 3047
329 189 410 232 AD
430 190 654 233 LIBRUM
677 190 730 232 ΙΙ.
762 189 906 232 HIST.
945 188 993 231 C.
1016 190 1195 233 CORN.
1218 191 1428 234 TACITI.
1498 208 1524 244 4
1533 208 1551 244 3
1565 208 1583 244 3

203 267 261 304 Cl.
284 266 469 312 Ernestus‚
493 281 567 303 nam
584 267 692 316 idfibi
716 268 876 303 indiderat
895 279 1022 309 nomen,
1043 267 1103 302 vel
1118 272 1265 305 nominis.

256 369 361 406 CAP.
387 367 499 404 LXII.
531 369 631 405 Acuz
654 369 935 414 OTHONIANA]
968 366 1034 404 Ms.
1053 366 1165 403 Corb.
1189 373 1222 405 ὃς
1249 371 1364 407 editio
1389 371 1583 420 princeps,

203 420 236 453 in
258 422 322 453 acie
333 418 530 453 Othoniani.

257 467 446 503 LUXURIAE
474 471 768 513 TEMPERARET]
804 467 901 503 Bene
928 467 1002 503 Mff.
1031 466 1126 503 Flor.
1150 466 1239 515 Reg.
1262 469 1374 506 Corb.
1403 470 1584 506 editiones

201 527 340 553 veteres
353 520 386 554 δε
402 517 630 554 recentiores.
644 518 741 554 Male
758 517 796 552 in
813 517 889 554 ΜΠ,
910 516 1012 553 Harl.
1027 516 1133 553 Bodl.
1154 515 1220 552 Jes.
1239 519 1415 556 luxuriam.
1434 519 1585 556 Beroal-

203 566 269 604 dus
281 595 290 610 ‚
306 580 506 613 temperares.

252 616 514 653 INEXPLEsslLls
540 619 705 661 LIBIDO]
739 615 815 651 Mff.
835 616 937 653 Harl.
950 617 1068 654 Guelf.
1084 617 1300 663 inexpiabilis.
1331 617 1455 654 Altera
1475 632 1582 656 manu

201 666 241 702 in
256 667 320 702 Ms.
339 666 442 703 Harl.
465 667 692 703 emendatum
711 693 720 708 ‚
748 668 960 712 inexplebilis.
984 669 1031 703 At
1044 667 1142 703 fuisse
1159 666 1355 715 aliquando
1375 670 1583 706 ventrosum

203 716 429 764 Principem,
449 718 549 762 cujus
566 716 659 765 gulae
683 715 873 763 imperium
897 716 1101 752 Romanum
1126 716 1188 752 vix
1211 716 1367 753 sufficere
1391 719 1550 763 potuerit
1570 745 1582 762 ‚

202 765 417 801 incredibile
442 765 624 801 videretur
637 792 646 808 ‚
673 765 711 799 ni
736 764 872 800 foedam
888 769 921 802 ὃς
938 766 1196 815 inexplebilem
1210 795 1219 810 ,
1245 767 1316 816 qua
1336 765 1502 801 Vitellius
1521 768 1583 802 fla-

201 814 344 864 gravit,
367 814 552 863 epularum
568 814 758 851 libidinem
781 814 988 851 testarentur
1009 816 1145 852 oculati
1175 816 1275 853 testes
1290 845 1298 860 ‚
1321 815 1491 858 Tacitus,
1512 815 1585 851 Pli-

202 864 283 900 nius
298 890 308 906 ‚
325 877 368 901 ac
381 865 583 901 Suetonius,
607 865 660 901 Ut
681 863 751 900 tale
769 864 965 900 monstrum
989 866 1033 901 ad
1060 866 1244 902 infamiam
1273 865 1583 918 ignominiamque

202 924 345 964 pateat,
360 914 500 953 Vitellii
520 914 720 964 ingluviem
740 914 865 963 paucis
886 915 1098 965 expendam.

484 1005 580 1062 De
612 1023 787 1063 ventre
825 1005 900 1060 &C
926 1007 1062 1083 guid
1094 1005 1316 1061 Vitellii.

243 1116 412 1154 Vitellius
427 1145 436 1161 ‚
459 1118 551 1154 inter
572 1119 728 1168 popinas
743 1119 903 1162 adultus,
918 1128 958 1155 ut
977 1119 1132 1168 primum
1143 1119 1292 1167 adeptus
1304 1117 1352 1155 est
1372 1117 1558 1166 imperium
1575 1143 1588 1161 ,

200 1175 319 1205 totam
341 1168 563 1216 principatus
582 1169 764 1205 fortunam
787 1170 825 1204 in
842 1169 1040 1218 ingluviem
1060 1170 1178 1205 vertit.
1200 1169 1285 1214 Qua.
1299 1168 1444 1218 quidem
1458 1168 1590 1204 intem-

202 1218 368 1267 perantia
381 1221 487 1253 novies
505 1220 826 1266 milliessestertiiim,
849 1219 1001 1255 Gallicae
1014 1230 1170 1255 monetae
1188 1218 1294 1254 libras
1314 1228 1591 1267 175,o95,225‚

199 1268 394 1314 pauciffimis
419 1268 571 1315 menfibus
593 1270 800 1318 intervertisse
828 1269 976 1305 creditur.
1004 1268 1123 1305 Tacit.
1137 1268 1229 1305 Hist.
1246 1267 1281 1303 Π
1297 1296 1305 1311 ,
1328 1279 1391 1316 9ς.
1417 1266 1494 1304 Nee
1508 1268 1591 1303 sani:

203 1317 333 1354 mirum
345 1346 355 1361 ,
373 1316 456 1353 cum
471 1329 542 1354 tam
553 1318 745 1367 profundae
759 1318 842 1355 effet
852 1318 946 1367 gulae
957 1347 966 1362 ,
980 1330 1019 1354 ut
1031 1322 1138 1365 epulas
1157 1319 1324 1366 trifariam
1333 1320 1456 1364 semper
1468 1345 1477 1361 ,
1490 1321 1591 1352 incer-

202 1368 277 1403 dum
310 1368 545 1415 quadrifariam
582 1368 783 1418 dispertiret
803 1399 811 1410 ,
851 1372 884 1402 in
907 1370 1076 1414 jentacula
1096 1397 1106 1411 ,
1142 1370 1179 1404 ἐπ’
1192 1368 1333 1415 prandia
1356 1399 1364 1410 ,
1396 1369 1432 1403 ἔπ’
1467 1381 1556 1402 cenas
1579 1393 1591 1410 ‚

203 1416 485 1465 comissationesque
501 1418 626 1465 :facile
653 1419 795 1454 omnibus
806 1416 970 1464 sufficiens
984 1419 1165 1455 vomitandi
1182 1418 1411 1466 consuetudine.
1440 1418 1591 1456 Sueton.

203 1466 245 1503 in
257 1466 383 1503 Vitell.
404 1466 506 1503 XIII.

253 1517 375 1562 Quam
394 1529 558 1554 enormes
572 1518 705 1554 fuerint
718 1517 804 1554 tales
820 1517 936 1565 epulae
958 1517 1119 1554 aestimari
1146 1517 1263 1566 potest
1277 1544 1285 1559 ,
1311 1517 1394 1554 cum
1415 1517 1452 1552 in
1481 1529 1590 1553 unam

205 1578 330 1602 cenam
354 1566 570 1614 impenderit
589 1569 777 1616 quadragies
787 1568 967 1614 Αβμενιὶίιιη
981 1596 990 1611 ,
1018 1572 1123 1604 ἑκατὸν
1142 1568 1297 1617 μυριάδας
1312 1599 1319 1610 ,
1341 1568 1492 1603 Gallicae
1512 1580 1591 1602 mo-

204 1627 298 1652 netae
323 1615 430 1651 libras
443 1620 627 1667 778,315.
642 1618 718 1654 Dio
739 1617 848 1654 LXV.
870 1629 952 1667 pag.
968 1629 1057 1667 735.
1088 1619 1205 1654 Immo
1225 1617 1403 1654 celebrata
1422 1617 1501 1652 sunt
1516 1643 1524 1658 ,
1553 1616 1592 1652 ni

205 1665 302 1702 forte
329 1666 378 1702 ob
408 1667 526 1703 versus
551 1668 753 1712 rationem,
774 1680 962 1704 numerum
985 1668 1121 1705 auxerit
1148 1667 1319 1704 Sidonius
1341 1666 1567 1717 Apollinaris
1582 1696 1591 1710 ,

207 1715 328 1754 Carm.
348 1716 380 1753 V
393 1744 404 1760 ,
428 1728 518 1766 324.

443 1788 890 1800 ...............
919 1769 1017 1809 Quina
1046 1767 1143 1798 Vitelli

443 1807 561 1845 Miliia,
585 1807 686 1848 falmfi
708 1808 813 1838 ventris
832 1808 964 1838 damnata
997 1807 1137 1837 barathro.

261 1857 372 1901 Quina
393 1859 500 1892 millia
519 1857 600 1893 sunt
621 1858 771 1894 Gallicae
797 1870 954 1896 moneta:
980 1859 1079 1895 librae
1099 1857 1285 1906 972‚846.

255 1905 293 1942 Si
314 1917 453 1943 tantum
485 1920 598 1956 opum
627 1908 718 1944 cibis
742 1909 948 1945 exhaustum
976 1909 1037 1946 vix
1054 1908 1254 1957 intelligas,
1281 1914 1448 1944 occurrat
1466 1905 1590 1943 animo

198 1955 410 2004 famofiffima
422 1959 520 2004 siiper
544 1970 660 1993 ceteras
678 1972 753 1994 cena
767 1958 919 1995 Vitellio
935 1960 1010 1994 data
1025 1960 1204 1994 adventitia
1221 1972 1240 1993 α
1257 1959 1365 2004 fratre
1377 1985 1387 2001 ,
1403 1959 1436 1991 in
1455 1956 1516 2004 quii
1530 1956 1591 1991 duo

209 2007 315 2090 isnillia
341 2008 572 2092 [εὲἷιᾙίνηιζνιιητ
597 2009 730 2056 piscium
753 2037 764 2053 ‚
787 2009 908 2056 septem
930 2009 1044 2045 millia
1077 2012 1188 2045 avium
1222 2008 1364 2056 apposita
1404 2007 1592 2043 traduntur.

236 2066 360 2093 ueton.
396 2070 453 2094 oe.
470 2069 530 2095 eit.

263 2106 410 2152 Quanta
426 2120 559 2156 quanta
583 2108 690 2145 fuerit
713 2109 787 2145 haec
811 2122 922 2153 cena,
944 2113 1023 2146 lianc
1045 2123 1163 2159 quoque
1188 2109 1391 2155 exsuperavit
1405 2105 1593 2148 Vitellius,

208 2153 295 2192 teste
309 2157 486 2193 Suetonio
506 2158 594 2194 ibid.
612 2158 784 2208 Vulgares
799 2173 927 2208 nempe
946 2161 1106 2208 patinas,
1125 2158 1219 2209 quasi
1238 2168 1362 2194 ventre
1386 2156 1450 2192 suo
1476 2155 1594 2191 mino-

209 2216 263 2240 res
276 2233 285 2248 ,
305 2206 482 2243 aversatus
496 2235 506 2251 ,
534 2221 643 2244 unam
657 2237 666 2252 ,
686 2222 792 2258 quam
807 2209 856 2245 ob
872 2209 1080 2246 immensam
1104 2207 1389 2259 magnitudinem
1405 2234 1414 2250 ‚
1437 2206 1595 2253 clipeum

208 2265 385 2302 Minerva:
399 2272 535 2312 ,Αὶφίὃα
551 2270 709 2316 nemim,
740 2270 923 2306 dictitabat
938 2299 946 2314 ,
961 2261 998 2305 T(
1027 2271 1092 2305 HS
1105 2297 1114 2314 ,
1143 2268 1294 2305 Gallicae
1319 2277 1474 2303 moneta:
1498 2264 1596 2300 libris

217 2327 328 2363 1946
367 2329 380 2352 1
402 2345 411 2361 ,
436 2317 523 2354 licet
545 2319 639 2355 foret
661 2319 798 2363 fifflhs,
827 2320 1020 2357 condidit:
1042 2323 1091 2354 cui
1108 2319 1266 2367 faciendae
1277 2318 1405 2365 fornax
1429 2320 1462 2351 in
1479 2317 1597 2359 campis

214 2329 416 2414 exaedisscam
447 2380 527 2404 erat.
555 2368 647 2405 Plin.
675 2369 828 2413 XXXV,
853 2383 910 2406 12.
931 2370 1029 2406 Tum
1046 2382 1148 2406 novo
1166 2368 1267 2404 luxus
1284 2375 1520 2403 monumento
1542 2363 1599 2398 su-

214 2414 364 2464 petbus,
378 2430 502 2454 cenam
529 2418 639 2464 feeit,
664 2419 890 2459 dedicaturus
910 2419 1093 2472 patinam,
1115 2422 1150 2456 in
1168 2419 1231 2470 qud
1248 2420 1414 2466 scarorum
1425 2417 1599 2464 jecinora,

339 2488 377 2527 T
373 2504 446 2533 om.
479 2491 559 2536 III.
1291 2488 1312 2528 I
1328 2488 1341 2527 i
1356 2488 1371 2527 i
