2209 3047
337 183 419 226 AD
445 183 668 226 LIBRUM
692 183 766 225 III.
805 182 949 226 HIST.
970 184 1017 224 C.
1039 184 1218 228 CORN.
1237 185 1445 228 TACITI.
1495 200 1547 238 45
1557 203 1581 237 9

201 262 279 300 Alii
297 261 502 311 intelligunt
514 261 639 310 stetEffi.
665 263 800 298 Suorum
817 260 1011 310 suspectum
1025 262 1134 300 habet
1147 263 1328 306 Emestus,
1345 267 1376 300 ὃ(
1392 264 1428 300 in
1443 277 1488 302 eo
1501 276 1583 302 ver-

204 312 289 350 bum
307 313 444 348 latitare
468 311 651 348 existimat.

255 361 372 398 Drion
387 364 685 406 rvrcnsnvmsos]
709 361 783 396 ΜΠ.
795 361 882 410 Reg.
901 361 983 410 Agr.
1002 363 1034 396 δε
1050 359 1164 396 editio
1181 363 1346 412 princeps
1366 392 1374 406 ‚
1407 364 1583 412 duos-icesi-

200 425 322 448 rnanos.
339 411 436 447 Male
454 411 528 447 ΜΠ.
550 411 694 459 plurimi
715 414 749 446 ὃ(
769 411 984 447 Puteolanus
998 439 1007 454 ‚
1029 411 1340 458 duodevicesimam&
1360 413 1465 449 Rene
1483 415 1583 450 Rhe-

201 474 314 498 nanus
329 463 360 496 &
376 460 623 503 Recentiores,
643 461 936 505 duoetvicefimanos
954 475 964 504 ;
981 472 1019 496 ut
1036 462 1103 505 jam
1119 460 1209 508 saepe
1224 463 1440 499 monuimus.

253 511 380 553 EQUEs
414 523 650 553 AUXlLlAQUE
678 513 696 556 ]
736 510 833 546 Bene
864 511 940 546 Mff.
958 511 1138 548 editiones
1157 521 1293 547 veteres
1308 515 1340 548 ὃς
1357 513 1583 551 recentiores.

204 560 431 597 Intermedisc
445 590 454 604 ‚
476 565 602 609 equites.

257 611 327 646 His
343 639 351 654 ‚
378 623 534 647 RURSUM
559 613 683 654 1LL1s]
722 609 781 644 Sic
796 609 863 645 Ms.
885 610 998 647 Corb.
1017 615 1050 647 &
1066 611 1180 648 editio
1201 610 1377 659 princeps.
1396 612 1470 648 Mss.
1480 612 1584 649 Harl.

206 660 314 718 Bodl.
344 660 411 697 Jes.
435 660 554 697 Guelf.
579 662 613 695 ὃς
639 658 876 703 Puteolanus,
905 663 1067 710 rursusque
1090 663 1168 700 illis.
1194 660 1449 703 Recentiores‚
1479 665 1585 709 rursus

206 712 395 795 altit-mm
423 769 608 800 UTRAQUE
635 770 718 794 Acus
734 762 751 803 ]
775 758 871 795 Bene
888 759 962 795 Mss.
978 760 1076 796 Flor.
1087 761 1174 810 Agr.
1187 759 1275 810 Reg.
1292 759 1406 795 editio
1421 758 1588 807 princeps

206 810 242 844 ὃς
256 808 483 844 recentiores.
505 808 546 843 In
559 806 635 844 Mis.
651 807 754 844 Harl.
771 809 877 844 Bodl.
892 809 958 845 Jes.
980 810 1070 845 Eud.
1086 811 1206 847 Guelf.
1228 811 1391 859 eademque
1406 812 1481 845 acie.
1499 808 1588 846 Inde

205 857 424 895 Puteolanus
440 857 571 907 aliique
586 887 596 902 ‚
625 858 789 907 eademque
809 871 939 907 utraque
959 862 1033 896 acie.

261 957 370 994 CAP.
402 957 538 993 XXIII.
569 956 787 994 LABANTEM
813 962 961 1004 Acmm]
997 959 1095 994 Bene
1138 957 1214 994 Mff.
1242 958 1331 1009 Reg.
1363 958 1477 996 Corb.
1504 958 1593 1008 Agr.

210 1008 326 1045 editio
346 1007 512 1057 princeps
540 1010 573 1043 δε
592 1008 819 1045 recentiores.
855 1008 932 1044 Mff.
953 1008 1055 1044 Harl.
1078 1008 1183 1044 Bodl.
1209 1008 1275 1045 Jes.
1292 1013 1325 1045 δε
1344 1008 1562 1046 Puteolanus
1579 1036 1590 1053 ‚

209 1060 378 1094 labentem.

264 1107 599 1152 QtnNTAEnflchAE
628 1112 832 1153 LEGIONIS]
868 1109 966 1144 Bene
989 1107 1143 1156 Lipsius,
1161 1108 1319 1145 Pichena
1343 1111 1376 1144 &
1399 1108 1596 1145 Recentio-

209 1169 273 1194 res.
300 1157 342 1193 In
367 1157 442 1194 Mff.
467 1161 500 1193 ὅς
526 1158 705 1194 veteribus
723 1158 945 1195 editionibus
961 1186 971 1201 ,
997 1159 1244 1207 quartaedecimae
1263 1161 1404 1206 legionis.
1421 1158 1599 1195 Mendose

209 1207 359 1255 quidem
376 1235 386 1251 ,
407 1207 491 1244 ciim
510 1208 776 1257 quartadecima
803 1208 901 1257 legio
917 1218 1004 1244 tunc
1029 1208 1110 1244 esset
1128 1207 1166 1243 in
1192 1208 1375 1244 britannia
1393 1237 1401 1251 ,
1430 1208 1467 1243 in
1491 1221 1598 1258 quam

211 1257 327 1294 fuerat
356 1257 553 1293 transveRa
576 1286 585 1302 ‚
615 1269 654 1294 ut
684 1258 839 1294 vidimus
865 1258 967 1306 supra
986 1257 1076 1294 Hist.
1096 1257 1131 1293 II
1150 1285 1160 1302 ,
1181 1258 1230 1294 66
1248 1261 1280 1294 ὃ(
1300 1261 1360 1293 86.
1390 1258 1498 1294 Forte
1521 1258 1600 1301 qui-

214 1306 365 1342 busdam
379 1307 561 1343 videbitur
580 1309 703 1355 potins
725 1308 991 1345 emendandum
1006 1339 1013 1350 ,
1034 1309 1264 1355 sextoedecimae
1280 1335 1288 1348 ‚
1314 1308 1411 1357 quod
1436 1308 1548 1344 facilis
1561 1308 1602 1344 fit

211 1369 312 1394 error
341 1357 378 1392 in
405 1357 559 1393 numeris
581 1357 665 1392 XIV
685 1361 717 1393 &
745 1357 841 1394 XVI.
863 1358 911 1392 At
929 1369 1165 1407 proeterquam
1192 1357 1290 1406 qubd
1315 1369 1452 1394 veteres
1469 1358 1603 1394 scribe-

212 1417 292 1443 rent
305 1406 435 1450 XIIII,
462 1420 537 1442 non
560 1407 644 1443 vero
668 1407 753 1443 XIV
768 1435 777 1450 ‚
803 1406 927 1442 balista
942 1407 1003 1441 illa
1017 1407 1098 1443 sane
1117 1407 1313 1455 occupavit
1329 1420 1492 1457 aggerem
1506 1408 1574 1443 viae
1590 1435 1600 1451 ‚

211 1468 255 1492 ac
279 1455 434 1504 proinde
460 1456 613 1492 mediam
638 1456 750 1493 aciem
765 1485 774 1500 ,
798 1456 836 1492 in
861 1457 931 1506 qua
954 1456 1091 1493 stabant
1116 1457 1433 1506 quintadecimani.
1463 1458 1602 1494 Contra

212 1505 493 1542 sextadecimani
510 1516 611 1542 erant
627 1507 663 1541 in
680 1506 774 1542 laevo
802 1519 929 1543 cornu.

268 1555 612 1602 TORMENTORUM]
646 1555 782 1604 Lipsius
811 1556 1041 1593 emendatum
1066 1555 1200 1599 vellet,
1236 1568 1390 1593 tormento
1418 1569 1510 1600 tum3
1542 1565 1603 1593 aut

213 1604 375 1653 superins
400 1605 607 1654 corrigebat
620 1633 630 1646 ‚
650 1606 770 1652 balistae
787 1634 795 1642 .
811 1633 819 1641 .
834 1634 841 1641 .
855 1608 1061 1653 proruebant.
1080 1607 1131 1642 At
1147 1606 1238 1642 nihil
1256 1607 1464 1643 mutandum
1479 1635 1486 1650 ‚
1499 1606 1580 1642 cilm
1593 1632 1603 1647 ‚

215 1666 344 1705 praeter
371 1654 532 1692 balistam
554 1683 564 1699 ‚
587 1654 690 1704 plura
715 1655 848 1692 fuerint
868 1667 1051 1692 tormenta
1082 1684 1092 1701 ,
1115 1669 1269 1706 quorum
1294 1657 1415 1693 vincla
1439 1656 1601 1693 abscindi

215 1715 428 1756 potuerunt.

268 1755 592 1801 INCLINAVERAT]
624 1755 720 1792 Bene
750 1755 826 1793 Mss.
857 1756 953 1792 Flor.
989 1755 1076 1803 Reg.
1108 1755 1221 1793 Corb.
1256 1756 1371 1793 editio
1402 1756 1568 1805 princeps
1593 1786 1602 1800 ,

218 1803 414 1840 Rhenanus
429 1809 461 1841 &
481 1805 723 1842 Recentiores.
749 1806 825 1842 Mss.
841 1806 943 1843 Harl.
963 1805 1071 1842 Bodl.
1093 1805 1161 1842 Jes.
1174 1806 1295 1842 Guelf.
1310 1810 1342 1843 ὃς
1358 1806 1578 1843 Puteolanus
1590 1832 1603 1849 ,

216 1856 387 1891 inclinata.
406 1855 561 1905 Margini
577 1855 762 1892 Ms.ssod1.
778 1856 940 1892 additum
955 1884 964 1899 ‚
985 1858 1209 1892 inclinaverat.

266 1903 414 1948 FALso‚
434 1918 485 1942 UT
507 1918 545 1941 IN
565 1918 771 1948 CORPORA,
796 1910 918 1952 ICTU]
951 1907 1049 1942 Bene
1068 1906 1144 1942 Mss.
1164 1906 1379 1943 Puteolanus
1404 1909 1437 1942 ὃς
1462 1906 1602 1942 Recen-

219 1953 461 2002 tiores‚falso.
488 1956 585 1991 Male
611 1956 726 1992 editio
758 1957 923 2004 princeps
943 1983 952 1998 ,
973 1957 1082 2003 falsae.
1109 1955 1214 1992 Rene
1249 1967 1366 1992 autem
1392 1956 1456 1991 Ms.
1487 1954 1599 1991 Corb.

219 2003 334 2040 editio
351 2006 564 2054 princeps&
584 2007 821 2050 recentiores,
848 2020 988 2052 corpora.
1018 2006 1062 2042 In
1089 2006 1164 2041 Mis.
1188 2005 1290 2042 Harl.
1318 2005 1386 2043 Jes.
1418 2004 1537 2042 Guelf.
1569 2007 1603 2040 ὃς

219 2052 439 2091 intermediis
461 2055 707 2099 editionibus,
737 2070 874 2102 corpore.
898 2056 1062 2092 Secunda
1089 2069 1196 2092 manu
1228 2055 1454 2092 emendatum
1482 2055 1518 2090 in
1536 2054 1600 2089 Ms.

220 2101 325 2138 Harl.
345 2118 483 2150 corpara.
502 2105 572 2141 Pro
598 2108 660 2140 ι’ἑῖα
681 2106 802 2142 mallet
818 2106 1005 2142 Acidalius
1024 2134 1032 2149 ‚
1057 2107 1160 2154 jabin.
1188 2105 1236 2141 At
1257 2107 1325 2141 iffa
1348 2104 1437 2141 dixit
1459 2115 1604 2154 quoque

224 2150 409 2196 Lucanus,
429 2154 485 2190 III
499 2182 508 2197 ‚
526 2156 619 2201 469.
638 2155 800 2191 laudatus
818 2157 918 2204 supra
935 2156 970 2191 in
981 2156 1098 2192 Notis.

270 2200 439 2239 INCAUTl
461 2209 792 2252 OFFEREBANTUR]
818 2205 941 2242 Editio
959 2206 1124 2255 princeps
1136 2217 1321 2255 perperam
1333 2204 1460 2248 omisit,
1472 2204 1605 2238 incauti.

279 2301 388 2339 CAP.
420 2302 551 2340 XXIV.
584 2303 667 2340 CUR
689 2317 780 2341 ΚΑΜ
807 2318 1050 2342 sUMl‘sIssENT
1073 2308 1215 2351 ARMA]
1242 2304 1285 2341 In
1309 2304 1377 2341 Ms.
1410 2302 1522 2339 Corb.
1552 2315 1606 2337 cur

226 2363 300 2385 nam
321 2353 517 2401 sumpfiſjknt
540 2367 644 2390 arma.
664 2354 783 2392 Ceteri
802 2355 878 2391 ΜΠ.
899 2359 932 2392 &
952 2356 1034 2391 libri
1058 2369 1181 2393 omnes
1206 2355 1293 2391 editi
1312 2383 1321 2398 ,
1346 2368 1398 2389 cur
1425 2357 1514 2393 rari,
1537 2355 1604 2387 ἃς.

228 2399 379 2450 Optime
397 2402 532 2454 Lipsius
551 2404 735 2452 tentabat,
755 2419 811 2442 cur
825 2405 1050 2456 reficmpfiffint
1074 2419 1176 2443 arma.
1192 2405 1235 2442 Id
1249 2405 1364 2441 sensus
1379 2431 1388 2445 ‚
1410 2403 1445 2437 id
1462 2400 1608 2438 historia

1222 2476 1271 2517 M
1284 2489 1375 2514 mm
1396 2472 1422 2527 ij
