2209 3047
587 234 669 281 588
769 225 983 266 NoTAE
1038 222 1122 262 ET
1174 217 1764 262 EMENDATIONES

596 327 1962 374 aaaeae&eeeeeeaeeeeeeeeeeeeeee

631 422 743 479 DE
783 438 1176 476 OBSJDJONE
1209 418 1913 473 HIEROSOLYMJTANA

838 494 914 549 &C
944 493 1066 548 belli
1097 489 1311 548 Iudaici
1346 492 1712 548 monumentis.

585 619 685 682 UT
706 642 791 679 stem
815 640 988 690 promissis
1003 665 1012 681 ‚
1043 651 1121 689 quae
1144 639 1182 674 in
1204 639 1417 688 Appendice
1439 639 1483 674 ad
1504 639 1632 675 librum
1659 638 1795 675 Histor.
1817 638 1871 683 V,
1903 649 1961 685 51.

584 705 668 741 pag.
698 703 783 740 355.
809 702 885 727 not.
911 703 946 737 9.
973 689 1063 733 feci,
1099 700 1211 724 artem
1235 691 1482 725 Romanorum
1505 689 1543 724 in
1570 688 1759 725 obsidione
1782 688 1962 725 Hieroso-

584 741 782 784 baritana,
815 739 972 788 superius
1002 739 1038 774 in
1062 739 1192 782 Notis,
1221 738 1270 775 ob
1294 738 1370 775 loci
1398 738 1594 788 angustias,
1623 739 1718 774 haud
1742 739 1821 774 satis
1847 738 1964 787 expli-

587 785 723 834 catam,
750 791 809 825 bic
834 789 1012 837 aperiam3
1040 788 1169 825 deinde
1190 788 1277 824 belli
1299 787 1440 824 Judaici
1463 800 1695 824 monumenta
1716 800 1907 836 exponam.

633 843 691 876 Ac
710 840 825 887 primo
850 838 1016 888 quidem,
1038 838 1133 875 sacra
1145 838 1241 886 apud
1258 837 1400 876 Judaeos
1423 837 1559 875 sabbati
1574 838 1674 886 lege,
1701 839 1857 886 populus
1879 837 1962 879 ille,

584 889 624 926 ni
647 889 745 925 Deus
769 888 1021 937 prodigialiter
1044 888 1269 932 subveniret,
1296 899 1371 924 erat
1396 887 1561 923 adversus
1584 889 1663 923 suos
1689 887 1805 923 hostes
1830 887 1964 922 invali-

587 939 660 975 dus.
685 938 787 974 Licet
809 938 904 974 enim
926 933 1000 973 vim
1024 937 1067 972 ab
1094 937 1253 973 hostibus
1276 937 1334 973 die
1359 937 1496 973 sabbati
1521 937 1654 972 illatam
1678 937 1791 985 posset
1814 936 1962 984 repelle-

584 1002 621 1024 re
636 1015 643 1028 ‚
673 987 768 1024 nefas
786 998 905 1023 tamen
926 987 1079 1023 ducebat
1098 987 1156 1023 die
1173 987 1238 1023 illo
1255 1016 1264 1030 ,
1287 987 1421 1023 etiamst
1438 987 1540 1023 locus
1559 987 1766 1036 tempusque
1784 986 1962 1029 faverent,

583 1037 720 1073 hostem
744 1037 915 1087 adgredi3
939 1050 984 1073 ne
1006 1036 1109 1072 licuit
1134 1037 1278 1085 quidem
1298 1037 1487 1085 operibus,
1512 1049 1590 1086 quae
1612 1036 1722 1072 hostis
1749 1036 1805 1072 die
1828 1035 1964 1072 sabbati

582 1086 798 1134 apparabat,
827 1099 972 1123 nocere.
1007 1086 1097 1123 Inde
1131 1086 1327 1135 Josephus,
1357 1088 1470 1135 Antiq.
1495 1088 1570 1122 Jud.
1596 1087 1705 1129 XIV,
1732 1098 1768 1133 4.
1800 1099 1896 1121 num.
1923 1098 1960 1122 2.

582 1138 743 1184 Α”ρχεκτας
769 1137 829 1185 7⁵2?
854 1137 963 1181 μάχης
987 1136 1013 1174 ᾧ.
1043 1140 1204 1176 τᾴπἹοντας
1237 1141 1401 1181 οἰμύναιθοᾳ
1421 1140 1536 1172 δίδωσιν
1563 1143 1575 1172 ὃ
1604 1138 1687 1180 νόμος
1706 1164 1716 1177 ,
1752 1137 1831 1170 ἄλλο
1863 1141 1895 1170 ‹Pe'
1930 1154 1962 1170 τι

581 1189 711 1235 ἐρῶντας
738 1187 793 1226 τὲς
817 1191 963 1230 mmmm
987 1190 1024 1221 ἐκ
1047 1190 1094 1231 ἐξ.
1121 1186 1236 1232 Quod
1260 1186 1342 1222 cum
1367 1186 1584 1234 perspet‘lum
1608 1185 1690 1222 effet
1711 1185 1859 1221 ducibus
1883 1183 1963 1220 Ro-

580 1235 693 1271 manis
717 1262 727 1278 ‚
770 1236 812 1272 ea
850 1236 1026 1285 religione
1062 1236 1229 1272 adversus
1264 1235 1407 1272 Judaeos
1441 1235 1640 1272 utebantur.
1672 1235 1730 1271 Sic
1768 1234 1962 1283 Pompeius

582 1287 735 1334 Magnus
760 1285 896 1320 sabbati
921 1286 1045 1322 diebus
1069 1287 1191 1335 pugna
1213 1285 1405 1322 abstinuit:
1437 1285 1496 1322 sed
1523 1298 1585 1333 per
1607 1286 1674 1321 hos
1696 1285 1790 1328 dies,
1819 1284 1961 1326 vineas,

581 1347 748 1384 aggeres,
777 1346 906 1378 turres,
929 1335 1031 1370 fossas
1053 1335 1224 1383 parabat,
1255 1335 1384 1384 quibus
1399 1335 1592 1385 tranquille
1611 1334 1807 1383 dispositis,
1835 1333 1962 1382 postri-

581 1384 639 1420 die
664 1383 806 1420 Judaeos
828 1384 1023 1421 lacessebat.
1048 1386 1129 1421 Hac
1149 1396 1221 1421 arte
1237 1385 1493 1433 Hierosolyma
1507 1413 1516 1428 ‚
1533 1384 1795 1420 munitissimam
1815 1383 1936 1419 urbem
1950 1410 1962 1426 ‚

580 1433 688 1482 cepit.
716 1434 860 1482 Joseph.
886 1435 962 1469 ibid.
987 1447 1083 1469 num.
1111 1448 1143 1482 3.
1173 1434 1312 1470 Contra
1337 1434 1472 1470 Cestius
1498 1434 1643 1476 Gallus,
1671 1433 1831 1482 negleaa
1849 1433 1891 1469 ea
1913 1445 1966 1469 re-

579 1483 719 1532 ligione
735 1511 745 1526 ‚
773 1483 830 1519 die
856 1483 991 1518 sabbati
1011 1483 1204 1519 exercitum
1221 1483 1320 1518 suum
1344 1483 1423 1518 urbi
1446 1483 1634 1524 admovit3
1663 1487 1695 1519 ὅ(
1720 1483 1786 1518 illo
1805 1483 1884 1530 ipso
1903 1482 1962 1519 die

578 1532 716 1568 sabbati
740 1545 760 1567 a
783 1532 912 1569 Judaeis
935 1532 1047 1568 vietus
1070 1532 1129 1568 est.
1152 1531 1296 1580 Joseph.
1321 1533 1406 1568 Bell.
1427 1533 1503 1569 sud.
1529 1531 1591 1574 II,
1623 1545 1680 1578 19.
1704 1544 1800 1567 num.
1827 1544 1841 1566 1
1869 1534 1902 1567 ὃς
1926 1544 1962 1566 2.

580 1582 708 1624 Titus,
740 1581 847 1618 Cestii
873 1582 974 1618 clade
996 1582 1166 1625 edoe'tus,
1200 1581 1366 1630 Pompeii
1389 1581 1544 1630 vestigiis
1574 1580 1711 1616 institit.
1746 1579 1860 1627 Quod
1891 1593 1964 1616 ma-

581 1631 744 1668 nifestum
767 1631 853 1667 facit
875 1643 953 1668 tota
974 1631 1317 1681 Hierosolymitanae
1341 1631 1538 1667 obsidionis
1563 1631 1667 1667 ratio.
1693 1630 1725 1665 Is
1751 1630 1844 1666 enim
1860 1657 1870 1673 ,
1898 1643 1964 1678 pa·-

580 1681 662 1717 ratis
682 1679 907 1731 admotisque
926 1682 1100 1717 machinis
1115 1709 1124 1725 ,
1153 1681 1237 1717 dum
1255 1681 1401 1731 vigebat
1418 1681 1596 1716 Paschatis
1613 1680 1818 1724 celebritas,
1837 1679 1962 1717 urbem

583 1744 793 1780 oppugnare
819 1732 933 1780 coepit
960 1731 1017 1768 die
1044 1744 1106 1768 22.
1142 1730 1299 1780 Aprilis,
1329 1743 1407 1781 quae
1435 1741 1509 1767 erat
1536 1730 1610 1766 dies
1636 1730 1846 1766 Dominica.
1877 1729 1963 1766 Per-

582 1792 689 1828 rupto
714 1794 842 1825 muro,
871 1782 1021 1830 primam
1047 1781 1143 1817 urbis
1175 1792 1312 1830 partem
1346 1780 1542 1830 occupavit
1579 1780 1636 1816 die
1670 1779 1870 1816 Dominica
1891 1807 1902 1823 ,
1937 1782 1962 1815 6

582 1830 683 1866 Maii.
711 1831 871 1866 Alteram
902 1831 998 1866 urbis
1027 1842 1162 1879 partem
1196 1832 1293 1879 cepit
1321 1830 1378 1867 die
1404 1831 1553 1871 Martis,
1589 1840 1631 1878 15
1670 1829 1771 1866 Maii.
1803 1829 1960 1866 Maxima

580 1880 836 1929 tranquillitate
858 1883 891 1917 ὃς
916 1881 1096 1918 celeritate
1123 1893 1214 1929 opus
1247 1881 1316 1916 fuit
1333 1909 1341 1923 ,
1369 1891 1409 1916 ut
1430 1880 1565 1916 vallum
1588 1879 1668 1915 urbi
1691 1879 1926 1916 circumdaret
1948 1906 1962 1922 ,

581 1929 627 1964 ad
654 1929 691 1965 id
713 1930 832 1978 operis
856 1930 961 1966 Titus
988 1930 1169 1979 insumpsit
1191 1931 1285 1968 diem
1314 1930 1451 1966 sabbati
1476 1933 1509 1966 &
1539 1930 1723 1979 sequentes
1762 1929 1852 1965 duos
1886 1928 1960 1964 dies

580 1978 863 2027 Septimanarum
881 1980 940 2017 seu
958 1980 1181 2017 Pente-costes
1195 2007 1204 2024 ,
1232 1993 1360 2028 nempe
1386 1993 1408 2016 2
1422 2008 1431 2023 ‚
1462 1993 1479 2026 3
1510 1982 1543 2016 ὃς
1562 1992 1587 2027 4
1610 1979 1706 2016 Junii
1721 2008 1730 2024 ,
1755 1990 1860 2028 atque
1880 1978 1963 2028 qui-

581 2028 664 2064 dem
685 2029 774 2065 adeo
797 2041 1033 2078 properanter
1049 2057 1057 2071 ‚
1088 2041 1127 2066 ut
1149 2030 1270 2066 triduo
1295 2030 1429 2066 vallum
1446 2030 1487 2065 s1t
1511 2029 1723 2065 confeffllm.
1742 2028 1866 2064 Turris
1884 2030 1957 2063 An-

580 2078 684 2114 tonia
710 2090 813 2127 capta
838 2080 886 2116 est
911 2080 968 2116 die
988 2080 1112 2116 Martis
1127 2109 1136 2123 ,
1167 2091 1184 2127 3
1206 2079 1302 2116 Julii.
1321 2079 1511 2116 Incensum
1534 2078 1582 2115 est
1607 2079 1780 2126 templum
1803 2078 1860 2114 die
1878 2077 1957 2113 Do—

580 2127 714 2163 minica
729 2156 738 2171 ,
769 2141 785 2177 5
813 2129 973 2179 Augusti.
998 2129 1154 2166 Demum
1178 2129 1236 2166 die
1260 2129 1422 2171 sabbati,
1456 2142 1469 2165 1
1500 2128 1714 2177 Septembris
1732 2156 1741 2171 ,
1777 2128 1960 2164 machinas

582 2177 661 2212 urbi
692 2177 864 2226 superiori
897 2179 1060 2215 admovit
1083 2180 1214 2222 Titu33
1241 2182 1275 2215 &
1297 2178 1491 2227 postridie,
1520 2178 1719 2214 Dominica
1746 2191 1874 2226 nempe
1904 2178 1959 2213 se-

580 2227 727 2275 quenti,
754 2240 775 2263 2
801 2228 1035 2276 Septembris,
1065 2242 1142 2266 eam
1171 2229 1267 2277 cepit
1289 2233 1323 2265 ὃς
1346 2228 1518 2265 incendit.
1545 2228 1604 2264 Sic
1628 2228 1764 2276 periere
1785 2227 1959 2264 Hieroso-

580 2276 690 2325 lyma.
707 2277 869 2317 Judaeos,
899 2278 961 2314 sub
983 2279 1057 2327 ipsa
1074 2279 1245 2315 tumultus
1264 2278 1366 2314 initia
1380 2307 1390 2322 ,
1414 2278 1536 2313 frustra
1556 2288 1744 2314 monuerat
1759 2276 1957 2325 Josephus,

579 2336 619 2361 ut
644 2338 663 2360 a
685 2326 781 2362 bello
802 2326 1028 2370 abstinerent,
1050 2329 1087 2363 in
1106 2341 1178 2377 quo
1200 2329 1311 2371 cert'e,
1328 2329 1410 2364 Deo
1430 2341 1506 2363 non
1524 2327 1687 2369 favente,
1709 2327 1953 2367 vincerentur,

576 2374 600 2409 fi
625 2375 770 2411 sabbata
794 2376 995 2413 servarent:
1019 2377 1042 2412 fi
1066 2391 1142 2414 non
1163 2378 1339 2415 servarent
1354 2406 1362 2421 ,
1388 2377 1521 2414 bellum
1545 2377 1611 2413 effe
1629 2376 1827 2412 absurdum.
1852 2376 1955 2420 Quo-

574 2425 689 2462 modo
714 2426 808 2463 enim
830 2439 898 2477 pro
923 2427 1002 2478 lege
1016 2456 1027 2472 ,
1056 2427 1213 2478 Deoque
1236 2427 1377 2478 auspice
1392 2456 1403 2473 ,
1434 2427 1632 2472 bellarent,
1654 2426 1678 2462 fi
1699 2426 1813 2476 legem
1836 2424 1955 2462 viola-
