2209 3047
514 316 544 339 A.
560 316 588 337 ι’.
599 314 627 338 C.

534 363 605 396 823.

534 411 558 435 J.
570 411 600 435 C.

541 466 596 495 70·

654 199 744 237 314.
923 182 972 222 C.
1030 179 1468 224 CORNELII
1526 178 1832 224 TACITI

654 278 764 304 more
791 264 973 303 humanae
997 262 1221 319 cupidinis,
1247 261 1315 302 fibi
1343 274 1495 301 tantam
1518 260 1689 302 fatorum
1718 264 2038 317 magnitudinem

651 328 929 383 interpretati,
958 340 1008 367 ne
1030 326 1196 368 adversis
1220 324 1382 379 quidem
1402 325 1452 366 ad
1479 339 1574 366 vera
1603 324 1871 366 mutabantur.
1891 327 2037 370 Multi-

652 391 834 433 tudinem
857 389 1098 431 obsessorum
1118 391 1247 430 onmis
1268 390 1390 430 aetatis
1404 417 1418 439 ‚
1445 387 1561 429 virile
1581 403 1628 429 ac
1648 388 1842 429 muliebre
1861 389 1972 432 secus
1995 397 2005 416 ¹
2022 410 2038 443 5

650 455 841 495 sexcenta
865 452 993 495 millia
1020 458 1034 475 ²
1062 453 1174 493 fuiffe
1205 453 1448 509 accepimus.
1475 452 1600 492 Arma
1623 453 1774 494 cunffis
1795 481 1809 503 ,
1843 454 1910 507 qui
1936 453 2038 495 ferre

650 517 828 574 possent:
858 521 899 558 &
920 516 1078 573 plures,
1110 515 1227 570 quam
1254 531 1327 572 pro
1354 529 1524 557 numero
1554 521 1593 566 ³,
1619 515 1830 557 audebant.
1853 515 2040 558 Obstina-

648 583 709 622 tio
739 582 834 622 viris
856 580 1094 635 feminisque
1120 595 1187 637 par
1207 597 1214 619 :
1247 594 1323 630 ac,
1352 579 1379 619 fi
1405 579 1614 621 transferre
1638 579 1748 621 sedes
1770 593 2039 634 cogerentur,

648 642 777 698 major
795 646 885 687 vitae
909 657 1038 685 metus
1062 649 1078 672 4
1091 673 1105 694 ,
1126 642 1245 697 quam
1264 645 1418 685 mortis.
1439 645 1561 685 Hanc
1580 642 1765 685 adversus
1785 642 1923 685 urbem
1943 658 2036 699 gen-

648 721 811 762 temque
849 707 978 748 Caesar
1014 707 1161 757 Titus,
1195 706 1356 761 quando
1389 708 1585 763 impetum
1619 710 1659 747 ὃ(
1691 706 1820 747 subita
1844 705 1941 748 belli
1975 704 2037 747 lo-

647 786 718 813 cus
744 771 959 821 abnueret,
985 769 1196 826 aggeribus
1221 769 1427 823 vineisque
1447 784 1598 811 certare
1619 771 1764 810 statuit.
1786 770 2037 810 Dividuntur

643 832 872 890 legionibus
892 834 1027 874 munia
1041 862 1055 885 ‚
1083 836 1122 874 ὃ(
1143 835 1253 887 quies
1276 832 1512 889 proeliorum
1533 833 1633 880 fuit3
1653 833 1785 874 donec
1807 833 1948 873 cuneta
1967 846 2036 873 ex-

644 896 869 954 pugnandis
892 896 1055 938 urbibus
1081 910 1237 952 reperta
1260 897 1366 953 apud
1394 911 1548 940 veteres
1563 926 1576 948 ,
1607 910 1674 938 aut
1702 896 1818 936 novis
1837 896 2035 951 ingeniis,

645 962 886 1000 struerentur
904 963 932 999 5.

706 1023 833 1065 XIV.
868 1023 942 1062 AT
971 1021 1114 1062 Civilis
1130 1051 1143 1072 ,
1169 1023 1254 1079 post
1274 1022 1422 1064 malam
1443 1024 1486 1063 in
1505 1022 1692 1062 Treveris
1713 1035 1890 1077 pugnam
1909 1018 1952 1071 ⁶,
1975 1034 2036 1061 re·-

641 1099 781 1142 parato
802 1100 871 1141 per
893 1086 1152 1126 Germaniam
1177 1087 1384 1137 exercitu,
1407 1085 1512 1142 apud
1536 1086 1685 1125 Vetera
1706 1089 1720 1111 ⁷
1745 1083 1952 1130 consedit3
1974 1097 2035 1124 tu-

641 1161 705 1190 tus
732 1147 828 1190 loco
841 1179 855 1199 ‚
883 1153 923 1190 &
948 1161 995 1189 ut
1016 1147 1210 1190 memoria
1239 1151 1517 1206 prosperarum
1541 1146 1628 1189 illic
1653 1161 1784 1188 rerum
1800 1177 1814 1198 ,
1843 1146 2034 1201 augesce-

641 1224 732 1252 rent
754 1211 1011 1254 barbarorum
1027 1214 1162 1253 animi.
1185 1214 1357 1254 Secutus
1378 1214 1431 1254 est
1446 1212 1590 1253 eodem
1607 1210 1776 1252 Cerialis
1793 1240 1803 1261 ,
1818 1210 2033 1266 duplicatis

642 1276 791 1331 copiis,
812 1275 989 1317 adventu
1008 1276 1190 1317 secunda:
1210 1280 1250 1317 &
1271 1277 1388 1318 sextae
1408 1280 1448 1317 &
1469 1274 1781 1330 quartaedecimae
1808 1272 2032 1328 legionum.

641 1337 925 1394 Cohortesquc
948 1343 989 1380 ὃ(
1015 1338 1084 1380 alae
1097 1370 1112 1391 ‚
1138 1339 1377 1398 jampridem
1403 1340 1540 1381 accitae
1555 1368 1569 1390 ‚
1596 1338 1683 1394 post
1706 1338 1912 1378 victoriam
1935 1352 2031 1393 pro-

639 1453 797 1492 reputanti
808 1454 1087 1490 manifestum,hoc
1097 1455 1225 1485 oraculo
1233 1455 1315 1486 aliis·
1355 1453 1520 1489 sessorum,
1536 1461 1664 1484 centum
1682 1451 1910 1492 quinquaginta
1929 1450 2030 1483 millia

640 1503 702 1531 que
724 1493 866 1532 plurimis
883 1493 1123 1534 praenuntiatum
1146 1494 1232 1525 fuiffe
1246 1495 1315 1526 Jesu
1354 1493 1434 1524 ferre
1457 1502 1542 1524 arma
1572 1500 1728 1531 poterant.
1752 1494 1814 1528 Ar,
1841 1492 1883 1521 ob
1913 1490 2029 1522 fanati-

640 1531 754 1562 Christi
768 1544 897 1572 regnum
912 1558 921 1571 ‚
931 1533 999 1572 quod
1007 1533 1035 1562 in
1048 1543 1180 1562 aeternum
1192 1544 1245 1563 non
1259 1533 1314 1573 dis·
1354 1543 1426 1564 cum
1438 1533 1616 1562 Judaeorum
1626 1531 1765 1562 furorem
1775 1554 1784 1567 ,
1801 1530 1902 1569 plures
1912 1553 1921 1567 ,
1934 1531 2030 1569 quam

628 1571 779 1611 fipahitur.
789 1573 915 1604 Daniel.
926 1575 953 1603 ΙΙ
968 1597 977 1610 ,
990 1584 1040 1611 44.
1053 1573 1112 1603 Sed
1121 1573 1159 1603 de
1171 1572 1217 1603 his
1228 1574 1314 1613 plura
1354 1583 1410 1610 pro
1432 1571 1495 1602 hoc
1517 1580 1649 1602 numero
1659 1593 1668 1607 ‚
1689 1570 1855 1600 audebant.

641 1611 675 1641 in
699 1611 797 1642 Notis
821 1613 855 1644 δε
875 1612 1157 1644 Emendationibus
1179 1613 1219 1643 ad
1239 1613 1313 1644 Hist.
1393 1615 1409 1635 4
1429 1612 1545 1643 Mmon
1565 1620 1648 1642 virm
1663 1619 1765 1639 Miz-rus
1779 1611 1794 1647 ]
1809 1609 1844 1638 ld
1857 1618 1952 1639 unum
1965 1618 2029 1640 me·-

638 1653 686 1687 V,
711 1661 756 1687 13.
1353 1651 1488 1681 tuebant
1510 1660 1550 1680 ne
1565 1649 1636 1680 urbi
1657 1648 1842 1688 temploque
1857 1648 2028 1687 superstites

679 1695 687 1708 ¹
712 1692 829 1721 vnum
853 1701 892 1720 Ac
915 1702 1075 1722 mumanae
1097 1691 1261 1729 szcus]1d
1273 1691 1314 1722 est
1353 1690 1510 1721 viverent.
1534 1688 1614 1720 Vide
1639 1688 1779 1719 Dionem
1811 1689 1930 1718 LXVI.
1957 1697 2027 1728 pag.

637 1728 736 1759 virilis
756 1739 792 1760 ac
805 1730 967 1762 muliebris
983 1731 1071 1762 sexus
1082 1755 1092 1770 ‚
1107 1740 1142 1763 ut
1151 1731 1238 1771 supra
1248 1733 1313 1762 An-
1352 1732 1424 1769 748.
1447 1729 1524 1760 Inde
1540 1728 1700 1768 hodieque
1713 1728 1747 1759 &
1766 1727 1800 1757 in
1818 1727 1883 1766 ipso
1899 1727 2028 1758 excidio

636 1768 698 1799 nal.
721 1771 762 1800 lv
775 1792 784 1806 ‚
806 1772 859 1799 62.
1351 1768 1464 1800 Judaeis
1482 1776 1588 1799 manet
1603 1770 1697 1808 quam
1708 1766 1862 1811 maximus
1873 1766 1959 1797 urbis
1973 1768 2026 1797 Je-

677 1811 688 1824 ²
711 1810 729 1839 S
745 1820 760 1838 E
774 1820 794 1839 x
808 1820 824 1839 c
840 1819 855 1838 E
868 1819 886 1839 u
902 1819 920 1839 τ
933 1821 951 1839 Α
986 1820 1009 1839 M
1026 1820 1036 1839 1
1050 1822 1066 1840 ι
1082 1822 1098 1840 ι
1112 1821 1122 1840 1
1138 1821 1156 1840 A
1179 1810 1194 1846 ]
1224 1810 1313 1849 Mag·
1350 1808 1483 1840 rusalem
1515 1817 1624 1845 amor,
1643 1807 1737 1847 quam
1763 1815 1899 1837 mamma
1922 1815 2026 1840 vene-,

636 1855 692 1877 nus
732 1847 861 1888 quidem
895 1857 1041 1879 numerus
1059 1874 1069 1887 ,
1102 1848 1125 1879 fi
1161 1847 1312 1888 speetetur
1351 1848 1444 1879 ratio.

636 1887 720 1917 urbis
764 1887 1060 1928 Hierosolymorum
1093 1888 1277 1927 magnitudo
1301 1912 1310 1926 ‚
1392 1893 1401 1915 5
1424 1889 1442 1918 S
1453 1898 1471 1917 τ
1484 1898 1533 1917 Ru
1547 1898 1563 1917 E
1576 1897 1596 1916 R
1609 1896 1625 1916 E
1638 1897 1656 1916 u
1670 1896 1689 1915 τ
1700 1897 1719 1916 υ
1733 1885 1778 1922 R]
1791 1885 1943 1915 Hactenus
1961 1885 2024 1916 Ta-⁴

636 1935 729 1964 quarn
753 1926 889 1958 vidimus
916 1928 1005 1968 supra
1030 1937 1095 1966 cap.
1118 1937 1166 1958 12.
1192 1935 1261 1959 not.
1284 1937 1310 1967 5.
1351 1926 1449 1958 citum
1470 1926 1608 1962 secutus,
1633 1925 1759 1964 ejusque
1780 1924 1947 1962 exemplo,
1966 1925 2024 1954 Ju-

634 1968 675 1995 At
694 1965 843 2004 Josephus
865 1967 944 1997 Bell.
966 1967 1035 1998 Jud.
1055 1968 1162 2003 VI‚9.
1181 1977 1268 1997 num.
1283 1977 1310 2005 3.
1351 1966 1452 1997 daicas
1473 1976 1521 1996 res
1544 1965 1611 1996 fuse
1636 1964 1815 2003 prosecutus
1834 1963 1916 1993 sum:
1935 1973 2023 2007 'nunc

634 2004 678 2034 ait
700 2005 733 2034 in
752 2005 808 2036 hac
837 2005 1004 2037 obsidione
1024 2006 1143 2046 periiffe
1163 2007 1309 2038 undecies
1350 2005 1438 2042 juvat
1464 2004 1653 2036 coronidem
1670 2004 1835 2039 adtexere,
1852 2003 1886 2033 &
1911 2003 2023 2033 Smen-

634 2052 767 2075 centena
788 2044 887 2076 millia
916 2045 1103 2083 hominum,
1134 2056 1306 2083 1‚100‚000.
1347 2044 1423 2075 lium
1436 2045 1616 2076 Judaeorum
1633 2050 1838 2073 monumenta
1851 2065 1860 2079 ‚
1876 2041 2022 2072 nondum

632 2083 713 2113 Vide
735 2094 808 2123 ergo
827 2085 926 2115 Notas
953 2086 987 2116 &
1010 2086 1254 2116 Emendationes
1267 2087 1306 2116 ad
1346 2084 1449 2121 edita,
1471 2083 1639 2123 publicare.
1659 2084 1727 2113 Nec
1743 2081 1898 2125 eruditum
1923 2081 2019 2111 lecto-

632 2122 706 2152 Hist.
716 2125 742 2154 V
752 2146 760 2159 ‚
775 2133 819 2161 ¹3·
834 2124 889 2154 ubi
904 2123 996 2155 fufius
1009 2125 1129 2156 dicetur
1147 2126 1185 2155 de
1199 2135 1307 2156 nurne-
1345 2134 1410 2161 rem
1434 2123 1554 2163 pigebit
1584 2124 1801 2153 Romanorum
1830 2119 2018 2151 Smenfium-

632 2171 669 2192 πο
693 2161 1071 2204 incolarum‚eorumque
1091 2164 1145 2204 qui
1164 2173 1306 2203 tempore
1345 2173 1406 2203 que
1432 2164 1470 2194 de
1496 2162 1607 2193 Judaeis
1633 2160 1749 2200 judicia
1783 2159 1926 2204 conferre
1950 2183 1958 2196 ‚
1982 2159 2018 2189 ὃς

633 2200 784 2233 Paschatis
798 2202 857 2232 huc
875 2204 1099 2234 confluebant:
1122 2204 1210 2235 fimul
1225 2214 1306 2244 quo-
1345 2211 1413 2233 utra
1434 2203 1502 2242 plus
1519 2201 1690 2241 aequitatis,
1713 2200 1781 2238 plus
1801 2207 1939 2229 veritatis
1964 2197 2017 2228 ha-

632 2249 694 2279 que
707 2265 715 2279 ‚
731 2250 809 2281 quot
832 2241 865 2272 in
886 2242 1053 2274 obsidione
1078 2243 1305 2283 Hierosolymi-
1343 2243 1440 2273 beant
1452 2242 1639 2282 expendere.
1655 2239 1736 2270 Vide
1751 2239 2018 2270 Notas&Emen-

632 2279 704 2310 tana
725 2289 860 2320 totoque
886 2282 973 2312 bello
999 2282 1129 2313 Judaico
1154 2283 1303 2322 perierint
1344 2282 1486 2312 dationes
1503 2282 1541 2312 ad
1558 2281 1632 2311 Hist.
1646 2283 1695 2315 V,
1714 2289 1762 2316 13-
1900 2316 1907 2322 s
1970 2314 1975 2320 ,

631 2319 777 2350 homines
790 2344 798 2357 ‚
815 2321 1034 2352 recensebitur.
1381 2323 1395 2341 ὗ
1416 2323 1450 2352 ΙΝ
1462 2322 1632 2354 Tnsvssms
1650 2328 1778 2350 ιὐοκΑΜ
1792 2318 1805 2354 ]
1818 2318 1925 2356 Supra,
1938 2315 2014 2346 Hlst·

671 2364 680 2384 ³
705 2361 822 2390 Pauus
834 2383 842 2397 ,
858 2372 947 2395 QUAM
962 2371 1020 2391 pao
1037 2363 1195 2398 nummo]
1211 2363 1302 2392 Juxta
1341 2362 1404 2397 lv,
1423 2370 1475 2399 77.
1898 2375 1900 2378 ¹

631 2408 832 2429 communem
852 2400 1006 2438 regulam,
1027 2400 1087 2439 qua
1106 2407 1214 2439 quarta
1234 2410 1301 2439 pars
1380 2405 1393 2422 ⁷
1424 2402 1512 2429 Apum
1546 2400 1677 2429 Verum
1699 2397 1714 2433 J
1748 2398 1861 2427 Vetera
1898 2393 2013 2438 castra,

629 2437 762 2478 militat,
782 2438 805 2470 fi
822 2438 941 2471 fuerint
962 2439 1105 2471 sexcenta
1123 2438 1224 2470 millia
1241 2440 1300 2471 ob·
1340 2448 1423 2470 nunc
1447 2437 1574 2476 Samen,
1593 2446 1611 2469 a
1631 2435 1732 2467 Civili
1754 2441 1841 2475 capta
1862 2433 1942 2464 olim
1961 2433 2013 2462 di-

2092 528 2116 570 5

2067 844 2117 871 10

2064 1157 2112 1196 ¹5
