2209 3047
606 212 696 262 556
786 203 1008 245 NOTAE
1052 198 1138 241 ET
1181 197 1783 245 EMENDATIONES

596 285 680 321 curn
705 280 829 329 templi
854 278 1039 317 exterioris
1065 281 1098 314 ὃς
1122 277 1226 314 turris
1251 275 1425 313 Antoniae
1449 276 1622 313 ambitum
1649 278 1707 314 sex
1740 278 1858 316 stadiis
1885 292 1986 320 com-

596 331 798 382 prehendit.
821 335 854 365 O‘
881 335 912 365 δὲ
935 332 997 368 παῖς
1024 334 1131 367 κύκλος
1158 331 1255 364 αὐτῆἶν
1285 333 1323 365 εἷς
1347 327 1381 371 ’ἐξ
1406 331 1515 368 ςαδγυς
1542 332 1766 378 συνεμετρεῖτο,
1794 337 1987 379 περιλαμξα..

596 388 710 427 rostaim:
735 381 761 418 (ἐξ
785 387 837 418 τῆς
864 382 1023 419 Αντωνιάις.
1047 378 1193 427 JOseph.
1216 376 1305 412 Bell.
1332 375 1411 412 JUd-
1437 376 1495 420 V,
1528 390 1563 424 5.
1590 391 1686 414 num.
1718 392 1754 415 2.
1785 379 1895 416 Unde
1926 382 1985 418 CI.

594 430 790 472 Danville,
815 429 1092 476 Diſjkrtationsur
1110 429 1282 463 L’ancienne
1299 426 1473 473 Je‘rusalem
1488 455 1497 471 ‚
1521 440 1601 476 pag.
1625 440 1677 476 54
1691 457 1699 472 ‚
1726 428 1900 466 existimat
1917 443 1986 479 pro

595 482 631 525 ’ἐξ
655 481 743 515 olim
766 479 861 515 forte
885 478 1054 529 scriptum
1076 477 1172 513 fuiffe
1195 482 1296 519 ὃέκας
1322 476 1373 512 ita
1396 487 1435 512 ut
1459 478 1645 514 exterioris
1670 479 1796 527 templi
1820 483 1853 515 ὃς
1881 481 1987 517 turris

593 530 765 566 Antonia:
793 529 945 565 ambitus
973 528 1079 565 fuerit
1112 526 1417 576 septingentarum
1456 527 1639 578 sexaginta
1677 529 1943 577 hexapedarum
1972 559 1984 575 ‚

594 580 739 617 Gallice
763 580 840 626 760
867 581 966 627 toises.
992 577 1106 624 Quod
1131 576 1179 613 ob
1204 577 1308 612 turris
1328 576 1500 613 Antoniae
1516 606 1525 621 ‚
1554 588 1709 627 quatuor
1728 578 1805 614 aliis
1830 579 1986 617 turribus

591 630 741 666 munitae
757 658 766 673 ‚
796 628 1069 678 amplitudinem
1085 654 1094 669 ‚
1124 627 1240 663 minus
1259 627 1381 676 potius
1397 655 1406 670 ,
1436 628 1540 677 quam
1560 630 1670 677 majus
1688 628 1913 665 crediderim.
1933 632 1984 667 At

591 680 671 715 haec
695 680 738 716 de
763 680 888 728 templi
909 677 1174 723 magnificentia
1192 680 1225 713 δε
1243 677 1480 725 amplitudine
1495 705 1504 721 ‚
1530 691 1616 727 quas
1637 678 1740 714 multi
1764 679 1894 715 eruditi
1912 679 1984 716 viri

591 730 731 766 eximiis
753 730 922 779 operibus
946 727 1164 765 illustravere
1178 753 1188 771 ‚
1215 726 1281 763 sint
1303 727 1395 763 satis.
1423 729 1506 777 Ejus
1527 728 1716 778 opulentia
1735 729 1843 765 nobis
1865 730 1982 779 potis-

589 779 715 816 fimum
741 778 972 829 exploranda.

641 831 684 865 In
705 830 782 878 ipso
803 828 925 877 templi
945 828 1130 865 exterioris
1149 828 1248 865 aditu
1262 857 1272 871 ,
1298 828 1511 865 occurrebat
1529 829 1719 865 Orientem
1735 829 1855 866 versus
1873 839 1979 877 porta

588 879 735 928 triginta
758 879 900 915 cubitos
922 878 1013 922 alta,
1042 881 1075 915 &
1097 878 1229 928 viginti
1252 879 1346 923 lata,
1376 881 1475 927 cujus
1496 880 1590 915 fores
1609 892 1677 915 aere
1699 879 1898 915 Corinthio
1921 879 1980 915 fo-

587 929 684 965 ribus
707 940 855 978 argento
881 941 1041 977 auroque
1065 928 1230 965 obduffis
1253 939 1354 966 erant
1377 929 1492 965 multo
1522 929 1795 979 praestantiores,
1829 928 1976 978 Joseph.

586 979 669 1016 Bell.
695 980 767 1014 Jud.
797 979 852 1022 V,
886 990 916 1027 5.
945 992 1042 1014 num.
1082 990 1118 1025 3.

637 1029 669 1064 A
686 1028 821 1077 templo
846 1029 1022 1064 exteriore
1039 1056 1048 1072 ,
1064 1028 1126 1064 ubi
1142 1028 1269 1064 atrium
1290 1040 1365 1066 erat
1378 1029 1539 1078 gentium
1553 1057 1561 1073 ‚
1580 1030 1625 1065 ad
1640 1029 1787 1066 interius
1803 1029 1977 1078 templum

583 1078 796 1114 adeuntibus
820 1078 888 1114 alia
910 1078 1168 1115 obversabatur
1181 1089 1287 1127 porta
1301 1108 1310 1122 ‚
1326 1079 1516 1116 Orientem
1540 1092 1686 1129 quoque
1710 1080 1831 1116 versus
1844 1106 1853 1122 ,
1873 1079 1977 1129 quin-

582 1129 754 1178 quaginta
780 1128 923 1165 cubitos
944 1129 1015 1164 alta
1028 1157 1037 1172 ‚
1058 1132 1091 1165 ὃς
1110 1129 1347 1177 quadraginta
1365 1129 1446 1166 lata.
1466 1129 1548 1175 Ejus
1566 1129 1660 1165 fores
1678 1129 1880 1165 craffiffimis
1898 1129 1974 1164 auri

582 1180 790 1228 argentique
814 1179 956 1214 laminis
980 1178 1127 1215 vestitae.
1153 1179 1197 1214 In
1220 1179 1457 1215 Meridionali
1488 1179 1853 1228 Septemtrionalique
1877 1179 1974 1226 ejus-

580 1228 660 1263 dem
685 1228 811 1277 templi
836 1229 1004 1266 lateribus
1031 1231 1114 1265 osto
1141 1228 1219 1264 aliae
1247 1240 1346 1265 erant
1373 1240 1489 1278 portae
1517 1257 1526 1273 ,
1562 1229 1686 1266 eadem
1709 1257 1718 1272 ‚
1761 1230 1831 1279 qua
1860 1229 1974 1265 modo

577 1278 669 1313 dieta
696 1279 882 1315 exterioris
906 1278 1031 1327 templi
1061 1289 1192 1327 porta,
1223 1279 1505 1328 magnitudine:
1544 1292 1663 1316 earum
1700 1292 1846 1330 quoque
1878 1280 1974 1316 fores

575 1340 664 1363 auro
680 1341 903 1379 argentoque
930 1328 1077 1365 onustae.
1102 1328 1248 1377 Joseph.
1274 1329 1347 1367 loc.
1378 1329 1439 1365 cit.
1659 1368 1665 1383 Ι

620 1378 665 1412 In
694 1379 866 1415 interiore
889 1379 964 1415 hoc
988 1379 1126 1427 templo
1153 1390 1228 1415 erat
1251 1379 1380 1415 atrium
1405 1379 1612 1416 Judceorum
1628 1408 1637 1424 ‚
1667 1393 1727 1417 ara
1748 1409 1757 1425 ‚
1798 1383 1832 1416 ὃς
1859 1392 1971 1429 Ρεηε-

571 1427 660 1463 trale
677 1454 685 1469 ‚
717 1428 818 1477 quod
842 1431 993 1464 Sanffum
1019 1431 1052 1464 ὃς
1076 1430 1226 1463 δαηὲἶιιιη
1250 1429 1437 1464 δαηὲἶονιιιη
1467 1429 1664 1465 dicebatur.
1692 1430 1788 1466 Illud
1811 1441 1972 1478 penetra-

572 1476 606 1512 le
622 1505 630 1519 ‚
659 1489 697 1513 ut
723 1479 905 1514 sanffitate
922 1506 931 1522 ‚
960 1479 1008 1513 ita
1033 1488 1207 1526 apparatu
1233 1481 1265 1513 ὅς
1291 1478 1481 1526 opulentia
1505 1490 1579 1514 erat
1613 1480 1847 1529 praecipuum.
1885 1479 1970 1526 Ejus

573 1525 696 1570 frons,
730 1528 873 1564 Orienti
909 1527 1085 1571 obversa,
1114 1527 1185 1562 lata
1209 1527 1354 1563 cubitos
1380 1537 1521 1563 centum
1539 1555 1548 1569 ‚
1577 1529 1734 1564 totidem
1762 1529 1856 1570 alta,
1889 1539 1969 1565 tota

574 1589 662 1612 auro
689 1577 898 1627 refulgebat.
923 1578 1043 1626 Ipsum
1069 1590 1216 1627 quoque
1243 1577 1355 1613 totius
1380 1577 1570 1625 penetralis
1595 1577 1772 1627 fastigium
1790 1605 1798 1620 ‚
1819 1578 1933 1614 aureis
1956 1605 1967 1620 ,

574 1626 634 1662 sed
658 1628 880 1671 acutissimis,
911 1627 1065 1664 verubus
1088 1626 1282 1669 horrebat,
1311 1640 1355 1663 ne
1380 1627 1424 1662 ab
1449 1626 1683 1662 insidentibus
1703 1628 1830 1663 avibus
1849 1627 1969 1676 inqui-

573 1688 724 1713 naretur.
751 1680 834 1725 Ejus
860 1688 963 1726 porta
991 1688 1065 1714 erat
1092 1669 1317 1726 septuaginta
1335 1677 1480 1713 cubitos
1496 1677 1567 1712 alta
1580 1705 1589 1720 ,
1609 1678 1767 1726 quinque
1785 1681 1817 1713 δε
1836 1677 1967 1727 viginti

573 1725 669 1769 lata,
701 1727 758 1763 cui
784 1729 892 1764 nullae
928 1739 1048 1764 tamen
1073 1727 1191 1771 fores,
1222 1739 1260 1763 ut
1296 1727 1375 1763 caeli
1411 1726 1548 1775 semper
1567 1729 1738 1775 ‘patentis
1772 1727 1966 1777 imaginem

574 1776 727 1813 referret.
752 1778 841 1815 Inde
865 1789 940 1814 erat
963 1777 1168 1826 prospectus
1201 1777 1239 1812 in
1263 1778 1415 1826 primam
1454 1777 1644 1825 penetralis
1676 1788 1815 1827 partem
1848 1783 1862 1823 (
1898 1789 1965 1815 tres

573 1826 667 1861 enim
700 1827 736 1863 in
766 1839 882 1876 partes
908 1828 1138 1864 dividebatur
1167 1828 1350 1876 penetrale
1376 1834 1389 1871 )
1423 1827 1529 1863 altam
1555 1826 1649 1863 intus
1678 1827 1819 1863 cubitos
1846 1840 1965 1864 nona-

570 1876 690 1923 ginta,
718 1878 865 1927 longam
885 1878 1147 1928 quinquaginta
1162 1906 1170 1921 ,
1200 1877 1333 1928 viginti
1351 1877 1469 1914 latam.
1494 1876 1604 1912 Porta
1623 1880 1657 1913 &
1673 1877 1789 1926 prima
1805 1877 1866 1913 illa
1883 1890 1963 1926 pars

569 1924 721 1962 interior
745 1928 935 1976 penetralis
961 1928 1121 1978 undique
1147 1940 1234 1964 auro
1261 1927 1499 1969 coruscabat3
1527 1929 1561 1962 &
1593 1926 1699 1975 supra
1729 1938 1872 1977 portam
1901 1941 1963 1964 ex-

569 1976 679 2023 pansa
704 1989 777 2014 erat
800 1978 882 2014 vitis
906 1978 967 2014 illa
993 1991 1097 2015 aurea
1113 2006 1123 2021 ‚
1146 1977 1241 2014 unde
1261 1978 1357 2015 botri
1376 1977 1504 2013 statura
1521 1976 1678 2013 humana
1694 1977 1960 2027 dependebant.

570 2024 713 2074 Joseph.
742 2030 854 2077 Antiq.
870 2029 946 2066 Jud.
967 2028 1054 2070 XV,
1095 2040 1152 2064 11.
1170 2041 1268 2063 num.
1300 2041 1334 2077 3.
1359 2031 1392 2064 &
1417 2029 1502 2063 Bell.
1527 2027 1602 2063 Jud.
1626 2027 1682 2071 V,
1724 2039 1759 2077 5.
1786 2040 1883 2064 num.
1919 2040 1958 2076 4.

568 2073 630 2111 De
654 2077 721 2112 hac
738 2078 810 2114 vire
836 2078 967 2114 dictum
999 2078 1079 2113 satis
1099 2078 1202 2127 supra
1220 2091 1299 2127 cap.
1322 2089 1353 2126 5.

623 2124 774 2162 Primam
800 2128 892 2164 hanc
922 2128 1112 2176 penetralis
1136 2139 1273 2177 partem
1299 2127 1503 2176 excipiebat
1529 2139 1610 2176 pars
1641 2127 1750 2164 altera
1774 2126 1928 2164 sanffior
1944 2154 1956 2171 ‚

567 2174 641 2210 alta
665 2176 809 2212 cubitos
838 2179 1017 2228 sexaginta
1035 2206 1045 2222 ,
1076 2178 1313 2228 quadraginta
1337 2178 1450 2227 longa
1466 2206 1474 2221 ‚
1504 2181 1538 2214 &
1556 2177 1689 2227 viginti
1715 2178 1799 2214 lata.
1827 2178 1956 2214 Aureae

568 2236 670 2261 erant
698 2227 771 2273 ejus
793 2227 909 2271 fores,
936 2228 1015 2264 altae
1037 2228 1182 2264 cubitos
1207 2228 1366 2278 quinque
1388 2231 1421 2264 ὃς
1450 2227 1714 2277 quinquaginta
1733 2255 1742 2270 ‚
1774 2226 1856 2262 latre
1881 2227 1955 2264 sex-

569 2274 686 2311 decim
708 2289 716 2311 :
736 2287 816 2313 ante
846 2277 907 2313 has
934 2278 1027 2314 fores
1055 2279 1248 2327 expansum
1279 2289 1353 2315 erat
1377 2278 1529 2314 aulaeum
1544 2277 1813 2326 Babylonicum
1831 2305 1840 2320 ‚
1865 2277 1954 2326 hya-

567 2324 721 2369 cintho,
755 2326 853 2375 bysso
870 2355 878 2370 ‚
904 2340 1021 2363 cocco
1040 2331 1072 2363 δε
1092 2329 1251 2377 purpura
1269 2356 1277 2372 ,
1309 2327 1463 2364 mirabili
1493 2337 1566 2364 arte
1595 2356 1605 2370 ,
1646 2338 1866 2363 contextum.
1906 2327 1950 2362 In

567 2373 647 2421 ipso
679 2376 886 2425 penetrali,
926 2377 1038 2413 aureis
1074 2391 1220 2427 quoque
1260 2377 1480 2414 ornamentis
1510 2377 1652 2426 fulgido
1683 2404 1692 2419 ‚
1727 2387 1801 2413 erat
1830 2376 1950 2411 mensa

568 2435 671 2463 aurea
683 2454 695 2472 ,
717 2439 863 2464 aureum
880 2427 1154 2474 candelabrum,
1174 2427 1400 2466 thuribulum
1413 2439 1558 2466 aureum
1568 2454 1578 2472 ‚
1587 2427 1771 2477 praecipua
1787 2424 1947 2463 Judaicae
