2230 3047
326 176 799 219 HISTORIARUM
837 173 1030 215 LIBER
1069 172 1358 215 TERTIUS.
1466 179 1542 214 161

170 257 396 312 Vipstanius
419 257 586 299 Messala
629 270 791 314 praeerat
809 285 822 307 ,
859 254 974 296 claris
1003 252 1244 304 majoribus,
1281 254 1465 308 egregius
1489 254 1567 308 ip-'

171 319 210 359 se
224 350 236 370 ,
264 325 303 361 ὅς
322 323 388 374 qui
409 321 514 362 solus
534 322 582 362 ad
598 321 638 361 id
659 320 811 361 bellum
825 332 925 360 artes
946 317 1069 358 bonas
1087 316 1286 357 attulisset.
1310 319 1394 358 Has
1417 317 1465 357 ad
1483 331 1548 357 co-

172 383 255 438 pias
269 414 282 434 ,
311 399 560 438 nequaquam
576 383 806 424 Vitellianis
824 397 934 438 pares
953 386 962 402 ¹
983 384 994 431 (
1009 381 1156 435 quippe
1172 392 1250 420 tres
1266 380 1397 420 adhuc
1418 379 1548 435 legio-

170 460 239 486 nes
259 450 271 466 ²
288 452 426 497 erant)
443 448 545 487 misit
565 445 747 502 epistolas
771 446 930 486 Caecina
944 474 956 494 ,
989 461 1011 480 «
1031 443 1298 483 temeritatem
1321 444 1421 483 vieta
1445 458 1552 483 arma

122 520 145 560 5
173 524 194 544 >›
206 511 455 550 tractantium
471 509 690 555 »incusans
705 526 711 547 :
728 507 841 547 simul
865 525 886 544 «
902 509 1026 548 virtus
1044 506 1279 546 Germanici
1295 507 1491 546 exercitus
1507 523 1527 542 »
1538 534 1552 556 ‚

173 569 356 613 laudibus
381 571 664 621 attollebatur,
688 570 847 611 Vitellii
873 568 1034 611 modica
1061 573 1099 609 ὅ(
1124 567 1282 622 vulgari
1308 570 1513 608 mentione
1538 597 1552 618 ‚

174 633 285 675 nulla
300 637 341 674 in
356 635 639 691 Vespasianum
657 632 919 674 contumelia:
942 631 1043 672 nihil
1060 631 1237 688 prorsus,
1258 630 1367 684 quod
1382 645 1448 671 aut
1465 646 1553 672 cor-

172 710 375 753 rumperet
391 700 569 747 hostem,
594 711 661 738 aut
685 709 862 737 terreret.
884 694 1162 737 Flavianarum
1191 695 1361 749 partium
1393 694 1513 733 duces
1540 724 1554 744 ,

175 759 319 801 omissa
338 762 478 816 prioris
493 761 660 800 fortunae
678 759 907 800 defensione
920 788 932 808 ‚
961 773 1033 814 pro
1056 757 1296 813 Vespasiano
1312 756 1525 811 magnific&
1541 785 1555 806 ‚

99 840 112 866 1
126 838 149 864 0
176 837 248 878 pro
270 822 387 864 causa
407 824 576 865 fidenter
591 853 604 873 ,
629 823 677 863 de
699 824 810 863 exitu
832 822 986 871 securi,
1012 822 1053 860 in
1080 819 1294 866 Vitellium
1316 833 1359 860 ut
1379 820 1556 869 inimici,

100 1149 147 1188 ¹5

94 1468 151 1493 20

135 2310 139 2315 '
187 2307 309 2339 decima
337 2308 470 2339 Gemina
491 2309 525 2340 &
551 2308 679 2348 septima
706 2306 855 2338 Claudia-

176 886 452 942 praesumpsere
467 901 478 934 3
499 884 597 926 fasta
613 885 780 926 tribunis
794 883 1173 937 centurionibusque
1191 900 1211 919 «
1228 884 1452 933 retinendi,
1473 898 1556 936 qua:

176 965 199 985 >›
210 948 399 991 Vitellius
409 948 623 990 indulsisset
636 967 656 985 >›
668 979 679 999 ‚
694 950 782 1004 spe:
803 961 920 1001 atque
935 947 1062 1003 ipsum
1077 946 1277 987 Caecinam
1290 962 1374 986 non
1388 946 1558 986 obscure

176 1012 226 1053 ad
240 1013 511 1053 transitionem
528 1011 800 1053 hortabantur.
830 1012 1023 1051 Recitatae
1053 1025 1126 1065 pro
1155 1012 1355 1050 concione
1384 1007 1557 1065 epistola:

177 1075 364 1116 addidere
400 1076 586 1117 fiduciam
602 1106 614 1126 ‚
643 1076 750 1130 quod
777 1074 965 1114 submissi,¹
999 1073 1158 1114 Caecina
1172 1103 1184 1123 ,
1210 1072 1322 1113 velut
1352 1072 1558 1113 offendere

177 1138 460 1194 Vespasianum
475 1141 635 1188 timens,
651 1139 828 1194 ipsorum
845 1137 966 1178 duces
984 1137 1272 1191 contemptim,
1286 1149 1487 1190 tamquam
1503 1136 1559 1177 in-

177 1199 371 1243 sultantes
387 1201 557 1243 Vitellio
570 1232 582 1252 ,
611 1201 857 1257 scripsissent.

242 1264 296 1306 X.
330 1266 576 1306 ADVENTU
601 1265 744 1305 deinde
777 1265 940 1306 duarum
968 1262 1174 1318 legionum
1195 1268 1205 1291 ³
1227 1292 1240 1312 ‚
1276 1277 1296 1302 e
1317 1261 1458 1317 quibus
1480 1275 1560 1302 ter-

178 1329 275 1368 tiam
291 1328 442 1370 Dillius
458 1330 693 1385 Aponianus
705 1358 717 1378 ‚
744 1330 924 1369 oe’tavam
940 1327 1142 1368 Numisius
1168 1327 1306 1381 Lupus
1331 1325 1531 1366 ducebant
1548 1354 1561 1374 ,

179 1392 373 1432 ostentare
389 1394 492 1433 vires
504 1422 517 1442 ‚
544 1397 584 1433 ὃς
604 1391 766 1432 militari
788 1390 896 1432 vallo
912 1391 1113 1431 Veronam
1132 1389 1380 1430 circumdare
1396 1387 1566 1443 placuit.

179 1455 302 1496 Forte
321 1454 526 1496 Galbianae
540 1454 695 1510 legioni
711 1460 728 1483 4
745 1456 784 1494 iii
805 1452 967 1496 adversa
986 1453 1118 1494 fronte
1141 1451 1237 1493 valli
1253 1467 1352 1508 opus
1367 1451 1529 1492 cesserat
1549 1480 1563 1501 ,

180 1521 223 1558 ὃς
238 1518 307 1559 visi
323 1517 466 1574 procul
480 1519 682 1560 sociorum
698 1520 872 1572 equites,
893 1532 1036 1558 vanam
1052 1516 1328 1565 formidinem,
1347 1528 1391 1555 ut
1407 1515 1535 1554 hostes
1549 1543 1563 1563 ‚

180 1580 326 1622 fecere.
342 1582 571 1638 Rapiuntur
586 1597 692 1622 arma
705 1611 717 1632 ,
735 1586 774 1622 ὅ(
782 1612 795 1632 ,
811 1596 854 1622 ut
870 1581 1109 1637 proditionis
1131 1584 1160 1629 ἵ,
1189 1580 1245 1619 ira
1270 1577 1444 1618 militum
1459 1578 1499 1616 in
1512 1577 1562 1617 T.

180 1644 373 1700 Ampium
390 1643 625 1691 Flavianum
648 1644 831 1686 incubuit
844 1674 856 1695 ,
882 1642 996 1683 nullo
1012 1643 1188 1683 criminis
1206 1654 1444 1695 argumento
1457 1669 1468 1690 ,
1498 1639 1565 1680 sed

181 1704 261 1759 jain
289 1708 441 1763 pridem
461 1709 608 1749 invisus
622 1738 634 1758 ,
658 1707 817 1748 turbine
833 1707 1006 1761 quodam
1025 1705 1073 1746 ad
1090 1706 1258 1745 exitium
1288 1702 1526 1759 poscebatur
1554 1720 1562 1742 :

190 1787 211 1806 «
241 1772 507 1826 propinquum
538 1770 696 1812 Vitellii
709 1801 720 1821 ‚
750 1771 997 1826 proditorem
1019 1769 1196 1809 Othonis
1209 1797 1221 1817 ,
1250 1768 1564 1822 interceptorem

182 1832 396 1874 »donativi
422 1832 438 1855 ⁶
463 1851 484 1870 2>
501 1833 772 1875 clamitabant.
788 1836 880 1874 Nec
907 1831 1126 1872 defensioni
1154 1829 1298 1879 locus,
1323 1844 1563 1883 quamquam

181 1895 382 1952 supplices
398 1911 536 1938 manus
549 1897 732 1938 tenderet
744 1927 757 1947 5
777 1898 888 1936 humi
905 1894 1137 1950 plerumque
1155 1895 1290 1933 stratus
1305 1922 1317 1942 ‚
1338 1891 1468 1932 lacera
1483 1892 1566 1933 ves-

184 1972 224 1999 te
238 1989 250 2009 ,
275 1961 408 2015 peetus
426 1972 542 2013 atque
558 1975 626 2001 ora
648 1959 820 2014 singultu
836 1959 1038 2013 quatiens:
1064 1957 1103 1997 id
1118 1957 1246 2012 ipsum
1269 1956 1372 2010 apud
1390 1955 1565 1995 infensos

185 2023 490 2065 incitamentum
515 2036 623 2075 erat,
648 2037 850 2077 tamquam
868 2022 1012 2063 nimius
1036 2035 1161 2077 pavor
1193 2018 1482 2061 conscientiam
1507 2033 1568 2059 ar-

188 2156 234 2218 n'
259 2152 462 2183 Virizttiimis
476 2152 588 2189 mnes]
601 2153 684 2190 Quas
692 2150 766 2182 vide
778 2149 851 2180 Hist.

227 2213 236 2226 ,
261 2200 329 2220 100.

228 2232 239 2245 ²
262 2230 350 2259 Tnizs
374 2241 479 2261 Ani-inc
499 2231 676 2267 temones]
700 2230 776 2259 Tres
791 2236 855 2259 tan-

186 2269 252 2299 tum
266 2267 416 2307 legiones,
427 2269 554 2308 septima
566 2269 717 2299 Galbiana
729 2291 736 2303 ,
752 2267 856 2298 tertia-

918 2154 948 2194 ⁴⁴
969 2150 1141 2193 (junilium
1161 2157 1288 2178 LEGiom
1313 2151 1325 2183 ]
1354 2145 1498 2186 Septima:
1519 2146 1568 2175 le·-

896 2198 1025 2264 glcinstfr,
1047 2238 1087 2258 υτ
1108 2226 1335 2262 mionirioms]
1352 2225 1400 2260 Et,
1411 2232 1570 2267 tamquam

898 2268 939 2298 ob
953 2267 1166 2306 proditionem
1177 2289 1186 2303 ‚
1199 2266 1242 2296 ira
1258 2265 1395 2295 militum
1408 2264 1568 2298 incubuit,

897 2308 960 2351 &cf
988 2306 1035 2336 De
1068 2305 1186 2349 Ampio
1203 2304 1356 2335 Flaviano
1384 2303 1500 2333 dicium
1524 2302 1570 2332 su<

187 2357 237 2428 'lai
260 2386 404 2430 Duaizuivi
428 2384 771 2430 taqionuMJEMoefiCi
800 2395 856 2415 ex·
899 2355 951 2403 pn}
967 2345 1135 2415 efflusi-iiiii
1149 2345 1459 2423 lambentiugbffisupra
1494 2377 1571 2409 Hist-

189 2431 328 2456 citarum.
349 2426 430 2456 Vide
450 2426 524 2456 Hist.
540 2428 590 2461 11,
605 2436 655 2465 74.
673 2426 708 2457 ὃ(
729 2427 778 2464 85.
899 2425 949 2462 ΙΙ,
968 2434 1020 2463 94.

312 2469 350 2508 T
347 2485 418 2510 om.
439 2470 518 2514 III.
1344 2463 1386 2504 X

1575 306 1604 330 A.
1617 306 1646 328 U.
1657 306 1689 329 C.

1596 352 1667 380 822.

1599 403 1663 426 J.C.

1608 450 1661 484 69.
