2230 3047
623 211 676 249 14.
843 196 892 236 C.
959 195 1396 238 CORNELII
1458 196 1764 241 TACITI

478 297 592 320 Ξ
616 280 799 323 adversus
828 276 1002 318 Galbam
1026 290 1168 319 votum
1183 307 1196 329 ,
1219 291 1287 320 aut
1305 280 1472 320 animus.
1495 280 1660 335 Quippe
1682 279 1824 320 Titum
1841 279 1996 333 filium,

478 340 592 363 mue.
616 344 665 386 ad
689 342 990 382 venerationem
1015 340 1249 396 cultumque
1275 341 1358 395 ejus
1386 343 1570 392 miserat,
1603 355 1648 382 ut
1675 343 1746 383 suo
1782 342 1879 385 loco
1911 360 1997 385 me-

501 385 573 463 ild..
613 405 856 447 morabimus
887 410 913 443 ¹.
942 403 1120 446 Occulta
1145 403 1236 459 lege
1259 405 1330 447 fati
1342 436 1356 457 ,
1385 410 1425 447 ὅ(
1449 407 1636 456 ostentis,
1662 421 1709 447 ac
1728 407 1921 463 responsis
1942 412 1958 428 ²
1980 436 1996 459 ,

507 484 559 517 69·
615 471 852 512 destinatum
877 469 1119 525 Vespasiano
1146 467 1360 524 liberisque
1389 467 1473 522 ejus
1499 470 1736 526 imperium,
1763 471 1849 527 post
1872 470 2011 511 forta--

616 548 709 575 nam
736 532 988 573 credidimus.

678 596 759 636 XI.
793 596 1062 636 AEGYPTUM
1089 595 1329 651 copiasque,
1359 595 1500 649 quibus
1521 609 1802 646 coerceretur,
1829 595 1908 648 jam
1939 596 1995 637 in-

614 660 664 701 de
684 675 706 700 a
727 660 821 700 divo
843 660 1051 714 Augusto,
1080 660 1231 713 equites
1259 659 1437 699 Romani
1459 663 1469 686 ³
1497 659 1682 700 obtinent
1696 689 1710 709 ‚
1729 658 1825 700 loco
1839 674 1993 715 regum.

612 724 674 764 Ita
695 723 824 763 visum
849 722 1037 778 expedire
1051 751 1064 772 ,
1092 723 1343 777 provinciam
1361 721 1471 762 aditu
1495 721 1729 773 difficilem,
1746 738 1912 764 annonoe
1934 723 1992 764 fe-

613 785 786 828 cundam
802 815 814 836 ‚
840 786 1140 842 superstitione,
1169 801 1215 826 ac
1231 783 1394 826 lascivia
1421 784 1645 826 discordem
1668 789 1708 826 ὃς
1735 785 1927 828 mobilem
1945 791 1964 815 4
1979 815 1994 837 ,

611 850 779 891 insciam
806 848 968 904 legum,
997 850 1174 903 ignaram
1202 849 1498 903 magistratuum
1523 848 1634 889 domi
1663 849 1834 890 retinere
1863 854 1890 890 5.
1915 851 1994 891 Re-

611 912 732 967 gebat
755 926 840 952 tum
863 912 1048 952 Tiberius
1075 910 1303 952 Alexander
1340 910 1357 933 ⁶
1391 910 1567 963 ejusdem
1597 913 1784 953 nationis.
1810 912 1948 954 Africa
1977 943 1991 964 ,

611 991 658 1017 ac
694 975 874 1030 legiones
900 976 942 1015 in
970 973 1015 1015 ea
1044 979 1087 1024 ⁷,
1129 974 1337 1015 interfeSm
1380 973 1528 1014 Clodio
1569 975 1716 1015 Macro
1740 1004 1753 1025 ,
1792 989 1991 1017 contentae

612 1038 893 1093 qualicumque
913 1039 1098 1093 Principe
1111 1067 1124 1087 ‚
1150 1039 1234 1093 post
1259 1038 1579 1093 experimentum
1601 1037 1756 1077 domini
1776 1039 1942 1079 minoris
1961 1036 1990 1080 ⁸.

607 1103 712 1142 *Duae
740 1102 1000 1142 Mauretaniae
1028 1105 1043 1129 9
1060 1130 1071 1150 ,
1112 1101 1268 1151 Raetia,
1294 1101 1494 1142 Noricum
1520 1101 1793 1152 ¹0,Thracia,
1826 1105 1866 1142 ὃ(
1906 1117 1989 1156 quae

610 1165 694 1206 aliae
717 1164 1041 1220 procuratoribus
1066 1164 1331 1214 cohibentur,
1357 1176 1402 1203 ut
1427 1164 1571 1217 cuique
1595 1165 1791 1204 exercitui
1814 1166 1956 1206 vicinae
1974 1196 1988 1216 ‚

604 1231 665 1270 ita
685 1230 726 1268 in
747 1228 926 1268 favorem
941 1259 954 1278 ,
980 1242 1046 1268 aut
1068 1227 1204 1267 odium
1218 1257 1231 1278 ,
1257 1228 1444 1268 comaclu
1469 1226 1735 1267 valentiorum
1758 1227 1988 1282 agebantur.

608 1293 786 1333 Inermes
811 1292 1026 1347 provinciae
1054 1295 1082 1312 ¹¹
1101 1319 1115 1340 ,
1143 1305 1259 1345 atque
1286 1291 1365 1346 ipsa
1395 1292 1437 1329 in
1467 1290 1601 1345 primis
1628 1289 1745 1330 Italia
1762 1319 1776 1341 ,
1809 1293 1991 1332 cuicum-

609 1370 686 1409 que
715 1355 877 1395 servitio
916 1354 1119 1409 expolita,
1152 1355 1194 1394 in
1222 1355 1392 1409 pretium
1427 1351 1524 1393 belli
1550 1352 1705 1393 cessura:
1747 1367 1870 1394 erant.
1906 1356 1993 1396 Hic

609 1418 686 1459 fuit
712 1433 844 1458 rerum
868 1418 1144 1458 Romanarum
1166 1418 1308 1468 status,
1337 1419 1427 1457 cum
1453 1417 1537 1456 Ser.
1564 1415 1695 1456 Galba
1718 1418 1861 1457 iterum
1877 1447 1891 1468 ,
1914 1418 1990 1458 Ti-

1319 1542 1445 1572 videntur
1458 1543 1488 1573 &a
1501 1544 1644 1574 hahentur.
1656 1543 1806 1584 Podagrcfi
1823 1543 1891 1583 quod
1901 1553 1989 1584 agant

606 1545 644 1575 &
670 1546 739 1576 XV.
765 1545 845 1576 Vide
877 1544 1134 1584 Supplementum
1166 1544 1279 1574 Annal-

1320 1581 1419 1611 lmbcm
1434 1595 1442 1610 .·
1461 1583 1561 1612 habent
1577 1584 1643 1612 caeci
1661 1582 1847 1621 quodfizcianr
1858 1596 1867 1611 .·
1887 1594 1921 1613 ne
1935 1584 1989 1613 chi-

613 1586 705 1619 XVI,
731 1594 779 1624 59.

2025 865 2075 892 10

652 1629 660 1642 ¹
687 1624 959 1660 Mzmonmmus]
980 1622 1063 1652 Infra
1085 1621 1159 1652 Hist.
1186 1624 1232 1658 ΙΙ,
1254 1633 1278 1652 1.

649 1664 660 1677 ²
681 1664 835 1693 Osrfiuris
860 1675 898 1693 ac
918 1672 1080 1692 RESPONSIS
1102 1664 1115 1699 ]
1139 1662 1186 1692 De
1210 1661 1280 1701 qui—

608 1703 666 1732 bus
686 1702 772 1739 plura
802 1701 882 1731 infra
898 1702 972 1731 Hist.
998 1703 1044 1736 11,
1061 1703 1112 1739 78.

648 1746 657 1767 3
680 1742 815 1776 EQUITES
837 1742 968 1771 Roriam
988 1741 1002 1777 ]
1030 1740 1128 1770 Vetiti
1160 1739 1255 1769 etiam
1271 1763 1279 1776 ,

609 1779 665 1809 nisi
690 1780 854 1819 permissu,
887 1780 1041 1810 senatores
1069 1786 1122 1809 aut
1157 1778 1278 1817 equites

609 1819 735 1850 illustres
750 1822 919 1859 AEgyptum
929 1818 1051 1858 ingredi
1061 1842 1070 1853 ‚
1083 1829 1121 1848 ne
1133 1819 1201 1856 quis
1211 1829 1281 1855 pro-

610 1859 748 1889 vinciam
765 1881 773 1894 ,
798 1858 907 1898 populi
932 1857 1068 1889 Romani
1106 1857 1246 1887 altricem
1269 1881 1277 1894 ,

609 1907 795 1936 occuparer,
811 1906 845 1928 ut
861 1897 977 1928 dietum
1000 1897 1086 1934 supra
1102 1896 1215 1926 Annal.
1230 1898 1256 1925 II
1270 1920 1278 1932 ,

611 1949 659 1977 59.
695 1937 775 1968 Vide
805 1947 933 1976 quoque
962 1937 1148 1967 Strabonem
1171 1937 1277 1973 XVII,

608 1987 677 2016 Fag-
694 1979 762 2015 543·

647 2021 662 2039 4
683 2017 837 2046 Momm-:M
861 2016 876 2052 ]
903 2016 972 2046 Nec
1006 2014 1095 2046 aliter
1126 2013 1278 2044 Adrianus

608 2056 798 2094 Imperator,
815 2057 885 2085 cum
900 2053 1051 2085 Serviano
1071 2053 1191 2085 consuli
1208 2053 1279 2083 scri-

608 2095 706 2125 beret.
729 2093 769 2123 AE
802 2104 880 2130 yptum
894 2118 904 2131 ,
929 2104 1009 2133 quam
1036 2093 1101 2122 mihi
1121 2092 1278 2130 laudabas,

608 2132 746 2163 Serviane
765 2143 778 2162 c
799 2132 931 2173 ariffime,
945 2142 1029 2162 totam
1049 2132 1153 2169 didici,
1175 2132 1278 2165 levem,

607 2172 774 2210 pendulam,
802 2171 832 2202 Cr
856 2171 893 2201 ad
914 2173 1004 2202 omnia
1025 2171 1112 2209 famae
1145 2180 1278 2200 momenta

609 2212 771 2242 volitantem
784 2234 791 2241 .
809 2234 816 2242 .
832 2235 839 2242 .
864 2211 961 2241 Genus
986 2211 1120 2240 hominum
1130 2210 1278 2249 seditiosis-

601 2251 701 2291 fimum
715 2275 724 2286 ,
742 2251 926 2290 varziffimum,
950 2250 1179 2290 injuriffffimum.
1201 2249 1280 2279 Civi-

610 2300 674 2328 tas,
690 2290 879 2322 Alexandria
889 2314 899 2327 ‚
919 2289 1046 2326 opulenta
1059 2314 1068 2327 ‚
1080 2289 1279 2326 dives-‚fecun-

610 2329 664 2366 da,
678 2330 706 2359 in
723 2331 775 2369 quc}
795 2340 871 2359 nemo
885 2329 963 2359 vivat
975 2329 1081 2369 otiosus.
1101 2328 1160 2358 Alii
1179 2329 1279 2358 vitrum

610 2370 750 2409 conflant,
773 2369 807 2398 ab
827 2369 893 2398 aliis
917 2369 1014 2398 charta
1038 2368 1180 2406 conficitur
1197 2383 1206 2397 .-
1230 2367 1279 2397 alii

609 2408 796 2447 linyphiones,
818 2409 967 2439 Ouvriers
983 2419 1022 2438 en
1038 2409 1130 2439 toiles
1152 2408 1190 2438 de
1211 2408 1256 2437 lin
1270 2432 1278 2444 ‚

600 2448 687 2487 sunt:
714 2458 805 2478 omnes
842 2450 914 2479 certe*
941 2448 1124 2488 cujuscumque
1151 2447 1223 2477 arcis
1249 2447 1279 2478 C-

1319 1622 1423 1660 ragrici
1437 1622 1540 1660 quidem
1560 1622 1631 1659 apud
1646 1632 1690 1650 eor
1704 1623 1779 1662 otiqfi
1795 1624 1901 1653 vivunt.
1922 1626 1989 1655 Vo-

1318 1661 1391 1700 pise.
1410 1661 1444 1690 in
1465 1662 1621 1692 Saturnia.
1637 1663 1721 1692 VIII.

1360 1706 1368 1727 5
1393 1701 1485 1731 Doni
1508 1702 1692 1738 irs-riunire]
1718 1702 1763 1731 Ita
1775 1709 1809 1731 ut
1833 1701 1912 1732 nihil
1934 1712 1989 1733 ex-

1319 1747 1442 1770 ternum
1464 1740 1636 1780 cogitaret,
1662 1740 1810 1784 nullaque
1831 1741 1903 1772 effet
1926 1751 1989 1772 no-

1320 1789 1428 1809 varum
1452 1790 1553 1810 rerum
1575 1788 1714 1810 materia.

1357 1820 1370 1837 ⁶
1392 1820 1547 1850 Tismuus
1569 1819 1795 1855 Anxanum]
1824 1817 1887 1856 Qui
1904 1818 1988 1849 idern

1319 1857 1459 1895 videtur,
1477 1859 1515 1889 de
1531 1869 1594 1898 quo
1611 1859 1697 1897 supra
1709 1858 1823 1888 Annal.
1844 1859 1900 1889 XV
1911 1882 1919 1895 ‚
1935 1861 1986 1889 28.

1358 1903 1370 1922 7
1392 1898 1553 1928 Lizeiours
1575 1910 1605 1928 m
1628 1909 1666 1928 EA
1687 1898 1701 1934 ]
1723 1897 1803 1928 Vide
1829 1898 1930 1928 Notas
1953 1898 1989 1932 ὃς

1317 1936 1559 1967 Emendationes
1579 1937 1618 1967 ad
1631 1937 1705 1966 Hist.
1721 1938 1732 1965 1
1746 1958 1755 1972 ‚
1778 1947 1824 1966 11.
1836 1937 1885 1967 Ibi
1899 1936 1988 1967 fimul

1318 1975 1356 2005 de
1379 1976 1475 2006 Macri
1499 1976 1633 2006 nummis
1654 1976 1785 2006 dicetur.

1358 2014 1369 2034 ⁸
1391 2015 1517 2046 Dorum
1540 2017 1703 2052 Minonis]
1735 2014 1843 2046 Clodii
1866 2015 1986 2052 Macri,

1318 2054 1441 2085 domini
1457 2055 1606 2090 minoris,
1621 2054 1884 2094 &qualicumque
1900 2054 1988 2085 Prin-

1317 2093 1386 2133 cipe
1396 2094 1562 2132 rapacioris
1578 2095 1612 2125 ὃς
1628 2093 1821 2125 crudelioris,

1359 2138 1371 2157 9
1394 2133 1471 2163 Duffi
1492 2134 1740 2169 Manna-raum]
1762 2132 1986 2163 Mauretaniam

1319 2171 1353 2202 in
1375 2172 1447 2203 duas
1461 2173 1639 2212 provincias
1655 2172 1801 2202 diviserat
1815 2172 1908 2202 Caius
1926 2174 1986 2202 Ca-

1318 2211 1431 2250 ligula,
1449 2220 1483 2242 ut
1505 2212 1625 2243 dicetur
1648 2212 1680 2242 in
1692 2212 1914 2250 Supplcmento
1927 2213 1988 2241 An-

1318 2251 1381 2281 nal.
1399 2253 1490 2287 VIII,
1517 2262 1563 2290 34.
1581 2252 1615 2283 ὃ(
1632 2252 1695 2285 IX,
1717 2261 1767 2287 29.

1360 2295 1387 2309 ¹⁰
1409 2291 1536 2326 Rarus,
1563 2292 1748 2327 Nomcun]
1769 2290 1862 2320 Nunc
1876 2289 1900 2318 le
1918 2298 1988 2330 pays

1318 2329 1365 2358 cles
1378 2329 1510 2368 Grifims,
1527 2330 1554 2359 la
1571 2331 1705 2366 Baviere,
1723 2328 1782 2358 [rc.

1357 2375 1381 2388 ¹¹
1406 2371 1543 2400 INERMES
1566 2379 1750 2401 Pnovmcm:
1767 2367 1987 2405 ]Provinciae‚

1319 2407 1351 2479 {it}
1379 2409 1491 2449 quibus
1518 2420 1585 2442 non
1611 2417 1699 2440 erant
1725 2407 1863 2439 militum
1888 2407 1989 2447 praefi·

1341 2457 1380 2481 la-
1930 2467 1934 2470 ’
