<?xml version="1.0" encoding="UTF-8"?>
<!DOCTYPE html PUBLIC "-//W3C//DTD XHTML 1.0 Transitional//EN"
    "http://www.w3.org/TR/xhtml1/DTD/xhtml1-transitional.dtd">
<html xmlns="http://www.w3.org/1999/xhtml" xml:lang="en" lang="en">
 <head>
  <title>
</title>
<meta http-equiv="Content-Type" content="text/html;charset=utf-8" />
  <meta name='ocr-system' content='tesseract 3.04.00' />
  <meta name='ocr-capabilities' content='ocr_page ocr_carea ocr_par ocr_line ocrx_word'/>
</head>
<body>
  <div class='ocr_page' id='page_1' title='image "./operabro03taciuoft_0260.png"; bbox 0 0 2209 3047; ppageno 0'>
   <div class='ocr_carea' id='block_1_1' title="bbox 479 282 594 295">
    <p class='ocr_par' dir='ltr' id='par_1_1' title="bbox 479 282 594 295">
     <span class='ocr_line' id='line_1_1' title="bbox 479 282 594 295; baseline 0 0"><span class='ocrx_word' id='word_1_1' title='bbox 479 282 594 295; x_wconf 55' lang='grc' dir='ltr'><strong>Ξ</strong></span> 
     </span>
    </p>
   </div>
   <div class='ocr_carea' id='block_1_2' title="bbox 480 315 593 338">
    <p class='ocr_par' dir='ltr' id='par_1_2' title="bbox 480 315 593 338">
     <span class='ocr_line' id='line_1_2' title="bbox 480 315 593 338; baseline 0 0"><span class='ocrx_word' id='word_1_2' title='bbox 480 316 511 338; x_wconf 78' lang='grc' dir='ltr'>Α.</span> <span class='ocrx_word' id='word_1_3' title='bbox 523 315 593 338; x_wconf 85' lang='lat' dir='ltr'><strong>U.C.</strong></span> 
     </span>
    </p>
   </div>
   <div class='ocr_carea' id='block_1_3' title="bbox 502 363 572 435">
    <p class='ocr_par' dir='ltr' id='par_1_3' title="bbox 502 363 572 435">
     <span class='ocr_line' id='line_1_3' title="bbox 502 363 572 390; baseline -0.014 0"><span class='ocrx_word' id='word_1_4' title='bbox 502 363 572 390; x_wconf 82' lang='lat'>322.</span> 
     </span>
     <span class='ocr_line' id='line_1_4' title="bbox 502 412 569 435; baseline -0.015 0"><span class='ocrx_word' id='word_1_5' title='bbox 502 412 524 435; x_wconf 89' lang='lat' dir='ltr'>J.</span> <span class='ocrx_word' id='word_1_6' title='bbox 538 412 569 435; x_wconf 90' lang='lat' dir='ltr'>C.</span> 
     </span>
    </p>
   </div>
   <div class='ocr_carea' id='block_1_4' title="bbox 507 460 560 494">
    <p class='ocr_par' dir='ltr' id='par_1_4' title="bbox 507 460 560 494">
     <span class='ocr_line' id='line_1_5' title="bbox 507 460 560 494; baseline 0.057 -9"><span class='ocrx_word' id='word_1_7' title='bbox 507 460 560 494; x_wconf 88' lang='lat'>69.</span> 
     </span>
    </p>
   </div>
   <div class='ocr_carea' id='block_1_5' title="bbox 480 296 592 302">
    <p class='ocr_par' dir='ltr' id='par_1_5' title="bbox 480 296 592 302">
     <span class='ocr_line' id='line_1_6' title="bbox 480 296 592 302; baseline 0 0"><span class='ocrx_word' id='word_1_8' title='bbox 480 296 592 302; x_wconf 95' lang='lat' dir='ltr'> </span> 
     </span>
    </p>
   </div>
   <div class='ocr_carea' id='block_1_6' title="bbox 615 180 1711 232">
    <p class='ocr_par' dir='ltr' id='par_1_6' title="bbox 615 180 1711 232">
     <span class='ocr_line' id='line_1_7' title="bbox 615 180 1711 232; baseline 0.001 -10"><span class='ocrx_word' id='word_1_9' title='bbox 615 187 707 232; x_wconf 66' lang='lat'>246</span> <span class='ocrx_word' id='word_1_10' title='bbox 882 182 930 222; x_wconf 92' lang='lat' dir='ltr'>C.</span> <span class='ocrx_word' id='word_1_11' title='bbox 982 181 1382 224; x_wconf 92' lang='lat' dir='ltr'>CORNELII</span> <span class='ocrx_word' id='word_1_12' title='bbox 1431 180 1711 223; x_wconf 90' lang='lat' dir='ltr'>TACITI</span> 
     </span>
    </p>
   </div>
   <div class='ocr_carea' id='block_1_7' title="bbox 609 261 1996 2271">
    <p class='ocr_par' dir='ltr' id='par_1_7' title="bbox 609 261 1996 2073">
     <span class='ocr_line' id='line_1_8' title="bbox 673 261 1984 319; baseline 0.003 -17"><span class='ocrx_word' id='word_1_13' title='bbox 673 262 898 303; x_wconf 88' lang='lat' dir='ltr'><strong>XXXIV.</strong></span> <span class='ocrx_word' id='word_1_14' title='bbox 933 263 1048 303; x_wconf 76' lang='lat' dir='ltr'>Dux</span> <span class='ocrx_word' id='word_1_15' title='bbox 1085 276 1276 317; x_wconf 87' lang='lat' dir='ltr'>uterque,</span> <span class='ocrx_word' id='word_1_16' title='bbox 1316 264 1399 319; x_wconf 88' lang='lat' dir='ltr'>pari</span> <span class='ocrx_word' id='word_1_17' title='bbox 1435 261 1554 319; x_wconf 65' lang='lat' dir='ltr'>culpa</span> <span class='ocrx_word' id='word_1_18' title='bbox 1591 265 1753 305; x_wconf 87' lang='lat' dir='ltr'>meritus</span> <span class='ocrx_word' id='word_1_19' title='bbox 1789 265 1949 307; x_wconf 87' lang='lat' dir='ltr'>adversa</span> <span class='ocrx_word' id='word_1_20' title='bbox 1970 295 1984 317; x_wconf 91' lang='lat'>,</span> 
     </span>
     <span class='ocr_line' id='line_1_9' title="bbox 613 325 1983 384; baseline 0.003 -19"><span class='ocrx_word' id='word_1_21' title='bbox 613 326 808 382; x_wconf 83' lang='lat' dir='ltr'>prosperis</span> <span class='ocrx_word' id='word_1_22' title='bbox 828 326 1002 367; x_wconf 84' lang='lat' dir='ltr'><strong>defuere.</strong></span> <span class='ocrx_word' id='word_1_23' title='bbox 1026 329 1135 368; x_wconf 87' lang='lat' dir='ltr'>Nam</span> <span class='ocrx_word' id='word_1_24' title='bbox 1165 326 1306 367; x_wconf 88' lang='lat' dir='ltr'>Civilis</span> <span class='ocrx_word' id='word_1_25' title='bbox 1321 356 1333 376; x_wconf 92' lang='lat'>,</span> <span class='ocrx_word' id='word_1_26' title='bbox 1356 326 1381 364; x_wconf 90' lang='lat' dir='ltr'>si</span> <span class='ocrx_word' id='word_1_27' title='bbox 1408 325 1622 378; x_wconf 86' lang='lat' dir='ltr'>majoribus</span> <span class='ocrx_word' id='word_1_28' title='bbox 1639 329 1765 384; x_wconf 91' lang='lat' dir='ltr'>copiis</span> <span class='ocrx_word' id='word_1_29' title='bbox 1785 329 1983 369; x_wconf 88' lang='lat' dir='ltr'>instruxis-</span> 
     </span>
     <span class='ocr_line' id='line_1_10' title="bbox 612 389 1985 445; baseline 0.001 -15"><span class='ocrx_word' id='word_1_30' title='bbox 612 390 670 430; x_wconf 86' lang='lat' dir='ltr'>set</span> <span class='ocrx_word' id='word_1_31' title='bbox 688 390 843 436; x_wconf 86' lang='lat' dir='ltr'>aciem3</span> <span class='ocrx_word' id='word_1_32' title='bbox 861 390 1063 431; x_wconf 87' lang='lat' dir='ltr'>circumiri</span> <span class='ocrx_word' id='word_1_33' title='bbox 1077 406 1097 430; x_wconf 87' lang='lat' dir='ltr'>a</span> <span class='ocrx_word' id='word_1_34' title='bbox 1113 404 1193 430; x_wconf 88' lang='lat' dir='ltr'>tam</span> <span class='ocrx_word' id='word_1_35' title='bbox 1211 390 1346 445; x_wconf 85' lang='lat' dir='ltr'>paucis</span> <span class='ocrx_word' id='word_1_36' title='bbox 1364 389 1598 431; x_wconf 88' lang='lat' dir='ltr'>cohortibus</span> <span class='ocrx_word' id='word_1_37' title='bbox 1617 391 1809 445; x_wconf 76' lang='lat' dir='ltr'>nequisset</span> <span class='ocrx_word' id='word_1_38' title='bbox 1822 421 1834 441; x_wconf 90' lang='lat'>,</span> <span class='ocrx_word' id='word_1_39' title='bbox 1852 392 1985 432; x_wconf 87' lang='lat' dir='ltr'>castra-</span> 
     </span>
     <span class='ocr_line' id='line_1_11' title="bbox 611 451 1986 510; baseline 0.001 -17"><span class='ocrx_word' id='word_1_40' title='bbox 611 468 687 507; x_wconf 88' lang='lat' dir='ltr'>que</span> <span class='ocrx_word' id='word_1_41' title='bbox 698 466 885 509; x_wconf 87' lang='lat' dir='ltr'>perrupta</span> <span class='ocrx_word' id='word_1_42' title='bbox 901 451 1317 503; x_wconf 85' lang='lat' dir='ltr'>exscidiffet.Vocula,</span> <span class='ocrx_word' id='word_1_43' title='bbox 1334 467 1409 494; x_wconf 92' lang='lat' dir='ltr'>nec</span> <span class='ocrx_word' id='word_1_44' title='bbox 1426 453 1641 494; x_wconf 90' lang='lat' dir='ltr'>adventum</span> <span class='ocrx_word' id='word_1_45' title='bbox 1657 455 1828 494; x_wconf 88' lang='lat' dir='ltr'>hostium</span> <span class='ocrx_word' id='word_1_46' title='bbox 1844 453 1986 510; x_wconf 88' lang='lat' dir='ltr'>explo-</span> 
     </span>
     <span class='ocr_line' id='line_1_12' title="bbox 609 515 1985 573; baseline 0 -17"><span class='ocrx_word' id='word_1_47' title='bbox 609 518 738 565; x_wconf 83' lang='lat' dir='ltr'>ravit,</span> <span class='ocrx_word' id='word_1_48' title='bbox 765 516 895 570; x_wconf 83' lang='lat' dir='ltr'>eoque</span> <span class='ocrx_word' id='word_1_49' title='bbox 922 515 1034 556; x_wconf 87' lang='lat' dir='ltr'>fimul</span> <span class='ocrx_word' id='word_1_50' title='bbox 1062 515 1251 571; x_wconf 84' lang='lat' dir='ltr'>egressus,</span> <span class='ocrx_word' id='word_1_51' title='bbox 1280 516 1505 570; x_wconf 67' lang='lat' dir='ltr'>viCmsque:</span> <span class='ocrx_word' id='word_1_52' title='bbox 1535 517 1628 557; x_wconf 84' lang='lat' dir='ltr'>dein</span> <span class='ocrx_word' id='word_1_53' title='bbox 1652 518 1822 557; x_wconf 63' lang='lat' dir='ltr'>viSmriae</span> <span class='ocrx_word' id='word_1_54' title='bbox 1847 532 1985 573; x_wconf 88' lang='lat' dir='ltr'>parum</span> 
     </span>
     <span class='ocr_line' id='line_1_13' title="bbox 612 576 1986 633; baseline -0.001 -13"><span class='ocrx_word' id='word_1_55' title='bbox 612 579 806 630; x_wconf 87' lang='lat' dir='ltr'>confisus,</span> <span class='ocrx_word' id='word_1_56' title='bbox 823 580 924 620; x_wconf 87' lang='lat' dir='ltr'>tritis</span> <span class='ocrx_word' id='word_1_57' title='bbox 950 580 1085 620; x_wconf 90' lang='lat' dir='ltr'>frustra</span> <span class='ocrx_word' id='word_1_58' title='bbox 1113 576 1276 628; x_wconf 88' lang='lat' dir='ltr'>diebus,</span> <span class='ocrx_word' id='word_1_59' title='bbox 1307 580 1427 619; x_wconf 88' lang='lat' dir='ltr'>castra</span> <span class='ocrx_word' id='word_1_60' title='bbox 1454 581 1494 619; x_wconf 90' lang='lat' dir='ltr'>in</span> <span class='ocrx_word' id='word_1_61' title='bbox 1516 581 1668 619; x_wconf 88' lang='lat' dir='ltr'>hostem</span> <span class='ocrx_word' id='word_1_62' title='bbox 1695 581 1839 620; x_wconf 90' lang='lat' dir='ltr'>movit:</span> <span class='ocrx_word' id='word_1_63' title='bbox 1868 594 1986 633; x_wconf 89' lang='lat' dir='ltr'>quem</span> 
     </span>
     <span class='ocr_line' id='line_1_14' title="bbox 612 641 1987 698; baseline 0.001 -16"><span class='ocrx_word' id='word_1_64' title='bbox 612 642 640 682; x_wconf 79' lang='lat' dir='ltr'>sl</span> <span class='ocrx_word' id='word_1_65' title='bbox 661 643 788 682; x_wconf 87' lang='lat' dir='ltr'>statim</span> <span class='ocrx_word' id='word_1_66' title='bbox 809 641 1015 698; x_wconf 83' lang='lat' dir='ltr'>impellere</span> <span class='ocrx_word' id='word_1_67' title='bbox 1032 671 1044 692; x_wconf 90' lang='lat'>,</span> <span class='ocrx_word' id='word_1_68' title='bbox 1062 641 1299 695; x_wconf 87' lang='lat' dir='ltr'>cursumque</span> <span class='ocrx_word' id='word_1_69' title='bbox 1320 656 1450 682; x_wconf 87' lang='lat' dir='ltr'>rerum</span> <span class='ocrx_word' id='word_1_70' title='bbox 1466 642 1575 696; x_wconf 88' lang='lat' dir='ltr'>sequi</span> <span class='ocrx_word' id='word_1_71' title='bbox 1590 642 1813 683; x_wconf 85' lang='lat' dir='ltr'>maturasset</span> <span class='ocrx_word' id='word_1_72' title='bbox 1830 657 1841 689; x_wconf 67' lang='grc' dir='ltr'><strong>ς</strong></span> <span class='ocrx_word' id='word_1_73' title='bbox 1858 641 1987 683; x_wconf 90' lang='lat' dir='ltr'>solve-</span> 
     </span>
     <span class='ocr_line' id='line_1_15' title="bbox 612 704 1987 761; baseline 0 -17"><span class='ocrx_word' id='word_1_74' title='bbox 612 720 654 746; x_wconf 88' lang='lat' dir='ltr'>re</span> <span class='ocrx_word' id='word_1_75' title='bbox 680 704 873 746; x_wconf 87' lang='lat' dir='ltr'>obfidium</span> <span class='ocrx_word' id='word_1_76' title='bbox 890 704 1097 759; x_wconf 84' lang='lat' dir='ltr'>legionum</span> <span class='ocrx_word' id='word_1_77' title='bbox 1115 710 1124 726; x_wconf 87' lang='lat'>¹</span> <span class='ocrx_word' id='word_1_78' title='bbox 1145 704 1288 745; x_wconf 92' lang='lat' dir='ltr'>eodem</span> <span class='ocrx_word' id='word_1_79' title='bbox 1317 706 1469 761; x_wconf 89' lang='lat' dir='ltr'>impetu</span> <span class='ocrx_word' id='word_1_80' title='bbox 1485 707 1630 761; x_wconf 90' lang='lat' dir='ltr'>potuit.</span> <span class='ocrx_word' id='word_1_81' title='bbox 1657 706 1901 746; x_wconf 89' lang='lat' dir='ltr'>Tentaverat</span> <span class='ocrx_word' id='word_1_82' title='bbox 1927 707 1987 745; x_wconf 85' lang='lat' dir='ltr'>in-</span> 
     </span>
     <span class='ocr_line' id='line_1_16' title="bbox 611 767 1988 825; baseline 0 -16"><span class='ocrx_word' id='word_1_83' title='bbox 611 769 730 809; x_wconf 85' lang='lat' dir='ltr'>terim</span> <span class='ocrx_word' id='word_1_84' title='bbox 755 767 897 807; x_wconf 90' lang='lat' dir='ltr'>Civilis</span> <span class='ocrx_word' id='word_1_85' title='bbox 913 767 1154 808; x_wconf 80' lang='lat' dir='ltr'>obsessorum</span> <span class='ocrx_word' id='word_1_86' title='bbox 1171 769 1325 808; x_wconf 90' lang='lat' dir='ltr'>animos</span> <span class='ocrx_word' id='word_1_87' title='bbox 1340 798 1353 818; x_wconf 95' lang='lat'>,</span> <span class='ocrx_word' id='word_1_88' title='bbox 1382 781 1584 822; x_wconf 88' lang='lat' dir='ltr'>tamquam</span> <span class='ocrx_word' id='word_1_89' title='bbox 1608 769 1767 825; x_wconf 77' lang='lat' dir='ltr'>perdita:</span> <span class='ocrx_word' id='word_1_90' title='bbox 1783 769 1887 824; x_wconf 92' lang='lat' dir='ltr'>apud</span> <span class='ocrx_word' id='word_1_91' title='bbox 1900 769 1988 809; x_wconf 87' lang='lat' dir='ltr'>Ro-</span> 
     </span>
     <span class='ocr_line' id='line_1_17' title="bbox 611 830 1988 886; baseline 0.001 -15"><span class='ocrx_word' id='word_1_92' title='bbox 611 846 750 872; x_wconf 87' lang='lat' dir='ltr'>manos</span> <span class='ocrx_word' id='word_1_93' title='bbox 768 845 826 870; x_wconf 90' lang='lat' dir='ltr'>res</span> <span class='ocrx_word' id='word_1_94' title='bbox 841 860 853 880; x_wconf 88' lang='lat'>,</span> <span class='ocrx_word' id='word_1_95' title='bbox 867 835 907 871; x_wconf 81' lang='lat'>&amp;</span> <span class='ocrx_word' id='word_1_96' title='bbox 927 830 1002 870; x_wconf 84' lang='lat' dir='ltr'>suis</span> <span class='ocrx_word' id='word_1_97' title='bbox 1017 832 1180 871; x_wconf 61' lang='lat' dir='ltr'>vffitoria</span> <span class='ocrx_word' id='word_1_98' title='bbox 1196 831 1449 886; x_wconf 80' lang='lat' dir='ltr'>provenisset.</span> <span class='ocrx_word' id='word_1_99' title='bbox 1472 831 1865 872; x_wconf 87' lang='lat' dir='ltr'>Circumferebantur</span> <span class='ocrx_word' id='word_1_100' title='bbox 1881 831 1988 885; x_wconf 77' lang='lat' dir='ltr'>signa</span> 
     </span>
     <span class='ocr_line' id='line_1_18' title="bbox 612 893 1988 950; baseline -0.001 -14"><span class='ocrx_word' id='word_1_101' title='bbox 612 893 862 946; x_wconf 86' lang='lat' dir='ltr'>vexillaque:</span> <span class='ocrx_word' id='word_1_102' title='bbox 893 894 1076 934; x_wconf 86' lang='lat' dir='ltr'>ostentati</span> <span class='ocrx_word' id='word_1_103' title='bbox 1106 896 1226 935; x_wconf 84' lang='lat' dir='ltr'>etiam</span> <span class='ocrx_word' id='word_1_104' title='bbox 1262 896 1438 950; x_wconf 87' lang='lat' dir='ltr'>captivi:</span> <span class='ocrx_word' id='word_1_105' title='bbox 1473 909 1523 934; x_wconf 84' lang='lat' dir='ltr'>ex</span> <span class='ocrx_word' id='word_1_106' title='bbox 1546 894 1686 948; x_wconf 87' lang='lat' dir='ltr'>quibus</span> <span class='ocrx_word' id='word_1_107' title='bbox 1718 909 1845 944; x_wconf 85' lang='lat' dir='ltr'>unus,</span> <span class='ocrx_word' id='word_1_108' title='bbox 1874 908 1988 948; x_wconf 87' lang='lat' dir='ltr'>egre-</span> 
     </span>
     <span class='ocr_line' id='line_1_19' title="bbox 614 955 1989 1012; baseline 0.001 -16"><span class='ocrx_word' id='word_1_109' title='bbox 614 959 725 1012; x_wconf 86' lang='lat' dir='ltr'>gium</span> <span class='ocrx_word' id='word_1_110' title='bbox 757 956 910 996; x_wconf 88' lang='lat' dir='ltr'>facinus</span> <span class='ocrx_word' id='word_1_111' title='bbox 939 956 1079 1006; x_wconf 89' lang='lat' dir='ltr'>ausus,</span> <span class='ocrx_word' id='word_1_112' title='bbox 1110 955 1216 997; x_wconf 69' lang='lat' dir='ltr'>clara</span> <span class='ocrx_word' id='word_1_113' title='bbox 1246 972 1348 997; x_wconf 90' lang='lat' dir='ltr'>voce</span> <span class='ocrx_word' id='word_1_114' title='bbox 1383 958 1487 1011; x_wconf 85' lang='lat' dir='ltr'>gesta</span> <span class='ocrx_word' id='word_1_115' title='bbox 1525 958 1746 1012; x_wconf 84' lang='lat' dir='ltr'>patefecit,</span> <span class='ocrx_word' id='word_1_116' title='bbox 1787 956 1989 998; x_wconf 80' lang='lat' dir='ltr'>confossus</span> 
     </span>
     <span class='ocr_line' id='line_1_20' title="bbox 614 1017 1990 1070; baseline 0.001 -11"><span class='ocrx_word' id='word_1_117' title='bbox 614 1020 700 1060; x_wconf 90' lang='lat' dir='ltr'>illic</span> <span class='ocrx_word' id='word_1_118' title='bbox 722 1036 742 1059; x_wconf 83' lang='lat' dir='ltr'>a</span> <span class='ocrx_word' id='word_1_119' title='bbox 757 1019 968 1059; x_wconf 88' lang='lat' dir='ltr'>Germanis</span> <span class='ocrx_word' id='word_1_120' title='bbox 984 1035 991 1058; x_wconf 91' lang='lat'>:</span> <span class='ocrx_word' id='word_1_121' title='bbox 1020 1019 1125 1059; x_wconf 89' lang='lat' dir='ltr'>unde</span> <span class='ocrx_word' id='word_1_122' title='bbox 1141 1017 1267 1070; x_wconf 84' lang='lat' dir='ltr'>major</span> <span class='ocrx_word' id='word_1_123' title='bbox 1288 1019 1413 1060; x_wconf 87' lang='lat' dir='ltr'>indici</span> <span class='ocrx_word' id='word_1_124' title='bbox 1429 1019 1537 1059; x_wconf 72' lang='lat' dir='ltr'>fides,</span> <span class='ocrx_word' id='word_1_125' title='bbox 1553 1019 1682 1061; x_wconf 87' lang='lat' dir='ltr'>Simul</span> <span class='ocrx_word' id='word_1_126' title='bbox 1696 1020 1912 1060; x_wconf 89' lang='lat' dir='ltr'>vastatione</span> <span class='ocrx_word' id='word_1_127' title='bbox 1929 1020 1990 1060; x_wconf 90' lang='lat' dir='ltr'>in-</span> 
     </span>
     <span class='ocr_line' id='line_1_21' title="bbox 613 1075 1990 1136; baseline -0.001 -13"><span class='ocrx_word' id='word_1_128' title='bbox 613 1083 844 1136; x_wconf 89' lang='lat' dir='ltr'>cendiisque</span> <span class='ocrx_word' id='word_1_129' title='bbox 871 1082 1123 1136; x_wconf 83' lang='lat' dir='ltr'>flagrantium</span> <span class='ocrx_word' id='word_1_130' title='bbox 1149 1081 1360 1131; x_wconf 84' lang='lat' dir='ltr'>villarum,</span> <span class='ocrx_word' id='word_1_131' title='bbox 1388 1083 1524 1123; x_wconf 88' lang='lat' dir='ltr'>venire</span> <span class='ocrx_word' id='word_1_132' title='bbox 1548 1084 1741 1124; x_wconf 67' lang='lat' dir='ltr'>vi‘dorem</span> <span class='ocrx_word' id='word_1_133' title='bbox 1768 1075 1990 1123; x_wconf 85' lang='lat' dir='ltr'>exercitum</span> 
     </span>
     <span class='ocr_line' id='line_1_22' title="bbox 615 1144 1990 1201; baseline 0 -17"><span class='ocrx_word' id='word_1_134' title='bbox 615 1144 927 1199; x_wconf 80' lang='lat' dir='ltr'>intelligebatur.</span> <span class='ocrx_word' id='word_1_135' title='bbox 959 1161 980 1180; x_wconf 77' lang='lat' dir='ltr'>&lt;c</span> <span class='ocrx_word' id='word_1_136' title='bbox 995 1145 1042 1184; x_wconf 87' lang='lat' dir='ltr'>In</span> <span class='ocrx_word' id='word_1_137' title='bbox 1070 1146 1285 1201; x_wconf 64' lang='lat' dir='ltr'>conspeStu</span> <span class='ocrx_word' id='word_1_138' title='bbox 1304 1146 1518 1185; x_wconf 87' lang='lat' dir='ltr'>castrorum</span> <span class='ocrx_word' id='word_1_139' title='bbox 1533 1149 1546 1165; x_wconf 86' lang='lat'>²</span> <span class='ocrx_word' id='word_1_140' title='bbox 1567 1147 1752 1187; x_wconf 90' lang='lat' dir='ltr'>constitui</span> <span class='ocrx_word' id='word_1_141' title='bbox 1768 1146 1894 1200; x_wconf 76' lang='lat' dir='ltr'>signa,</span> <span class='ocrx_word' id='word_1_142' title='bbox 1908 1145 1990 1185; x_wconf 88' lang='lat' dir='ltr'>fos-</span> 
     </span>
     <span class='ocr_line' id='line_1_23' title="bbox 614 1206 1987 1265; baseline 0.003 -21"><span class='ocrx_word' id='word_1_143' title='bbox 614 1208 807 1262; x_wconf 84' lang='lat' dir='ltr'>»samque</span> <span class='ocrx_word' id='word_1_144' title='bbox 845 1211 885 1248; x_wconf 82' lang='lat'>&amp;</span> <span class='ocrx_word' id='word_1_145' title='bbox 919 1206 1071 1248; x_wconf 86' lang='lat' dir='ltr'>vallum</span> <span class='ocrx_word' id='word_1_146' title='bbox 1097 1208 1335 1249; x_wconf 89' lang='lat' dir='ltr'>circumdari</span> <span class='ocrx_word' id='word_1_147' title='bbox 1361 1226 1382 1244; x_wconf 87' lang='lat'>»</span> <span class='ocrx_word' id='word_1_148' title='bbox 1414 1207 1576 1250; x_wconf 83' lang='lat' dir='ltr'>Vocula</span> <span class='ocrx_word' id='word_1_149' title='bbox 1602 1207 1726 1261; x_wconf 86' lang='lat' dir='ltr'>jubet.</span> <span class='ocrx_word' id='word_1_150' title='bbox 1751 1208 1954 1265; x_wconf 73' lang='lat' dir='ltr'>Depositis</span> <span class='ocrx_word' id='word_1_151' title='bbox 1977 1212 1987 1236; x_wconf 81' lang='lat'><em>³</em></span> 
     </span>
     <span class='ocr_line' id='line_1_24' title="bbox 612 1269 1994 1327; baseline 0.002 -20"><span class='ocrx_word' id='word_1_152' title='bbox 612 1271 942 1326; x_wconf 84' lang='lat' dir='ltr'>»impedimentis</span> <span class='ocrx_word' id='word_1_153' title='bbox 962 1269 1226 1325; x_wconf 83' lang='lat' dir='ltr'>sarcinisque,</span> <span class='ocrx_word' id='word_1_154' title='bbox 1247 1271 1425 1327; x_wconf 82' lang='lat' dir='ltr'>expediti</span> <span class='ocrx_word' id='word_1_155' title='bbox 1447 1285 1645 1312; x_wconf 81' lang='lat' dir='ltr'>certarent</span> <span class='ocrx_word' id='word_1_156' title='bbox 1668 1290 1710 1313; x_wconf 85' lang='lat'>».</span> <span class='ocrx_word' id='word_1_157' title='bbox 1727 1273 1838 1312; x_wconf 91' lang='lat' dir='ltr'>Hinc</span> <span class='ocrx_word' id='word_1_158' title='bbox 1863 1272 1903 1310; x_wconf 87' lang='lat' dir='ltr'>in</span> <span class='ocrx_word' id='word_1_159' title='bbox 1920 1270 1994 1310; x_wconf 91' lang='lat' dir='ltr'>du-</span> 
     </span>
     <span class='ocr_line' id='line_1_25' title="bbox 615 1333 1993 1390; baseline 0 -16"><span class='ocrx_word' id='word_1_160' title='bbox 615 1348 706 1374; x_wconf 89' lang='lat' dir='ltr'>cem</span> <span class='ocrx_word' id='word_1_161' title='bbox 733 1333 886 1374; x_wconf 90' lang='lat' dir='ltr'>clamor</span> <span class='ocrx_word' id='word_1_162' title='bbox 914 1347 1090 1388; x_wconf 84' lang='lat' dir='ltr'>pugnarn</span> <span class='ocrx_word' id='word_1_163' title='bbox 1116 1335 1391 1390; x_wconf 87' lang='lat' dir='ltr'>poscentium:</span> <span class='ocrx_word' id='word_1_164' title='bbox 1411 1338 1450 1375; x_wconf 87' lang='lat'>&amp;</span> <span class='ocrx_word' id='word_1_165' title='bbox 1475 1336 1617 1375; x_wconf 88' lang='lat' dir='ltr'>minari</span> <span class='ocrx_word' id='word_1_166' title='bbox 1638 1335 1911 1376; x_wconf 86' lang='lat' dir='ltr'>adsueverant.</span> <span class='ocrx_word' id='word_1_167' title='bbox 1926 1335 1993 1374; x_wconf 91' lang='lat' dir='ltr'>Ne</span> 
     </span>
     <span class='ocr_line' id='line_1_26' title="bbox 613 1396 1993 1453; baseline 0 -17"><span class='ocrx_word' id='word_1_168' title='bbox 613 1409 796 1451; x_wconf 89' lang='lat' dir='ltr'>tempore</span> <span class='ocrx_word' id='word_1_169' title='bbox 834 1396 995 1450; x_wconf 86' lang='lat' dir='ltr'>quidem</span> <span class='ocrx_word' id='word_1_170' title='bbox 1023 1397 1071 1438; x_wconf 89' lang='lat' dir='ltr'>ad</span> <span class='ocrx_word' id='word_1_171' title='bbox 1101 1397 1364 1438; x_wconf 82' lang='lat' dir='ltr'>ordinandam</span> <span class='ocrx_word' id='word_1_172' title='bbox 1398 1399 1525 1438; x_wconf 91' lang='lat' dir='ltr'>aciem</span> <span class='ocrx_word' id='word_1_173' title='bbox 1559 1411 1704 1453; x_wconf 90' lang='lat' dir='ltr'>capto,</span> <span class='ocrx_word' id='word_1_174' title='bbox 1736 1397 1993 1453; x_wconf 80' lang='lat' dir='ltr'>incompositi</span> 
     </span>
     <span class='ocr_line' id='line_1_27' title="bbox 614 1458 1993 1515; baseline 0.001 -17"><span class='ocrx_word' id='word_1_175' title='bbox 614 1458 775 1512; x_wconf 75' lang='lat' dir='ltr'>fessique</span> <span class='ocrx_word' id='word_1_176' title='bbox 809 1458 998 1514; x_wconf 87' lang='lat' dir='ltr'>proelium</span> <span class='ocrx_word' id='word_1_177' title='bbox 1029 1460 1251 1515; x_wconf 88' lang='lat' dir='ltr'>sumpsere:</span> <span class='ocrx_word' id='word_1_178' title='bbox 1282 1476 1374 1501; x_wconf 88' lang='lat' dir='ltr'>nam</span> <span class='ocrx_word' id='word_1_179' title='bbox 1411 1459 1554 1500; x_wconf 89' lang='lat' dir='ltr'>Civilis</span> <span class='ocrx_word' id='word_1_180' title='bbox 1590 1461 1725 1501; x_wconf 89' lang='lat' dir='ltr'>aderat</span> <span class='ocrx_word' id='word_1_181' title='bbox 1751 1476 1833 1502; x_wconf 90' lang='lat' dir='ltr'>non</span> <span class='ocrx_word' id='word_1_182' title='bbox 1864 1461 1993 1500; x_wconf 74' lang='lat' dir='ltr'>minus</span> 
     </span>
     <span class='ocr_line' id='line_1_28' title="bbox 616 1521 1995 1579; baseline 0.001 -18"><span class='ocrx_word' id='word_1_183' title='bbox 616 1523 724 1562; x_wconf 86' lang='lat' dir='ltr'>vitiis</span> <span class='ocrx_word' id='word_1_184' title='bbox 751 1523 921 1562; x_wconf 88' lang='lat' dir='ltr'>hostium</span> <span class='ocrx_word' id='word_1_185' title='bbox 939 1552 951 1573; x_wconf 87' lang='lat'>,</span> <span class='ocrx_word' id='word_1_186' title='bbox 982 1521 1097 1576; x_wconf 71' lang='lat' dir='ltr'>quam</span> <span class='ocrx_word' id='word_1_187' title='bbox 1124 1524 1270 1563; x_wconf 89' lang='lat' dir='ltr'>virtute</span> <span class='ocrx_word' id='word_1_188' title='bbox 1295 1524 1454 1564; x_wconf 88' lang='lat' dir='ltr'>suorum</span> <span class='ocrx_word' id='word_1_189' title='bbox 1477 1523 1613 1563; x_wconf 89' lang='lat' dir='ltr'>fretus.</span> <span class='ocrx_word' id='word_1_190' title='bbox 1637 1524 1758 1564; x_wconf 87' lang='lat' dir='ltr'>Varia</span> <span class='ocrx_word' id='word_1_191' title='bbox 1781 1523 1885 1579; x_wconf 90' lang='lat' dir='ltr'>apud</span> <span class='ocrx_word' id='word_1_192' title='bbox 1906 1524 1995 1563; x_wconf 86' lang='lat' dir='ltr'>Ro-</span> 
     </span>
     <span class='ocr_line' id='line_1_29' title="bbox 617 1585 1995 1641; baseline 0.001 -18"><span class='ocrx_word' id='word_1_193' title='bbox 617 1599 756 1625; x_wconf 84' lang='lat' dir='ltr'>manos</span> <span class='ocrx_word' id='word_1_194' title='bbox 782 1585 971 1635; x_wconf 89' lang='lat' dir='ltr'>fortuna,</span> <span class='ocrx_word' id='word_1_195' title='bbox 999 1589 1040 1626; x_wconf 84' lang='lat'>&amp;</span> <span class='ocrx_word' id='word_1_196' title='bbox 1070 1586 1373 1626; x_wconf 81' lang='lat' dir='ltr'>seditiofiffimus</span> <span class='ocrx_word' id='word_1_197' title='bbox 1407 1585 1571 1640; x_wconf 89' lang='lat' dir='ltr'>quisque</span> <span class='ocrx_word' id='word_1_198' title='bbox 1608 1587 1799 1641; x_wconf 84' lang='lat' dir='ltr'>ignavus:</span> <span class='ocrx_word' id='word_1_199' title='bbox 1833 1585 1995 1640; x_wconf 85' lang='lat' dir='ltr'>quidam</span> 
     </span>
     <span class='ocr_line' id='line_1_30' title="bbox 615 1647 1995 1700; baseline 0.001 -13"><span class='ocrx_word' id='word_1_200' title='bbox 615 1648 790 1688; x_wconf 88' lang='lat' dir='ltr'>recentis</span> <span class='ocrx_word' id='word_1_201' title='bbox 823 1649 994 1688; x_wconf 70' lang='lat' dir='ltr'>vi&amp;oriae</span> <span class='ocrx_word' id='word_1_202' title='bbox 1027 1664 1225 1690; x_wconf 88' lang='lat' dir='ltr'>memores</span> <span class='ocrx_word' id='word_1_203' title='bbox 1241 1680 1254 1700; x_wconf 92' lang='lat'>,</span> <span class='ocrx_word' id='word_1_204' title='bbox 1278 1651 1448 1690; x_wconf 88' lang='lat' dir='ltr'>retinere</span> <span class='ocrx_word' id='word_1_205' title='bbox 1472 1647 1611 1690; x_wconf 89' lang='lat' dir='ltr'>locum</span> <span class='ocrx_word' id='word_1_206' title='bbox 1625 1678 1638 1700; x_wconf 87' lang='lat'>,</span> <span class='ocrx_word' id='word_1_207' title='bbox 1662 1649 1780 1690; x_wconf 92' lang='lat' dir='ltr'>ferire</span> <span class='ocrx_word' id='word_1_208' title='bbox 1811 1650 1964 1690; x_wconf 89' lang='lat' dir='ltr'>hostem</span> <span class='ocrx_word' id='word_1_209' title='bbox 1981 1678 1995 1699; x_wconf 86' lang='lat'>,</span> 
     </span>
     <span class='ocr_line' id='line_1_31' title="bbox 618 1710 1996 1766; baseline 0.001 -16"><span class='ocrx_word' id='word_1_210' title='bbox 618 1711 736 1764; x_wconf 88' lang='lat' dir='ltr'>seque</span> <span class='ocrx_word' id='word_1_211' title='bbox 761 1714 801 1750; x_wconf 63' lang='grc' dir='ltr'>ὃς</span> <span class='ocrx_word' id='word_1_212' title='bbox 833 1713 1039 1766; x_wconf 86' lang='lat' dir='ltr'>proximos</span> <span class='ocrx_word' id='word_1_213' title='bbox 1066 1713 1237 1753; x_wconf 83' lang='lat' dir='ltr'>hortari:</span> <span class='ocrx_word' id='word_1_214' title='bbox 1267 1716 1306 1753; x_wconf 76' lang='grc' dir='ltr'>ὅ(</span> <span class='ocrx_word' id='word_1_215' title='bbox 1339 1710 1606 1766; x_wconf 62' lang='lat' dir='ltr'>redintegrata</span> <span class='ocrx_word' id='word_1_216' title='bbox 1639 1713 1751 1763; x_wconf 91' lang='lat' dir='ltr'>acie,</span> <span class='ocrx_word' id='word_1_217' title='bbox 1771 1727 1911 1753; x_wconf 88' lang='lat' dir='ltr'>manus</span> <span class='ocrx_word' id='word_1_218' title='bbox 1946 1711 1996 1752; x_wconf 92' lang='lat' dir='ltr'>ad</span> 
     </span>
     <span class='ocr_line' id='line_1_32' title="bbox 616 1773 1994 1831; baseline 0.001 -18"><span class='ocrx_word' id='word_1_219' title='bbox 616 1773 789 1814; x_wconf 82' lang='lat' dir='ltr'>obsessos</span> <span class='ocrx_word' id='word_1_220' title='bbox 811 1774 1001 1824; x_wconf 89' lang='lat' dir='ltr'>tendere,</span> <span class='ocrx_word' id='word_1_221' title='bbox 1024 1792 1046 1811; x_wconf 74' lang='lat' dir='ltr'>&lt;t</span> <span class='ocrx_word' id='word_1_222' title='bbox 1069 1791 1119 1816; x_wconf 90' lang='lat' dir='ltr'>ne</span> <span class='ocrx_word' id='word_1_223' title='bbox 1147 1777 1319 1831; x_wconf 87' lang='lat' dir='ltr'>tempori</span> <span class='ocrx_word' id='word_1_224' title='bbox 1345 1775 1521 1816; x_wconf 72' lang='lat' dir='ltr'>deessent</span> <span class='ocrx_word' id='word_1_225' title='bbox 1533 1792 1575 1816; x_wconf 74' lang='lat'>³).</span> <span class='ocrx_word' id='word_1_226' title='bbox 1599 1774 1693 1826; x_wconf 91' lang='lat' dir='ltr'>Illi,</span> <span class='ocrx_word' id='word_1_227' title='bbox 1715 1777 1855 1816; x_wconf 67' lang='lat' dir='ltr'>cun&amp;a</span> <span class='ocrx_word' id='word_1_228' title='bbox 1877 1789 1994 1815; x_wconf 91' lang='lat' dir='ltr'>emu-</span> 
     </span>
     <span class='ocr_line' id='line_1_33' title="bbox 618 1837 1994 1894; baseline 0.002 -19"><span class='ocrx_word' id='word_1_229' title='bbox 618 1838 668 1876; x_wconf 83' lang='lat' dir='ltr'>ris</span> <span class='ocrx_word' id='word_1_230' title='bbox 702 1851 938 1888; x_wconf 88' lang='lat' dir='ltr'>cernentes,</span> <span class='ocrx_word' id='word_1_231' title='bbox 961 1837 1145 1878; x_wconf 89' lang='lat' dir='ltr'>omnibus</span> <span class='ocrx_word' id='word_1_232' title='bbox 1177 1840 1300 1894; x_wconf 89' lang='lat' dir='ltr'>portis</span> <span class='ocrx_word' id='word_1_233' title='bbox 1329 1851 1607 1894; x_wconf 89' lang='lat' dir='ltr'>prorumpunt.</span> <span class='ocrx_word' id='word_1_234' title='bbox 1634 1839 1697 1879; x_wconf 90' lang='lat' dir='ltr'>Ac</span> <span class='ocrx_word' id='word_1_235' title='bbox 1724 1839 1828 1879; x_wconf 77' lang='lat' dir='ltr'>forte</span> <span class='ocrx_word' id='word_1_236' title='bbox 1851 1837 1994 1878; x_wconf 90' lang='lat' dir='ltr'>Civilis</span> 
     </span>
     <span class='ocr_line' id='line_1_34' title="bbox 617 1897 1996 1957; baseline 0.002 -20"><span class='ocrx_word' id='word_1_237' title='bbox 617 1897 729 1953; x_wconf 85' lang='lat' dir='ltr'>lapsu</span> <span class='ocrx_word' id='word_1_238' title='bbox 749 1900 840 1953; x_wconf 90' lang='lat' dir='ltr'>equi</span> <span class='ocrx_word' id='word_1_239' title='bbox 867 1901 1101 1956; x_wconf 86' lang='lat' dir='ltr'>prostratus,</span> <span class='ocrx_word' id='word_1_240' title='bbox 1123 1901 1273 1942; x_wconf 62' lang='lat' dir='ltr'>credita</span> <span class='ocrx_word' id='word_1_241' title='bbox 1295 1916 1364 1957; x_wconf 88' lang='lat' dir='ltr'>per</span> <span class='ocrx_word' id='word_1_242' title='bbox 1390 1916 1603 1955; x_wconf 88' lang='lat' dir='ltr'>utrumque</span> <span class='ocrx_word' id='word_1_243' title='bbox 1623 1903 1845 1942; x_wconf 87' lang='lat' dir='ltr'>exercitum</span> <span class='ocrx_word' id='word_1_244' title='bbox 1865 1898 1968 1941; x_wconf 62' lang='lat' dir='ltr'>fama</span> <span class='ocrx_word' id='word_1_245' title='bbox 1982 1929 1996 1951; x_wconf 89' lang='lat'>,</span> 
     </span>
     <span class='ocr_line' id='line_1_35' title="bbox 624 1961 1994 2020; baseline 0.004 -22"><span class='ocrx_word' id='word_1_246' title='bbox 624 1978 645 1997; x_wconf 87' lang='lat'>«</span> <span class='ocrx_word' id='word_1_247' title='bbox 664 1961 917 2002; x_wconf 85' lang='lat' dir='ltr'>vulneratum</span> <span class='ocrx_word' id='word_1_248' title='bbox 939 1977 1005 2003; x_wconf 90' lang='lat' dir='ltr'>aut</span> <span class='ocrx_word' id='word_1_249' title='bbox 1026 1964 1277 2004; x_wconf 69' lang='lat' dir='ltr'>interfe&#39;Ctum</span> <span class='ocrx_word' id='word_1_250' title='bbox 1292 1982 1312 2001; x_wconf 87' lang='lat'>»</span> <span class='ocrx_word' id='word_1_251' title='bbox 1324 1994 1335 2013; x_wconf 90' lang='lat'>‚</span> <span class='ocrx_word' id='word_1_252' title='bbox 1365 1965 1538 2005; x_wconf 89' lang='lat' dir='ltr'>immane</span> <span class='ocrx_word' id='word_1_253' title='bbox 1555 1977 1747 2018; x_wconf 87' lang='lat' dir='ltr'>quantum</span> <span class='ocrx_word' id='word_1_254' title='bbox 1775 1965 1851 2006; x_wconf 87' lang='lat' dir='ltr'>suis</span> <span class='ocrx_word' id='word_1_255' title='bbox 1872 1979 1994 2020; x_wconf 89' lang='lat' dir='ltr'>pavo-</span> 
     </span>
     <span class='ocr_line' id='line_1_36' title="bbox 618 2024 1375 2073; baseline 0.005 -10"><span class='ocrx_word' id='word_1_256' title='bbox 618 2024 697 2073; x_wconf 85' lang='lat' dir='ltr'>ris,</span> <span class='ocrx_word' id='word_1_257' title='bbox 722 2029 760 2064; x_wconf 84' lang='lat'>&amp;</span> <span class='ocrx_word' id='word_1_258' title='bbox 785 2025 959 2066; x_wconf 87' lang='lat' dir='ltr'>hostibus</span> <span class='ocrx_word' id='word_1_259' title='bbox 983 2025 1197 2068; x_wconf 86' lang='lat' dir='ltr'>alacritatis</span> <span class='ocrx_word' id='word_1_260' title='bbox 1218 2027 1375 2068; x_wconf 86' lang='lat' dir='ltr'>indidit.</span> 
     </span>
    </p>

    <p class='ocr_par' dir='ltr' id='par_1_8' title="bbox 614 2086 1996 2271">
     <span class='ocr_line' id='line_1_37' title="bbox 680 2086 1995 2144; baseline 0.002 -18"><span class='ocrx_word' id='word_1_261' title='bbox 680 2086 878 2130; x_wconf 91' lang='lat' dir='ltr'><strong>XXXV.</strong></span> <span class='ocrx_word' id='word_1_262' title='bbox 911 2090 1006 2130; x_wconf 82' lang='lat' dir='ltr'>SED</span> <span class='ocrx_word' id='word_1_263' title='bbox 1031 2089 1218 2140; x_wconf 85' lang='lat' dir='ltr'>Vocula,</span> <span class='ocrx_word' id='word_1_264' title='bbox 1245 2090 1388 2131; x_wconf 79' lang='lat' dir='ltr'>omissis</span> <span class='ocrx_word' id='word_1_265' title='bbox 1409 2089 1650 2144; x_wconf 86' lang='lat' dir='ltr'>fugientium</span> <span class='ocrx_word' id='word_1_266' title='bbox 1676 2090 1822 2143; x_wconf 84' lang='lat' dir='ltr'>tergis,</span> <span class='ocrx_word' id='word_1_267' title='bbox 1843 2088 1995 2130; x_wconf 88' lang='lat' dir='ltr'>vallum</span> 
     </span>
     <span class='ocr_line' id='line_1_38' title="bbox 615 2150 1995 2208; baseline 0.001 -19"><span class='ocrx_word' id='word_1_268' title='bbox 615 2150 820 2203; x_wconf 86' lang='lat' dir='ltr'>turresque</span> <span class='ocrx_word' id='word_1_269' title='bbox 851 2153 1064 2193; x_wconf 85' lang='lat' dir='ltr'>castrorum</span> <span class='ocrx_word' id='word_1_270' title='bbox 1083 2158 1101 2181; x_wconf 86' lang='lat'>4</span> <span class='ocrx_word' id='word_1_271' title='bbox 1128 2153 1298 2208; x_wconf 83' lang='lat' dir='ltr'>augebat</span> <span class='ocrx_word' id='word_1_272' title='bbox 1311 2184 1323 2204; x_wconf 89' lang='lat'>,</span> <span class='ocrx_word' id='word_1_273' title='bbox 1348 2167 1550 2206; x_wconf 86' lang='lat' dir='ltr'>tamquam</span> <span class='ocrx_word' id='word_1_274' title='bbox 1569 2152 1697 2193; x_wconf 85' lang='lat' dir='ltr'>rursus</span> <span class='ocrx_word' id='word_1_275' title='bbox 1713 2152 1905 2193; x_wconf 82' lang='lat' dir='ltr'>obfidium</span> <span class='ocrx_word' id='word_1_276' title='bbox 1920 2154 1995 2191; x_wconf 87' lang='lat' dir='ltr'>im-</span> 
     </span>
     <span class='ocr_line' id='line_1_39' title="bbox 614 2212 1996 2271; baseline 0.002 -19"><span class='ocrx_word' id='word_1_277' title='bbox 614 2214 807 2253; x_wconf 86' lang='lat' dir='ltr'>mineret:</span> <span class='ocrx_word' id='word_1_278' title='bbox 832 2214 1017 2270; x_wconf 62' lang='lat' dir='ltr'>corrupta</span> <span class='ocrx_word' id='word_1_279' title='bbox 1049 2217 1196 2257; x_wconf 88' lang='lat' dir='ltr'>totiens</span> <span class='ocrx_word' id='word_1_280' title='bbox 1228 2215 1416 2266; x_wconf 52' lang='lat' dir='ltr'>victoria,</span> <span class='ocrx_word' id='word_1_281' title='bbox 1450 2232 1531 2256; x_wconf 90' lang='lat' dir='ltr'>non</span> <span class='ocrx_word' id='word_1_282' title='bbox 1558 2214 1659 2256; x_wconf 81' lang='lat' dir='ltr'>falso</span> <span class='ocrx_word' id='word_1_283' title='bbox 1686 2216 1881 2271; x_wconf 63' lang='lat' dir='ltr'>suspefims</span> <span class='ocrx_word' id='word_1_284' title='bbox 1909 2212 1996 2255; x_wconf 88' lang='lat' dir='ltr'>bel-</span> 
     </span>
    </p>
   </div>
   <div class='ocr_carea' id='block_1_8' title="bbox 616 2305 1996 2424">
    <p class='ocr_par' dir='ltr' id='par_1_9' title="bbox 616 2305 1996 2424">
     <span class='ocr_line' id='line_1_40' title="bbox 657 2305 1995 2349; baseline 0.001 -15"><span class='ocrx_word' id='word_1_285' title='bbox 657 2309 665 2349; x_wconf 57' lang='lat'>}</span> <span class='ocrx_word' id='word_1_286' title='bbox 690 2306 852 2335; x_wconf 78' lang='lat' dir='ltr'>OBSIDIUM</span> <span class='ocrx_word' id='word_1_287' title='bbox 873 2308 1060 2344; x_wconf 56' lang='lat' dir='ltr'>morosum]</span> <span class='ocrx_word' id='word_1_288' title='bbox 1087 2308 1134 2338; x_wconf 89' lang='lat' dir='ltr'>De</span> <span class='ocrx_word' id='word_1_289' title='bbox 1153 2319 1216 2348; x_wconf 90' lang='lat' dir='ltr'>quo</span> <span class='ocrx_word' id='word_1_290' title='bbox 1240 2309 1286 2339; x_wconf 86' lang='lat' dir='ltr'>su·</span> <span class='ocrx_word' id='word_1_291' title='bbox 1367 2314 1376 2334; x_wconf 86' lang='lat'><em>³</em></span> <span class='ocrx_word' id='word_1_292' title='bbox 1401 2309 1745 2345; x_wconf 64' lang='lat' dir='ltr'>Dev0s1r1s]F0re‚ut</span> <span class='ocrx_word' id='word_1_293' title='bbox 1756 2305 1995 2345; x_wconf 83' lang='lat' dir='ltr'>depofitis‚&amp;c.</span> 
     </span>
     <span class='ocr_line' id='line_1_41' title="bbox 616 2346 1830 2385; baseline -0.005 -5"><span class='ocrx_word' id='word_1_294' title='bbox 616 2352 671 2380; x_wconf 69' lang='lat' dir='ltr'>Fra</span> <span class='ocrx_word' id='word_1_295' title='bbox 685 2353 750 2382; x_wconf 68' lang='lat'>⁰³?-</span> <span class='ocrx_word' id='word_1_296' title='bbox 776 2354 822 2381; x_wconf 85' lang='lat'>30·</span> <span class='ocrx_word' id='word_1_297' title='bbox 1326 2349 1396 2378; x_wconf 84' lang='lat' dir='ltr'>Haec</span> <span class='ocrx_word' id='word_1_298' title='bbox 1414 2348 1488 2385; x_wconf 81' lang='lat' dir='ltr'>saepe</span> <span class='ocrx_word' id='word_1_299' title='bbox 1505 2348 1657 2377; x_wconf 88' lang='lat' dir='ltr'>omittunt</span> <span class='ocrx_word' id='word_1_300' title='bbox 1676 2346 1830 2376; x_wconf 85' lang='lat' dir='ltr'>Historici.</span> 
     </span>
     <span class='ocr_line' id='line_1_42' title="bbox 658 2383 1996 2424; baseline -0.001 -11"><span class='ocrx_word' id='word_1_301' title='bbox 658 2385 668 2398; x_wconf 86' lang='lat'>²</span> <span class='ocrx_word' id='word_1_302' title='bbox 692 2383 724 2412; x_wconf 74' lang='lat' dir='ltr'>ln</span> <span class='ocrx_word' id='word_1_303' title='bbox 757 2394 931 2415; x_wconf 65' lang='lat' dir='ltr'>coxsrncru</span> <span class='ocrx_word' id='word_1_304' title='bbox 954 2396 1143 2416; x_wconf 79' lang='lat' dir='ltr'>cASTRORUM</span> <span class='ocrx_word' id='word_1_305' title='bbox 1166 2388 1181 2424; x_wconf 98' lang='lat'>]</span> <span class='ocrx_word' id='word_1_306' title='bbox 1209 2387 1285 2417; x_wconf 80' lang='lat' dir='ltr'>Cas·</span> <span class='ocrx_word' id='word_1_307' title='bbox 1365 2391 1379 2409; x_wconf 80' lang='lat'>4</span> <span class='ocrx_word' id='word_1_308' title='bbox 1402 2387 1622 2423; x_wconf 65' lang='lat' dir='ltr'>CAsTRonum]</span> <span class='ocrx_word' id='word_1_309' title='bbox 1637 2386 1813 2416; x_wconf 73' lang='lat' dir='ltr'>Castrorum</span> <span class='ocrx_word' id='word_1_310' title='bbox 1827 2387 1996 2419; x_wconf 81' lang='lat' dir='ltr'>Veterum,</span> 
     </span>
    </p>
   </div>
   <div class='ocr_carea' id='block_1_9' title="bbox 616 2423 1445 2462">
    <p class='ocr_par' dir='ltr' id='par_1_10' title="bbox 616 2423 1445 2462">
     <span class='ocr_line' id='line_1_43' title="bbox 616 2423 1445 2462; baseline 0.004 -10"><span class='ocrx_word' id='word_1_311' title='bbox 616 2427 736 2453; x_wconf 74' lang='lat' dir='ltr'>trorum</span> <span class='ocrx_word' id='word_1_312' title='bbox 754 2425 903 2455; x_wconf 86' lang='lat' dir='ltr'>Veterum</span> <span class='ocrx_word' id='word_1_313' title='bbox 915 2447 926 2462; x_wconf 89' lang='lat'>‚</span> <span class='ocrx_word' id='word_1_314' title='bbox 945 2423 1065 2455; x_wconf 74' lang='lat' dir='ltr'>Samen.</span> <span class='ocrx_word' id='word_1_315' title='bbox 1325 2424 1445 2455; x_wconf 78' lang='lat' dir='ltr'>Samen.</span> 
     </span>
    </p>
   </div>
   <div class='ocr_carea' id='block_1_10' title="bbox 2022 842 2070 870">
    <p class='ocr_par' dir='ltr' id='par_1_11' title="bbox 2022 842 2070 870">
     <span class='ocr_line' id='line_1_44' title="bbox 2022 842 2070 870; baseline 0.021 -1"><span class='ocrx_word' id='word_1_316' title='bbox 2022 842 2070 870; x_wconf 87' lang='lat'>10</span> 
     </span>
    </p>
   </div>
   <div class='ocr_carea' id='block_1_11' title="bbox 2022 1469 2076 1495">
    <p class='ocr_par' dir='ltr' id='par_1_12' title="bbox 2022 1469 2076 1495">
     <span class='ocr_line' id='line_1_45' title="bbox 2022 1469 2076 1495; baseline 0 0"><span class='ocrx_word' id='word_1_317' title='bbox 2022 1469 2076 1495; x_wconf 89' lang='lat'>20</span> 
     </span>
    </p>
   </div>
   <div class='ocr_carea' id='block_1_12' title="bbox 2025 2101 2080 2138">
    <p class='ocr_par' dir='ltr' id='par_1_13' title="bbox 2025 2101 2080 2138">
     <span class='ocr_line' id='line_1_46' title="bbox 2025 2101 2080 2138; baseline 0 -10"><span class='ocrx_word' id='word_1_318' title='bbox 2025 2101 2080 2138; x_wconf 77' lang='lat'>30</span> 
     </span>
    </p>
   </div>
  </div>
 </body>
</html>
