2230 3047
628 215 710 250 104
888 198 937 239 C.
1003 196 1405 241 CORNELII
1468 195 1757 237 TACITI

478 312 591 317 -.-
612 293 704 320 »tus
719 308 731 328 ,
759 293 879 329 num,
905 279 1032 335 posito
1063 281 1306 329 certamine,
1336 276 1403 318 vel
1421 277 1490 333 ipsi
1516 278 1559 316 in
1590 276 1769 317 medium
1793 274 1994 318 consulta-

477 336 591 408 Ag'zc'
611 360 632 378 »
643 355 731 382 rent
744 371 756 391 ,
777 341 844 382 vel
863 341 1016 383 senatui
1030 345 1307 398 permitterent
1325 340 1458 396 legere
1475 340 1777 395 Imperatorem.
1793 339 1928 392 Atque
1943 342 1995 381 eb

498 436 521 459 J·
534 400 569 459 C:
611 405 765 445 »duces
789 405 1046 446 Othonianos
1067 406 1236 462 spatium
1256 419 1302 445 ac
1321 418 1452 444 moras
1472 402 1620 443 suasisse
1633 431 1646 452 ‚
1667 403 1864 457 praecipue
1883 400 1996 442 Paul⁴

508 481 559 515 69.
612 485 634 504 2>
645 467 794 514 linum3
810 468 918 522 quod
931 469 1204 509 vetustissimus
1219 466 1509 516 consularium,
1527 470 1566 506 &
1581 464 1724 505 militia
1739 464 1890 515 clarus,
1907 463 1996 519 glo-

611 532 740 572 »riam
756 546 982 585 nomenque
996 531 1236 572 Britannicis
1256 528 1578 586 expeditionibus
1602 534 1612 550 ¹
1635 527 1834 568 meruisset
1849 545 1869 564 >2
1882 558 1891 567 .
1905 526 1996 581 Ego
2052 533 2082 575 ς’

612 607 658 634 ut
680 594 940 635 concesserim
954 624 966 645 ,
993 595 1096 650 apud
1117 608 1293 650 paucos,
1319 594 1446 633 tacito
1466 606 1564 632 voto
1579 621 1591 642 ‚
1621 592 1796 645 quietem
1819 605 1891 646 pro
1917 589 1997 630 dis-

613 655 748 698 cordia
761 686 774 706 ‚
794 656 947 698 bonum
970 659 1286 698 &innocentem
1303 656 1531 711 Principem
1546 684 1558 705 ,
1582 669 1654 710 pro
1674 653 1842 710 pessimis
1859 668 1905 694 ac
1924 652 1997 692 fla—

613 719 862 774 gitiosissimis
897 721 1139 776 expetitum:
1168 720 1223 759 ita
1242 733 1371 773 neque
1397 716 1624 759 Paullinum
1640 746 1652 767 ,
1683 716 1758 770 qua
1787 714 1998 772 prudentia

611 783 688 823 fuit
704 812 716 833 ‚
743 781 906 838 sperasse
920 812 933 832 ,
960 781 1251 838 corruptissimo
1268 780 1411 822 saeculo
1425 810 1436 831 ,
1458 794 1611 821 tantam
1631 779 1744 834 vulgi
1759 779 1997 820 moderatio-

614 860 706 886 nem
722 875 735 896 ,
759 860 848 886 reor
864 875 877 895 ,
901 858 945 886 ut
957 875 970 895 ‚
999 847 1066 899 qui
1089 859 1230 901 pacem
1253 843 1351 885 belli
1378 859 1512 885 amore
1537 842 1819 892 turbaverant,
1842 840 1995 882 bellum
2029 852 2082 884 ιο,

615 910 724 964 pacis
748 909 910 948 caritate
931 907 1202 963 deponerent:
1229 921 1358 961 neque
1380 920 1446 947 aut
1472 907 1669 947 exercitus
1695 904 1842 959 linguis
1875 905 1998 945 mori-

617 971 766 1024 busque
787 970 958 1011 dissonos
973 1000 984 1018 ‚
1012 972 1052 1010 in
1076 972 1186 1010 hunc
1207 969 1444 1010 consensum
1463 968 1630 1024 potuisse
1655 966 1906 1016 coalescere,
1930 980 1998 1008 aut

615 1033 771 1088 legatos
792 1048 838 1074 ac
863 1033 983 1073 duces
997 1062 1010 1082 ,
1035 1031 1179 1087 magna
1198 1046 1248 1072 ex
1266 1045 1375 1087 parte
1399 1030 1515 1072 luxus
1527 1061 1540 1081 ‚
1565 1031 1746 1085 egestatis
1762 1059 1775 1080 ,
1799 1028 1996 1070 scelerum

616 1096 686 1136 sibi
708 1096 918 1147 conscios,
950 1095 1019 1136 nisi
1042 1094 1244 1151 pollutum
1268 1094 1572 1148 obstri'dumque
1603 1094 1752 1134 meritis
1783 1092 1858 1133 suis
1884 1093 1998 1134 Prin-

619 1160 750 1214 cipem
773 1159 959 1214 passuros.
2030 1161 2079 1203 15

680 1222 957 1263 XXXVIII.
992 1222 1184 1273 VETUS,
1210 1237 1255 1263 ac
1276 1221 1355 1274 jam
1371 1222 1526 1279 pridem
1543 1222 1655 1262 insita
1675 1217 1909 1261 mortalibus
1930 1233 2001 1274 po-

617 1286 750 1326 tenti-:e
772 1285 919 1342 cupido
941 1289 954 1306 ²
969 1313 982 1335 ,
1011 1299 1104 1325 cum
1128 1286 1285 1341 imperii
1308 1285 1584 1340 magnitudine
1618 1283 1822 1332 adolevit,
1852 1283 2001 1337 erupit-

619 1363 708 1401 que.
725 1349 834 1388 Nam
847 1348 962 1389 rebus
975 1348 1146 1389 modicis
1154 1378 1167 1398 ‚
1181 1347 1378 1402 aequalitas
1394 1347 1513 1389 facile
1528 1347 1762 1388 habebatur:
1780 1345 1847 1386 sed
1860 1344 1928 1385 ubi
1945 1344 2002 1384 su-

618 1410 732 1451 bafiio
744 1410 860 1461 orbe,
876 1415 914 1452 &
929 1409 1078 1451 aemulis
1098 1410 1260 1451 urbibus
1282 1415 1292 1439 ³
1314 1410 1524 1465 regibusve
1548 1410 1685 1451 excifis
1700 1439 1712 1459 ‚
1737 1409 1891 1449 securas
1905 1420 2003 1463 opes

619 1474 906 1529 concupiscere
919 1488 1091 1514 vacuum
1108 1473 1184 1513 fuit
1198 1479 1236 1523 4,
1259 1475 1385 1529 prima
1400 1475 1503 1514 inter
1518 1487 1647 1529 patres
1663 1471 1902 1529 plebemque
1918 1484 2002 1511 cer·
2026 1481 2085 1509 20

618 1538 768 1579 tamina
785 1537 974 1577 exarsere.
989 1536 1120 1576 Modo
1136 1535 1356 1577 turbulenti
1369 1535 1538 1587 tribuni,
1558 1535 1680 1576 modo
1705 1532 1889 1576 consules
1906 1548 2004 1589 prae-

620 1598 764 1650 validi,
780 1604 818 1640 ὃ(
834 1600 874 1639 in
889 1598 996 1640 Urbe
1013 1614 1059 1639 ac
1074 1599 1164 1640 foro
1179 1611 1424 1640 tentamenta
1439 1599 1619 1640 civilium
1634 1596 1846 1639 bellorum.
1862 1597 1966 1637 Mox
1981 1611 2004 1637 e

618 1660 736 1717 plebe
753 1660 887 1702 infima
903 1666 915 1693 5
924 1691 937 1712 ‚
955 1661 1002 1702 C.
1016 1662 1169 1702 Marius
1182 1692 1195 1712 ‚
1214 1666 1254 1702 &
1269 1661 1467 1703 nobilium
1483 1662 1702 1702 saevissimus
1717 1661 1765 1701 L.
1778 1658 1909 1710 Sulla,
1923 1660 2004 1700 vic-

619 1739 700 1764 tam
717 1727 832 1765 armis
846 1723 1075 1765 libertatem·
1086 1726 1129 1764 in
1143 1725 1460 1766 dominationem
1474 1739 1690 1766 verterunt.
1706 1724 1795 1765 Post
1811 1737 1910 1777 quos
1927 1721 2004 1763 Cn.

621 1788 836 1844 Pompeius
859 1786 1060 1835 occultior
1072 1817 1084 1838 ,
1105 1803 1187 1829 non
1208 1787 1364 1829 melior.
1381 1788 1433 1829 Et
1453 1803 1670 1843 numquam
1687 1788 1846 1843 postea,
1866 1785 1936 1826 nisi
1956 1785 2005 1826 de
2028 1792 2082 1832 25

662 1901 670 1914 ¹
695 1897 985 1932 Expnmnomssus]
1007 1897 1054 1926 De
1083 1895 1194 1936 quibus
1216 1896 1308 1934 saepei
1329 1906 1375 1926 ars
1396 1896 1520 1933 Taciti;
1537 1895 1611 1935 qui,
1631 1895 1789 1935 egregium
1819 1894 1931 1925 ducem
1960 1893 2004 1924 se-

623 1934 710 1974 supra
734 1936 846 1965 Annal.
871 1937 954 1967 XIV.
1331 1944 1464 1975 quutus,
1488 1936 1516 1965 se
1536 1945 1638 1973 parem
1659 1934 1890 1973 superioremve
1915 1933 2004 1973 praes-

663 1979 674 1992 ²
698 1975 861 2005 Porruriffi
884 1986 999 2006 CUPIDO
1013 1976 1027 2011 ]
1047 1976 1094 2004 Ita
1111 1974 1207 2005 ferme
1228 1974 1292 2004 Sal-
1330 1975 1407 2009 titit,
1420 1977 1491 2004 c'nm
1508 1974 1670 2004 immensas
1685 1975 1900 2004 Romanorum
1911 1983 1957 2003 res
1968 1973 2003 2003 &c

622 2012 724 2044 Iustius
753 2013 892 2052 Jugurth.
918 2015 973 2044 VI.
995 2014 1109 2043 Natura
1139 2013 1291 2042 mortalium
1331 2014 1491 2052 cupidines
1515 2021 1578 2043 tam
1602 2012 1714 2043 validis
1732 2012 1835 2043 verbis
1853 2011 2004 2042 sensibus-

622 2052 706 2080 avida
726 2052 850 2088 imperii,
871 2051 902 2081 Εν
926 2063 1049 2090 praeceps
1067 2051 1103 2081 ad
1130 2051 1291 2089 explendam
1331 2063 1391 2092 que
1413 2052 1566 2083 coercuit.
1583 2052 1704 2081 securas
1718 2059 1822 2082 autem
1844 2060 1906 2087 opes
1935 2060 2003 2079 con-

622 2091 709 2120 animi
732 2091 894 2128 cupidinem.
1332 2092 1463 2130 cupiscere
1477 2102 1591 2121 vacuum
1604 2091 1680 2128 filit,
1699 2093 1779 2121 recle
1802 2090 1937 2129 explicat
1963 2090 2004 2119 ll-

664 2135 674 2156 3
697 2131 857 2165 Unmssus]
884 2130 1072 2170 Carthagine
1099 2130 1233 2161 maxime
1257 2141 1291 2161 ac
1332 2131 1564 2161 lustr.Huetius:
1590 2141 1655 2161 non
1668 2130 1799 2169 amplius
1809 2129 1928 2159 necesse
1943 2127 2003 2160 fuit

623 2169 808 2199 Numantia.
1330 2170 1484 2201 securitati
1501 2179 1654 2208 partarum
1667 2179 1762 2208 opum
1776 2168 1963 2208 prospicere.

663 2213 678 2231 4
699 2209 937 2239 concupiscam
961 2219 1093 2241 vacuum
1116 2210 1206 2246 rurr]
1224 2209 1291 2238 Nec
1373 2215 1380 2236 5
1405 2210 1428 2239 E
1450 2220 1543 2240 ηεεε
1560 2220 1669 2239 mmm
1684 2213 1694 2242 ]
1709 2207 1791 2245 Quia
1802 2207 1925 2246 plebeia
1938 2213 2004 2237 erat

625 2247 715 2278 aliter
726 2248 879 2278 Sallustius
898 2249 1020 2286 Fragm.
1033 2247 1106 2277 Hist.
1123 2249 1154 2282 Ι,
1175 2258 1202 2285 3.
1219 2247 1291 2285 Post·
1331 2248 1501 2279 Mariorum
1522 2247 1649 2278 familia.
1665 2250 1745 2278 Vere
1763 2247 1800 2277 de
1815 2246 1917 2277 Mario
1929 2246 2003 2276 Vel-

623 2296 702 2324 quam
713 2309 722 2323 ,
735 2296 832 2315 remoto
840 2297 910 2315 metu
923 2286 1027 2315 Punico
1037 2286 1204 2325 ‚simultates
1216 2297 1292 2315 etcer-
1332 2287 1408 2318 leius
1434 2287 1582 2317 Patercul.
1599 2289 1626 2317 II
1638 2310 1647 2323 ‚
1686 2297 1730 2316 11.
1753 2286 1838 2315 Caius
1868 2284 1982 2314 Marius
1991 2307 2002 2321 ,

623 2335 682 2354 cere
696 2335 810 2354 vacuum
822 2325 901 2363 fuir,
922 2325 1046 2362 plurimae
1058 2324 1143 2354 turbae
1156 2349 1164 2361 ‚
1176 2324 1292 2363 fiditio-
1331 2336 1414 2355 natus·
1435 2325 1544 2365 equestri
1557 2325 1630 2363 Ioco,
1654 2324 1742 2354 hirrus
1758 2334 1838 2362 atque
1857 2323 2002 2361 horridus,

623 2374 688 2401 nes,
705 2363 735 2393 Cr
749 2364 785 2393 ad
797 2364 951 2404 postremum
965 2363 1033 2394 bella
1046 2363 1140 2393 civilia
1152 2365 1290 2402 ortafimt.
1331 2366 1438 2404 vinique
1455 2365 1587 2403 flszlus,
1617 2366 1747 2403 quantum
1776 2363 1843 2393 bello
1867 2363 2003 2400 optimus,

621 2403 676 2434 His
690 2404 874 2434 Sallustianis
891 2403 1141 2439 imitationibus,
1159 2413 1225 2433 non
1241 2404 1292 2433 de·
1332 2406 1439 2433 tannim
1462 2414 1530 2439 pace
1550 2403 1670 2443 peffimus
1681 2426 1690 2439 ,
1708 2401 1866 2431 immodicus
1880 2402 1978 2442 glorioe
1995 2424 2007 2438 ,

620 2442 747 2482 teritur,
770 2443 821 2474 sed
855 2443 1023 2482 plurimum
1052 2443 1292 2474 commendatur
1332 2443 1496 2483 inffiriabilis
1507 2467 1516 2482 ‚
1528 2443 1661 2480 impotens
1670 2465 1680 2481 ,
1683 2442 1841 2481 semperque
1859 2441 2007 2480 inquietus.

1783 2487 2011 2543 principatu
