2230 3047
618 207 699 232 102
880 188 928 228 C.
987 185 1421 228 CORNELII
1480 186 1787 228 TACITI

608 283 737 310 ntum.
773 267 946 308 Proinde
976 268 1140 309 duceret
1161 266 1335 308 bellum:
1363 266 1500 321 paucis
1533 265 1672 307 diebus
1695 267 1989 320 quartamdeci--⁴

492 372 509 400 3
610 352 630 370 »
642 347 746 372 mam
774 330 977 386 legionem
996 336 1030 381 ¹,
1050 328 1196 385 magna
1216 330 1340 385 ipsam
1357 327 1462 369 fama
1474 358 1487 379 ,
1517 344 1610 370 cum
1628 330 1834 371 Moefiacis
1860 332 1988 385 copiis

493 381 564 453 ,fg
609 413 631 434 >›
642 395 796 436 adfore:
818 408 905 435 tum
919 394 1047 434 rursus
1061 393 1370 434 deliberaturum
1383 422 1398 445 ,
1424 396 1464 433 ὃ(
1477 421 1491 443 ,
1514 392 1540 431 s1
1557 391 1745 449 proelium
1759 392 1988 449 placuisset,

497 472 549 506 69.
609 460 761 500 »anelis
781 457 929 498 viribus
959 470 1177 498 certaturos
1192 474 1233 497 ».

673 521 906 562 XXXIII.
940 522 1243 561 AccEDEssAT
1277 519 1481 561 sententiae
1508 517 1681 560 Paullini
1712 519 1867 560 Marius
1889 516 1987 559 Cel-
2045 530 2069 570 ς

608 586 692 626 sus:
719 584 865 624 «idem
892 582 1050 640 placere
1074 584 1211 623 Annio
1235 581 1358 623 Gallo
1387 600 1431 633 »‚
1464 597 1613 639 paucos
1647 595 1737 623 ante
1763 582 1845 622 dies
1875 580 1989 637 lapsu

608 650 700 702 equi
726 648 909 696 adflicto,
950 647 1072 696 miffi,
1100 647 1167 702 qui
1209 645 1417 687 confilium
1459 645 1543 698 ejus
1575 645 1893 694 sciscitarentur,
1928 659 1989 684 re-

608 710 794 752 tulerant.
826 711 941 750 Otho
973 723 1121 765 pronus
1151 708 1200 749 ad
1230 709 1547 750 decertandum:
1580 708 1699 748 frater
1734 706 1817 760 ejus
1858 708 1989 748 Titia-

608 790 680 816 nus
696 804 709 825 ,
736 778 776 814 &
802 772 1001 828 praefectus
1031 772 1202 827 praetorii
1238 771 1457 822 Proculus,
1482 769 1679 828 imperitia
1706 783 1991 827 properantes,

616 854 637 875 c<
657 838 888 885 fortunam,
921 839 961 875 &
994 835 1089 875 deos
1109 864 1122 885 ,
1153 838 1192 874 ὅ(
1230 850 1379 876 numen
1410 836 1590 876 Othonis
1628 834 1755 874 adesse
1785 833 1989 883 consiliis,
2023 844 2074 871 10

607 901 775 941 »adfore
803 897 1013 939 conatibus
1044 915 1066 934 >›
1087 927 1099 947 ,
1121 897 1384 939 testabantur:
1420 913 1498 938 neu
1523 898 1609 951 quis
1637 896 1799 937 obviam
1827 897 1882 936 ire
1909 896 1990 936 sen-

607 965 739 1005 tentiae
760 961 921 1002 auderet
938 990 950 1011 ,
975 962 1016 999 in
1038 959 1310 1001 adulationem
1339 961 1625 1001 concesserant.
1650 960 1860 1013 Postquam
1890 974 1991 1014 pug-

609 1028 693 1067 nari
718 1024 938 1081 placitum,
980 1040 1002 1059 <c
1030 1023 1211 1063 interesse
1245 1038 1385 1079 pugnae
1419 1024 1736 1079 Imperatorem,
1767 1037 1816 1062 an
1850 1022 1991 1077 seponi

607 1087 782 1128 »melius
805 1087 966 1136 foret»,
991 1085 1235 1126 dubitavere.
1263 1085 1449 1126 Paullino
1480 1091 1521 1126 ὃς
1551 1083 1673 1125 Celso
1704 1083 1782 1137 jam
1818 1099 1901 1124 non
1923 1084 1990 1125 ad-

608 1150 854 1192 versantibus
874 1180 887 1200 ,
925 1164 973 1189 ne
1006 1150 1235 1204 Principem
1272 1147 1468 1200 objectare
1507 1146 1695 1204 periculis
1730 1148 1991 1198 viderentur,
2024 1150 2071 1190 15

607 1215 729 1254 iidem
754 1212 814 1252 illi
835 1213 1041 1253 deterioris
1067 1211 1222 1252 consilii
1249 1213 1425 1252 au&ores
1454 1210 1688 1267 perpulere,
1724 1228 1746 1248 «
1768 1225 1812 1251 ut
1839 1209 1992 1251 Brixel-

607 1277 723 1317 »lum
740 1280 753 1296 ²
773 1275 1015 1317 concederet
1034 1304 1046 1325 ,
1067 1290 1114 1315 ac
1139 1273 1268 1315 dubiis
1297 1274 1533 1331 proeliorum
1558 1287 1767 1330 exemptus
1785 1304 1797 1324 ,
1830 1274 1989 1313 summae

608 1359 628 1377 »
640 1354 770 1380 rerum
798 1343 839 1380 &
859 1339 1016 1394 imperii
1035 1338 1074 1378 se
1101 1338 1229 1393 ipsum
1245 1339 1462 1379 reservaret
1477 1355 1498 1375 »
1510 1369 1518 1378 .
1534 1338 1572 1378 Is
1591 1339 1740 1393 primus
1758 1337 1840 1378 dies
1854 1338 1991 1378 Otho-

608 1405 744 1444 nianas
763 1415 891 1458 partes
916 1401 1089 1442 adflixit:
1120 1416 1291 1455 namque
1318 1405 1359 1441 ὃς
1390 1416 1482 1441 cum
1507 1401 1593 1456 ipso
1624 1401 1893 1456 praetoriarum
1917 1415 1991 1440 co-

606 1468 784 1507 hortium
799 1496 812 1515 ,
836 1469 876 1505 &
893 1463 1188 1520 speculatorum
1203 1494 1215 1513 ,
1234 1466 1492 1518 equitumque
1505 1494 1518 1514 ,
1534 1462 1666 1504 valida
1692 1478 1831 1504 manus
1847 1463 1990 1504 disces-
2017 1470 2078 1506 20ss

608 1530 677 1575 slt3
708 1532 748 1569 &
771 1529 1063 1569 remanentium
1090 1527 1232 1567 fraelus
1253 1529 1427 1568 animus:
1460 1527 1618 1581 quando
1645 1526 1811 1583 suspeffi
1839 1526 1989 1576 duces,

610 1597 649 1633 ὅς
677 1593 820 1642 Otho,
843 1592 909 1632 cui
935 1591 1005 1630 uni
1029 1589 1133 1645 apud
1163 1589 1332 1652 militem
1359 1591 1482 1640 fides,
1514 1590 1610 1630 dum
1634 1593 1674 1630 ὅ(
1695 1590 1778 1646 ipse
1805 1604 1890 1630 non
1920 1589 1991 1629 nifi

607 1654 800 1695 militibus
824 1653 951 1695 credit
964 1683 977 1703 ,
999 1653 1165 1708 imperia
1186 1653 1334 1694 ducum
1361 1655 1402 1694 in
1422 1655 1577 1694 incerto
1596 1658 1606 1681 ³
1634 1652 1862 1707 reliquerat.

669 1718 896 1758 XXXIV.
931 1718 1084 1757 N1H1L
1110 1731 1249 1757 eorum
1269 1715 1512 1759 Vitellianos
1534 1714 1722 1767 fallebat,
1749 1715 1895 1757 crebris
1910 1745 1922 1765 ‚
1944 1728 1990 1756 ut

607 1782 647 1820 in
671 1780 783 1822 civili
806 1778 942 1829 bello,
965 1779 1222 1833 transfugiis,
1248 1784 1287 1820 ὅ(
1312 1779 1585 1836 exploratores
1608 1778 1701 1820 cura
1723 1779 1876 1820 diversa
1900 1779 1989 1819 scis-
2017 1789 2072 1830 25

608 1844 784 1894 citandi,
806 1843 872 1883 sua
887 1858 970 1883 non
989 1841 1260 1883 occultabant.
1276 1844 1417 1897 Quieti
1431 1844 1653 1896 intentique
1669 1843 1828 1884 Caecina
1846 1857 1892 1883 ac
1909 1843 1990 1883 Va-

606 1907 719 1958 lens,
743 1906 902 1960 quando
922 1906 1042 1946 hostis
1063 1906 1330 1961 imprudentia
1353 1920 1512 1956 rueret,
1539 1906 1647 1959 quod
1669 1905 1765 1947 loco
1790 1906 1989 1961 sapientia:

607 1971 686 2020 est,
714 1969 886 2011 alienam
906 1967 1110 2009 stultitiam
1137 1969 1470 2025 opperiebantur,
1495 1970 1688 2010 inchoato
1711 1984 1835 2025 ponte
1855 1969 1988 2009 transi-

605 2046 692 2072 tum
701 2034 794 2074 Padi
810 2031 1054 2081 simulantes,
1069 2031 1251 2073 adversus
1266 2033 1485 2089 oppositam
1494 2031 1762 2087 gladiatorum
1778 2047 1939 2073 manum
1950 2036 1967 2060 4
1973 2059 1989 2082 ,

607 2111 654 2137 ac
676 2111 726 2137 ne
762 2096 939 2152 ipsorum
961 2094 1074 2136 miles
1102 2095 1221 2150 segne
1247 2098 1375 2137 otium
1402 2109 1559 2137 tereret.
1582 2097 1719 2137 Naves
1735 2126 1748 2146 ,
1775 2097 1858 2151 pari
1883 2096 1987 2137 inter
2014 2108 2071 2144 30

469 325 500 349 A.
514 327 540 349 U.
555 326 584 349 C.

649 2245 656 2259 ¹
682 2241 993 2281 Qummmosscmzffl
1019 2243 1206 2279 [Beronum]
1227 2243 1274 2273 De
1316 2243 1369 2282 qui
1383 2243 1415 2274 ὃς
1429 2243 1491 2282 ipse
1504 2253 1569 2273 non
1585 2241 1640 2272 nisi
1655 2241 1808 2272 militibus
1822 2241 1988 2279 credebat,⁷

608 2279 669 2320 qua
691 2280 776 2318 supra
799 2278 871 2308 Hist.
894 2280 941 2313 ΙΙ,
970 2289 1015 2322 ιι..
1316 2283 1433 2313 incerta
1447 2291 1533 2313 erant
1548 2283 1661 2312 ducum
1682 2281 1823 2320 imperia.

648 2324 658 2337 ⁷·
680 2320 870 2348 ssmxnum
891 2319 905 2354 ]
927 2318 1029 2348 Hodie
1049 2318 1164 2357 Bresello
1178 2343 1188 2357 ,
1204 2319 1274 2348 dans
1354 2327 1368 2345 4
1390 2323 1632 2353 GLADJATORUM
1654 2321 1793 2357 ΜΑκυΜ]
1821 2320 1892 2350 Duo
1912 2319 1990 2349 mi!-

606 2358 631 2386 Ie
651 2357 735 2385 duche‘
746 2357 777 2385 de
792 2356 908 2396 ReggiO.
1315 2360 1354 2390 lia
1370 2361 1593 2399 gladiatorum,
1617 2360 1759 2390 deforme
1782 2359 1934 2388 auxilium
1955 2359 1988 2388 in

647 2402 655 2422 ³
681 2398 713 2426 Iu
732 2408 868 2427 metm-o
888 2401 899 2431 ]
939 2397 1086 2435 Suspeetis
1112 2397 1241 2428 ducibus
1263 2421 1271 2434 ‚
1315 2400 1449 2437 partibus
1467 2399 1677 2438 Othonianis,
1703 2408 1736 2431 ut
1752 2398 1886 2430 vidimus
1899 2399 1987 2437 supr-‘31

604 2436 729 2468 absente
747 2435 893 2475 Othone,
907 2437 956 2469 cui
971 2437 1025 2468 uni
1036 2437 1153 2470 fidebat
1163 2438 1272 2478 miles,
1313 2439 1387 2470 Hist.
1410 2441 1436 2470 11
1452 2462 1461 2478 ‚
1490 2450 1536 2470 11.
