2209 3047
482 341 513 365 A.
524 342 551 362 Ε.
565 340 595 363 C.

503 384 573 418 824.

507 438 529 461 J.
542 437 571 461 C.

515 491 567 518 71.

623 218 709 257 352
1057 200 1566 244 APPENDIX

617 289 702 326 tum
728 283 897 325 substitit
923 283 1068 334 Titus,
1095 283 1365 340 Apollonium
1394 288 1405 305 ¹
1424 312 1437 333 ,
1467 282 1666 339 sapientiae
1691 281 1796 326 fama
1824 298 1922 329 tunc
1945 285 2000 330 in-

616 349 765 404 fignem
785 378 797 398 ,
831 348 1012 395 visurus3
1047 351 1087 388 ὅ(
1114 363 1158 388 ut
1188 362 1238 388 ex
1264 345 1347 398 ejus
1378 348 1584 403 praeceptis
1611 347 1658 388 ad
1685 349 1851 390 virtutes
1870 379 1882 399 ‚
1916 365 1999 404 quae

615 413 810 467 Principis
833 410 959 451 filium
981 411 1126 452 decent
1138 441 1151 460 ‚
1182 411 1220 450 se
1243 409 1444 450 formaret.
1467 409 1712 465 Apollonius
1727 442 1740 462 ,
1762 425 1894 453 certus
1916 428 1999 456 non

615 474 847 516 volucribus
868 474 997 515 verbis
1013 504 1024 524 ,
1046 475 1113 514 sed
1135 472 1259 513 multa
1283 472 1562 529 exemplorum
1581 474 1999 529 documentorumque

617 537 863 594 experientia
888 539 1092 593 Principes
1113 537 1287 586 institui,
1317 536 1546 577 consulenti
1567 537 1793 593 respondit:
1823 555 1845 574 «
1868 539 2001 579 Hosti-

615 618 639 639 2>
648 601 720 642 bus
741 600 850 642 bello
873 601 1082 657 superatis,
1103 614 1256 656 patrem
1274 599 1488 640 virtutibus
1504 599 1643 656 supera
1664 604 1696 640 ²:
1714 601 1970 641 Demetrium
1985 606 1997 630 ³

620 664 939 721 »philosophum
979 663 1156 704 ausculta
1190 680 1232 703 ».
1269 662 1390 703 Brevi
1424 665 1583 704 monito
1610 693 1623 714 ,
1658 665 1700 704 in
1732 665 1900 705 virtutes
1941 663 2004 704 fe-

620 728 753 769 cundo
769 757 781 778 ‚
809 726 1010 777 imbutus,
1039 726 1195 768 cursum
1222 725 1472 773 celeravit43
1505 730 1546 767 &
1571 728 1704 783 patri,
1739 729 1808 781 qui
1842 726 2005 768 obviarn

621 791 860 847 processerat
878 794 914 840 5,
938 791 1125 846 inopinus
1154 791 1353 831 occurrit:
1376 788 1625 844 salutansque
1642 820 1655 840 ,
1680 790 1758 831 rsed
1797 805 2004 831 rumorum

619 868 802 903 memor,
836 869 858 889 «
888 854 982 893 veni
1008 871 1053 903 »,
1079 855 1236 907 inquit,
1265 870 1287 890 r<
1316 866 1427 909 pater
1441 883 1454 903 ‚
1491 854 1585 893 veni
1615 851 1632 874 ⁶
1659 870 1702 893 >›.
1728 853 1860 894 Simul
1882 866 2005 894 ruunt

619 918 662 957 in
687 915 920 972 amplexu&
948 929 1058 971 pater
1083 917 1279 956 incertum
1306 931 1355 956 an
1380 915 1483 956 filius
1506 914 1672 972 probata
1695 916 1772 956 fide
1802 915 1942 956 laetior.

684 981 731 1020 L.
768 980 896 1019 URBS
924 992 1088 1032 totaque
1114 978 1230 1019 Italia
1257 994 1329 1035 pro
1356 979 1441 1019 Titi
1471 979 1600 1019 reditu
1628 980 1670 1018 in
1698 978 1874 1019 laetitiam
1901 978 2005 1019 effu·-

621 1043 662 1083 sa
686 1048 714 1083 ⁷.
735 1044 903 1082 Senatus
931 1041 1136 1097 duplicem
1161 1043 1409 1097 triumphum
1437 1042 1612 1097 Principi
1640 1045 1681 1081 &
1712 1042 1855 1082 Caesari
1875 1041 2007 1082 decre-

621 1107 680 1146 vit
708 1103 737 1146 3.
765 1106 821 1144 At
848 1105 917 1160 ipsi
942 1106 1064 1145 unico
1095 1107 1303 1155 contenti,
1346 1119 1397 1144 ne
1426 1105 1536 1144 inani
1565 1106 1743 1160 impensa
1779 1118 2008 1159 gravaretur

622 1167 861 1224 respublica.
885 1168 992 1208 Tum
1019 1169 1188 1224 primum
1214 1168 1262 1208 ab
1289 1166 1394 1208 Urbe
1418 1166 1581 1208 condita
1606 1182 1716 1223 pater
1734 1168 1919 1221 filiusque
1938 1168 2009 1208 visi

622 1232 665 1270 in
687 1229 826 1272 eadem
848 1230 1081 1286 triumphali
1103 1229 1263 1287 pompa.
1285 1233 1367 1281 At,
1397 1244 1442 1271 ut
1461 1245 1568 1271 nova
1584 1261 1597 1281 ,
1616 1231 1668 1271 fic
1687 1231 1901 1286 magnifica
1923 1230 2008 1272 fue-

625 1298 667 1334 re
684 1295 879 1350 triumphi
897 1294 1056 1335 decora.
1079 1293 1254 1335 Plurima
1276 1295 1407 1335 adhuc
1427 1295 1543 1334 noCte
1559 1323 1571 1343 ,
1592 1293 1740 1335 milites
1761 1296 1901 1335 stetere
1922 1309 2008 1350 pro-

604 1372 676 1413 ·pe
702 1358 810 1398 Isidis
845 1357 1039 1413 templum
1072 1363 1102 1397 9.
1132 1357 1193 1397 Ibi
1222 1357 1481 1412 Vespasianus
1508 1358 1703 1411 Titusque
1731 1359 1889 1399 nodem
1912 1372 2009 1412 ege-

624 1434 714 1460 rant
744 1425 798 1459 ¹0:
825 1422 954 1476 primo
981 1419 1189 1469 diluculo,
1216 1434 1336 1475 caput
1359 1419 1473 1460 lauro
1502 1420 1704 1470 redimiti,
1732 1425 1773 1461 &
1799 1421 2006 1476 purpureis

625 1483 755 1524 induti
781 1483 952 1524 vestibus
968 1513 980 1533 ,
1002 1484 1044 1522 in
1071 1484 1246 1523 OEtaviae
1272 1485 1472 1538 porticum
1495 1487 1525 1504 ¹¹
1542 1483 1838 1536 processerunt:
1867 1498 1935 1524 eos
1956 1483 2011 1524 se-

627 1560 767 1598 natus,
803 1548 1023 1603 praecipuus
1051 1546 1215 1601 quisque
1248 1547 1546 1602 magistratuum
1572 1575 1585 1596 ‚
1622 1550 1663 1586 &
1700 1547 1876 1601 equester
1909 1545 2010 1588 ordo

668 1680 678 1694 ¹
702 1675 937 1713 Aponon-mm]
970 1675 1178 1714 Apollonium
1214 1676 1301 1715 Tya-
1380 1674 1392 1695 ⁸
1413 1675 1610 1710 Decmzvxr]
1631 1674 1704 1706 Haec
1724 1674 1759 1707 &
1779 1674 1863 1714 seqq.
1883 1674 2008 1714 Joseph.

628 1724 734 1745 neum.
760 1714 930 1745 Philostrat.
954 1715 1017 1745 Vit.
1053 1716 1206 1754 Apollon-
1229 1717 1271 1746 VI
1290 1740 1299 1753 ‚
1340 1714 1419 1746 ibid.

630 1764 678 1791 30.
1379 1760 1392 1778 9
1415 1755 1510 1785 Is1n1s
1531 1755 1710 1792 τεΜΡιυΜ]
1738 1754 1907 1793 Templum
1930 1753 2010 1785 illud

667 1796 679 1809 ²
702 1795 897 1825 Vin-surmus
907 1796 1050 1832 SUPERA]
1064 1793 1204 1826 Philostr.
1220 1795 1298 1826 ibid.
1339 1793 1398 1824 fuit
1422 1793 1455 1824 in
1478 1796 1555 1825 Cam
1579 1807 1597 1825 o
1626 1794 1761 1830 Martio,
1790 1793 1871 1824 haud
1900 1793 2010 1832 procul

629 1842 695 1871 cap.
716 1843 763 1870 32.
1338 1833 1477 1864 Pantheo
1489 1857 1498 1870 ,
1511 1834 1536 1863 le
1551 1806 1693 1863 βαητὴεοη
1704 1857 1713 1869 ‚
1728 1834 1836 1864 &aede
1844 1832 2011 1868 Minervae,

668 1877 678 1898 3
699 1872 928 1909 DEMETRIUM]
946 1871 1118 1903 Philostrat.
1138 1873 1216 1903 ibid.
1233 1884 1299 1911 cap.
1339 1883 1422 1903 nunc
1451 1872 1545 1902 Sama
1569 1873 1667 1902 Maria
1688 1873 1771 1910 sapsa
1796 1872 1938 1901 Minerva.
1962 1872 2011 1902 lbi

632 1921 678 1948 31.
713 1911 908 1942 Demetrium
930 1934 938 1947 ‚
967 1912 1123 1950 Cynicum
1161 1912 1301 1951 philoso-
1339 1922 1495 1950 repertum
1518 1912 1645 1943 Osiridis
1668 1911 1862 1942 simulacrum
1880 1934 1889 1948 ‚
1922 1911 2012 1950 quod

629 1949 724 1988 phum
735 1974 743 1986 ,
756 1951 877 1981 nonita
890 1951 1081 1981 constantem
1098 1952 1200 1981 virum
1214 1952 1300 1982 fuisse
1339 1952 1466 1982 exhibet
1480 1953 1622 1983 Donatus
1634 1976 1643 1988 ‚
1662 1951 1693 1980 de
1708 1951 1779 1980 Urbe
1796 1951 1897 1987 Romd,
1910 1951 1921 1979 I
1935 1974 1944 1986 ‚
1960 1961 2013 1982 ιι.

629 1989 765 2032 vidimus
778 1990 866 2028 supra
877 1990 1019 2026 Hist.1v‚
1029 2001 1078 2028 40.
1089 1991 1148 2022 Sed
1160 1991 1192 2020 in
1205 1992 1301 2029 Apol·
1380 1997 1407 2012 ¹0
1418 1993 1559 2022 Noc-sem
1576 1995 1729 2025 EGERANT}
1741 1991 1861 2021 Relieto
1878 1989 2011 2029 palatio,

631 2027 723 2072 Ionio
746 2030 778 2059 Sc
797 2029 960 2074 Demetrio
975 2030 1040 2068 plus
1051 2029 1110 2062 fuit
1122 2030 1301 2062 ostentatio·
1339 2033 1463 2061 noEtem
1477 2031 1521 2061 ibi
1531 2040 1667 2075 egerant.
1678 2029 1912 2069 Triumphaturi
1923 2029 2012 2059 enim

630 2077 1096 2150 ¹²¹i’3?533.;532”]‘¹⁵1·v2.g2-.m‚
1120 2119 1205 2141 nunc
1223 2109 1299 2140 m..-
1336 2068 2011 2149 {²3fiss‘ifigssffiee‘issssffss{ssfsmsshifflfm‘

653 2145 696 2182 'o‚
713 2145 786 2175 dans
813 2155 840 2175 ta
867 2147 987 2177 calabre
1014 2149 1177 2185 αἰεέπὶειιπε,
1201 2149 1298 2179 dehinc
1375 2153 1399 2168 ¹¹
1422 2150 1455 2178 lu
1477 2151 1633 2180 Ocuviae
1654 2147 2012 2191 poercum]Oan-iae‚

656 2185 756 2214 areolos
766 2210 775 2222 ‚
787 2196 869 2216 nunc
889 2186 1021 2226 Ροξζιωῖο
1031 2213 1039 2224 ,
1057 2189 1202 2219 onerarii
1218 2200 1298 2220 nave
1337 2188 1450 2219 sororis
1468 2189 1592 2228 Augusti
1605 2213 1614 2223 ‚
1638 2188 1775 2227 porticus
1785 2187 1845 2217 fuit
1859 2188 1915 2217 ubl
1928 2197 2012 2217 nunc

629 2225 746 2263 appulit
760 2248 769 2260 ,
786 2225 899 2254 Romam
923 2226 986 2256 ind:
1003 2227 1143 2257 contendit
1155 2228 1300 2268 expediti-[2
1337 2229 1365 2257 S.
1376 2227 1488 2266 Angeli
1501 2227 1630 2258 ecclesia
1639 2251 1647 2263 ‚
1660 2226 1756 2265 Clzieffi
1772 2226 1799 2255 di
1810 2225 1844 2256 S.
1854 2226 2010 2270 Angiolojn

618 2264 718 2304 fimus.
737 2266 866 2295 Sueton.
889 2265 921 2295 in
945 2266 1009 2296 Tit.
1030 2270 1066 2297 V.
1339 2267 1493 2305 Pcsclzeria.
1514 2269 1706 2306 Manenrque
1721 2266 1821 2297 adhuc
1842 2265 1953 2295 rudera
1975 2274 2011 2295 in

669 2309 678 2330 5
702 2305 839 2335 Osvmn
861 2308 1105 2344 PROCESSERAT]
1126 2306 1276 2346 Josephus
1290 2330 1299 2344 ,
1337 2306 1451 2336 vicinis
1465 2307 1556 2337 locis.
1571 2307 1672 2336 Exstat
1685 2314 1790 2336 autem
1804 2305 1868 2341 ejus
1883 2314 2011 2348 memo-

628 2342 705 2373 Bell.
722 2343 793 2373 Jud.
809 2345 880 2380 Vll,
905 2355 931 2382 5.
948 2355 1034 2374 num.
1054 2356 1079 2382 3.
1338 2345 1382 2376 ria
1414 2345 1447 2375 in
1470 2346 1627 2376 veteribus
1659 2345 1748 2374 Urbis
1782 2343 2014 2382 ichnographiae

667 2383 681 2401 ⁶
702 2383 807 2413 Paua
818 2406 827 2419 ‚
849 2384 950 2420 vem]
974 2385 1104 2414 Sueton.
1123 2384 1202 2415 ibid.
1338 2383 1517 2423 fragmentis
1528 2409 1537 2422 ‚
1557 2395 1623 2424 quae
1639 2384 1671 2413 in
1688 2383 1808 2419 templo
1823 2382 1951 2413 Romuli
1964 2392 2014 2412 re-

665 2427 679 2445 7
700 2422 816 2452 Effusa
835 2423 850 2460 ]
875 2422 997 2462 Joseph.
1023 2424 1103 2455 Bell.
1122 2424 1194 2455 Jud.
1219 2425 1278 2456 vn
1291 2446 1300 2461 ‚
1339 2432 1422 2460 perta
1439 2423 1526 2458 sunt,
1545 2434 1627 2453 nunc
1641 2423 1674 2452 in
1686 2423 1803 2452 aedibus
1822 2421 2013 2460 Capitolinis

630 2470 658 2499 ς.
680 2471 766 2492 num.
785 2471 811 2499 3.
1337 2461 1536 2494 adservantur
1552 2485 1560 2493 .
1577 2484 1584 2492 .
1598 2485 1606 2494 .
1620 2482 1629 2494 .
1649 2463 1723 2494 CVS
1747 2462 1973 2493 OCTAVIAE.

1840 2506 2017 2562 excepit.

2034 870 2089 900 10

2038 1182 2088 1224 15

2034 1499 2091 1527 20
