2209 3047
617 196 705 232 ,μω
796 177 1017 219 NOTAE
1072 177 1158 217 ET
1211 176 1799 224 EMENDArroNEs

663 256 835 292 Davum
864 266 1051 292 CUPIDINE
1077 266 1246 297 PRAEDAE‚
1278 267 1356 290 ΑυΤ
1385 260 1563 302 GRAves]
1584 256 1681 293 Bene
1705 257 1990 308 Freinshemius,

617 311 649 341 ὅς
671 307 900 342 Recentiores
916 305 1085 354 plerique.
1114 305 1157 340 In
1183 305 1261 340 ΜΠ.
1285 304 1387 340 Harl.
1412 305 1600 343 Bod1.Jes.
1618 309 1651 342 &
1669 308 1847 344 veteribus
1861 310 1991 348 editio-

614 356 718 392 nibus
731 383 739 398 ‚
757 356 904 402 disperfi,
922 367 979 390 aut
992 356 1134 401 cupidine
1148 356 1263 401 praedae
1285 368 1400 403 graves
1416 386 1424 398 ‚
1449 359 1516 392 ἃς.
1533 356 1648 403 Quod
1665 356 1843 395 immerito
1871 359 1990 397 defen-

616 407 668 442 dit
694 406 767 443 Jac.
795 405 1015 442 Gronovius.

664 456 833 493 TEGMEN
850 460 868 502 ]
887 455 983 492 Bene
1001 454 1083 490 libri
1101 466 1223 490 omnes
1247 453 1347 491 editi.
1370 454 1447 491 Mss.
1467 455 1569 491 Harl.
1592 455 1700 492 Bodl.
1726 457 1794 492 Jes.
1816 462 1964 505 tegimen.

666 507 869 542 PRAEDURO
900 517 1019 542 como
1053 508 1069 550 ]
1099 504 1237 539 Frustra
1266 514 1381 540 tentat
1417 504 1576 554 Lipsius,
1603 507 1639 541 de
1665 507 1793 542 Militia
1819 509 1990 554 Romani,

613 555 763 606 Dialog.
787 557 871 592 III.
906 569 987 605 pag.
1021 566 1088 600 131
1109 582 1118 596 ,
1163 554 1311 600 praeduro
1346 568 1450 591 cornu.
1491 556 1533 590 In
1566 556 1631 591 Ms.
1659 556 1771 591 Corb.
1800 557 1878 593 duro
1905 563 1988 594 corio

613 618 749 644 textum.
776 606 817 642 In
830 605 991 642 editione
1010 603 1172 653 principe
1185 631 1194 647 ,
1209 604 1354 649 praeduro
1373 608 1454 641 corio
1473 618 1667 641 contextum.
1687 605 1928 652 Puteolanus,
1949 621 1990 645 ac

612 656 720 692 ceteri
745 669 890 699 omnes,
919 656 1103 701 consertum.

664 706 795 742 FAc1L1
824 717 965 741 LORICA
987 708 1004 750 ]
1026 705 1081 739 Ita
1103 703 1166 738 Ms.
1188 702 1274 752 Reg.
1299 707 1332 739 δε
1352 703 1432 740 libri
1453 718 1575 743 omnes
1596 706 1697 743 editi.
1719 706 1763 741 In
1792 707 1868 743 Mss.
1891 707 1990 745 Flor.

612 759 645 791 &
661 755 773 792 Corb.
789 756 901 803 fecitis
931 755 1040 789 lorini.
1070 753 1129 789 Sic
1153 752 1261 790 ferme
1285 753 1401 798 infra,
1435 754 1479 791 de
1506 756 1672 793 Moribus
1700 758 1989 802 Germanorum,

612 818 691 854 cap.
721 808 754 842 6.
775 806 850 839 nudi
864 805 1044 851 autsagulo
1063 805 1155 839 leves.

665 857 717 892 rm
748 852 906 890 s'AEvxTIA
936 865 1088 897 Hiems,
1118 865 1167 889 ET
1198 865 1236 889 vr
1267 865 1484 891 vULNERUM
1505 859 1522 901 ]
1544 854 1585 890 In
1607 855 1682 892 Mss.
1702 856 1816 892 Corb.
1844 857 1930 905 Agr.
1955 860 1990 893 &

611 905 796 954 Ryckius,
832 905 882 938 ubi
910 916 976 951 pro
1002 905 1056 939 ibi.
1088 903 1154 939 Ms.
1182 904 1272 952 Reg.
1300 905 1343 939 ibi
1364 905 1514 949 saevitid,
1542 907 1585 941 ibi
1608 907 1674 942 mia
1696 905 1760 951 (id
1776 905 1825 941 est
1839 907 1988 952 miseriti)

610 958 790 991 vulturum.
809 955 986 995 Muretus,
1015 965 1119 1002 quem
1138 952 1397 989 Freinshemius
1425 958 1458 990 &
1488 955 1721 992 Recentiores
1752 955 1833 990 sunt
1850 955 1990 998 secuti,

609 1004 796 1053 ingeniose
818 1001 1043 1045 emendavit,
1066 1003 1195 1046 [levina
1220 1005 1349 1045 hiemis,
1379 1005 1415 1039 ὃν
1442 1007 1477 1039 vi
1501 1007 1682 1041 vulnerum.
1708 1004 1890 1054 Corrupte
1912 1005 1988 1042 Mss'.

610 1052 710 1090 Harl.
737 1053 844 1089 Bodl.
866 1053 935 1088 Jes.
962 1052 1083 1088 Guelf.
1110 1055 1142 1087 ὃς
1171 1052 1349 1089 editiones
1365 1064 1500 1090 veteres
1521 1055 1704 1102 ibisaevitid
1719 1083 1728 1098 ,
1750 1057 1798 1090 hic
1814 1056 1990 1102 misericor-

611 1106 666 1140 din
679 1105 857 1139 vulnerum.
878 1103 922 1138 In
949 1102 1014 1138 Ms.
1030 1101 1137 1137 Bodl.
1157 1102 1269 1139 obelo
1283 1113 1448 1139 notatum
1463 1132 1472 1148 ,
1505 1106 1554 1139 hic
1583 1105 1792 1152 misericordia
1811 1133 1820 1148 ,
1847 1108 1880 1141 ὃς
1900 1118 1992 1141 mar-

610 1154 688 1203 gini
710 1152 870 1189 additum
896 1181 905 1196 ,
936 1154 1044 1187 hiemis
1073 1155 1187 1196 rigore.
1216 1152 1257 1188 In
1273 1153 1340 1189 Ms.
1365 1155 1450 1203 Agr.
1469 1155 1663 1201 uhifiwitid
1688 1157 1796 1190 hiemis
1824 1156 1860 1190 &⁰
1883 1156 1990 1191 dolore

610 1206 805 1245 mlnerum3
832 1202 932 1253 quod
957 1202 1071 1238 edidit
1089 1201 1258 1251 Ryckius.
1287 1203 1422 1239 Tentat
1450 1215 1566 1240 tamen
1585 1204 1642 1240 Cl.
1658 1203 1820 1240 Ernestus
1838 1232 1847 1247 ,
1878 1206 1914 1240 ἔπ’
1938 1208 1991 1239 in-

608 1254 697 1289 curisi
719 1255 888 1288 vulnerum
904 1265 915 1295 3
940 1263 980 1288 ut
1006 1251 1101 1301 apud
1116 1252 1352 1295 Ciceronem,
1369 1255 1405 1289 de
1421 1255 1518 1289 Prov.
1534 1255 1700 1301 Consular.
1722 1267 1800 1303 cap.
1817 1267 1848 1303 3.
1862 1255 1988 1291 Milites

608 1304 776 1340 dicuntur
805 1303 928 1338 incuria?
944 1331 953 1346 ,
974 1303 1058 1349 fame
1072 1330 1081 1346 ,
1102 1303 1207 1338 morbo
1222 1334 1230 1345 ‚
1257 1303 1410 1349 vastitate
1427 1305 1610 1351 confizmpzi.

657 1354 708 1389 M.
734 1354 935 1400 Apomus]
958 1352 999 1387 In
1021 1352 1221 1401 fragmento
1247 1353 1392 1389 fratrum
1407 1353 1595 1390 Arvalium
1610 1354 1758 1390 laudato
1780 1354 1885 1403 supra
1906 1367 1988 1404 cap.

608 1413 672 1452 75.
689 1403 895 1439 nominatur
915 1402 965 1438 M.
987 1402 1156 1438 Apomvs
1184 1404 1436 1439 SATVRNINVS.

656 1453 842 1490 JULIANUS
870 1452 1080 1497 Tum-ms]
1122 1452 1218 1488 Male
1254 1452 1336 1487 libri
1371 1452 1493 1501 scripti
1525 1456 1558 1489 &
1587 1453 1676 1489 editi
1696 1454 1845 1488 Julianus
1872 1455 1991 1491 Titiuss

605 1503 727 1546 Idem,
754 1502 846 1538 infra
861 1501 952 1537 Hist.
974 1501 1031 1544 ΙΙ,
1058 1504 1104 1547 85
1120 1529 1129 1543 ,
1150 1501 1349 1549 appellatur
1371 1504 1494 1537 Tertius
1520 1503 1682 1539 Julianus.
1715 1503 1809 1539 Vide
1838 1506 1871 1539 ὃς
1895 1503 1988 1540 infra

605 1552 700 1590 Hist.
723 1553 795 1596 IV,
816 1565 860 1602 39
878 1580 888 1596 ,
920 1551 983 1587 ubi
1008 1551 1178 1600 corrupte
1198 1550 1288 1587 olim
1306 1553 1377 1587 Tito
1401 1553 1544 1590 Iuliano.

656 1655 763 1690 CAP.
789 1653 929 1690 LXXX.
955 1652 985 1688 E
1015 1664 1186 1689 comum
1219 1652 1434 1698 OSTIENSI]
1458 1651 1513 1688 Ita
1539 1651 1616 1688 Mss.
1639 1654 1672 1687 δε
1701 1660 1841 1689 veteres
1870 1665 1912 1689 ac
1933 1666 1988 1690 re-

608 1705 787 1742 centiores
807 1703 998 1740 editiones.
1015 1702 1206 1751 Perperam
1220 1702 1410 1738 Rhenanus
1436 1701 1729 1751 praepositionem
1755 1703 1932 1739 omiserat.

662 1755 909 1791 Arfsscrmo
940 1764 1089 1794 QmETis
1107 1757 1123 1798 ]
1154 1752 1251 1788 Bene
1270 1752 1346 1788 Mss.
1360 1751 1460 1788 Flor.
1482 1752 1593 1789 Corb.
1611 1752 1698 1801 Agr.
1708 1752 1928 1789 Puteolanus
1946 1756 1980 1790 ὅσ

607 1805 853 1842 Reeemiores.
878 1803 922 1838 In
943 1802 1008 1838 Ms.
1027 1801 1117 1851 Reg.
1140 1806 1173 1839 δε
1194 1802 1357 1838 editione
1392 1802 1578 1851 principe,
1612 1803 1733 1849 affeffio
1761 1807 1884 1850 quietis.

655 1855 751 1890 Pius
780 1857 950 1899 lGNARI]
974 1853 1032 1888 Sic
1061 1852 1175 1888 editio
1205 1853 1373 1901 princeps
1401 1856 1434 1888 ὃς
1452 1851 1683 1888 recentiores.
1709 1852 1750 1888 In
1776 1853 1850 1888 Mff.
1881 1853 1982 1889 Harl.

607 1904 714 1940 Bodl.
743 1904 810 1940 Jes.
835 1907 869 1940 ὃς
892 1902 1133 1946 Puteolanus,
1157 1916 1234 1950 pars
1264 1906 1390 1951 ignavi.
1421 1903 1466 1941 In
1495 1902 1562 1940 Ms.
1592 1901 1701 1939 Bodl.
1726 1902 1953 1940 emendatum
1974 1929 1987 1949 ,

607 1958 725 2004 ignari.

661 2003 947 2047 CUJUSCUMQUE
974 2005 1133 2051 morus]
1159 2004 1257 2041 Bene
1280 2003 1356 2039 Mss.
1376 2007 1409 2040 &
1432 2014 1567 2040 veteres
1596 2015 1638 2038 ac
1665 2003 1881 2040 recentiores
1908 2002 1986 2040 edis

608 2054 736 2090 tiones.
765 2054 864 2090 Mal&
886 2055 1099 2098 Rhenanus,
1119 2055 1262 2102 cujufilue
1281 2054 1393 2089 mortis.

659 2104 920 2140 SEVERISSIMOS
950 2108 1268 2150 CENTURIONUM]
1293 2103 1398 2140 Reae
1422 2103 1540 2139 adhuc
1562 2103 1639 2139 Mss.
1661 2107 1695 2139 ὃς
1713 2114 1849 2140 veteres
1873 2115 1915 2139 ac
1927 2115 1986 2139 re-

609 2155 785 2190 centiores
808 2153 998 2191 editiones.
1027 2154 1125 2190 Male
1151 2153 1360 2197 Rhenanus,
1375 2154 1603 2201 severislimum
1622 2157 1836 2189 centurionum
1857 2167 1865 2189 :
1885 2153 1982 2189 unde

609 2203 772 2240 tentabat
789 2203 923 2250 Lipsius
936 2233 944 2247 ,
964 2205 1191 2251 severissimum
1215 2207 1437 2239 centurionem.
1467 2203 1515 2239 lis
1530 2203 1612 2239 san‘e
1628 2203 1752 2239 fucum
1773 2203 1859 2239 fecit
1876 2211 1985 2250 caput

611 2257 673 2303 83.
688 2255 736 2289 At
750 2252 840 2288 duos
855 2253 1082 2290 centuriones
1097 2253 1238 2290 occisos
1252 2253 1350 2290 fuisse
1370 2252 1563 2302 docetipse
1578 2252 1786 2291 Plutarchus
1807 2253 1846 2288 in
1863 2252 1984 2289 Otho-

610 2316 680 2348 ne,
701 2315 784 2353 pag.
818 2304 931 2350 1067.

662 2403 770 2442 CAP.
797 2405 958 2443 LXXXI.
988 2407 1114 2443 Mono
1146 2409 1456 2452 CONSTANTIAM]
1482 2405 1581 2441 Mod&
1600 2403 1695 2442 abest
1710 2417 1731 2440 a
1753 2403 1818 2441 Ms.
1837 2403 1902 2440 Jes.

1864 2474 1986 2516 CAP.
