2209 3047
67 835 118 863 10

65 1145 114 1185 15

57 1462 116 1496 '20

135 2305 316 2338 'Domitiam
352 2309 376 2337 Ι.
403 2308 494 2344 Caesar
525 2308 729 2346 constilucacus,
769 2308 815 2337 ho-

294 169 767 215 HISTORIARUM
804 167 999 210 LIBER
1039 166 1359 222 QUARTUS.
1449 182 1532 218 223

146 253 283 296 Tanto
300 252 520 310 proclivius
535 255 588 295 est
601 251 774 305 injuriae,
789 249 906 306 quam
920 248 1120 290 beneficio
1138 254 1147 271 ¹
1165 250 1297 290 vicem
1312 247 1537 290 exsolvere:

149 319 242 370 quia
261 320 386 372 gratia
407 319 547 368 oneri,
576 315 679 358 ultio
700 318 741 356 in
761 314 903 370 quaestu
925 311 1104 353 habetur.
1126 311 1280 353 Solatio
1303 313 1378 353 fuit
1402 312 1536 354 servus

149 380 335 436 Verginii
368 381 580 437 Capitonis
596 410 609 431 ,
634 394 753 434 quem
782 377 1028 434 proditorem
1057 375 1404 416 Tarracinensium
1435 377 1536 417 dixi-

149 458 238 485 mus
260 448 273 464 ²
288 474 301 494 ,
326 443 507 500 patibulo
524 444 675 485 adfixus
691 472 704 493 ,
727 444 767 481 in
790 441 926 481 iisdem
956 437 1084 480 anulis
1107 443 1117 466 ³
1134 467 1148 488 ,
1173 453 1271 492 quos
1302 454 1491 495 acceptos
1515 456 1537 482 a

149 506 321 548 Vitellio
339 507 526 563 gestabat.
542 508 598 547 At
613 507 754 547 Romae
771 505 927 545 senatus
949 503 1090 544 cuncla
1112 501 1363 557 Principibus
1385 502 1503 544 solita
1519 508 1538 532 4

151 569 393 626 Vespasiano
411 570 617 620 decernit,
641 568 751 608 laetus
769 572 809 608 &
825 567 907 623 spei
925 579 1077 608 certus:
1105 566 1253 620 quippe
1281 564 1437 620 sumpta
1467 581 1536 622 per

151 632 306 675 Gallias
320 633 611 690 Hispaniasque
626 630 762 672 civilia
777 646 883 671 arma
897 660 910 681 ,
932 631 1050 671 motis
1066 628 1114 670 ad
1126 627 1280 669 bellum
1298 629 1508 670 Germanis
1523 659 1538 680 ,

148 711 247 737 mox
259 695 440 750 Illyrico,
451 697 656 752 postquam
670 696 911 750 AEgyptum,
925 693 1118 743 Judaeam,
1131 692 1382 746 Syriamque,
1400 695 1439 731 ὃς
1455 708 1537 732 om-

148 773 219 800 nes
240 760 469 816 provincias
489 759 766 812 exercitusque
789 756 1047 797 lustraverant
1060 786 1072 806 ‚
1090 754 1209 796 velut
1227 755 1390 810 expiato
1412 767 1537 795 terra-

146 836 236 862 rum
249 821 346 863 orbe
358 852 371 873 ,
395 822 540 878 cepiffe
555 823 677 863 finem
692 819 942 862 videbantur.
959 819 1161 860 Addidere
1175 817 1424 859 alacritatem
1435 818 1535 858 Ves-

147 885 294 941 pasiani
309 884 430 927 literae
443 916 456 936 ‚
478 899 681 940 tamquam
696 896 883 925 manente
898 881 1009 924 bello
1026 883 1200 937 scriptae:
1221 896 1266 922 ea
1280 911 1291 931 ‚
1314 878 1439 937 prima
1454 882 1537 937 spe-

148 949 238 999 cie,
264 948 394 990 forma
414 954 449 989 5:
477 951 654 990 ceterum
680 961 724 988 ut
739 948 930 1003 Princeps
951 944 1190 1000 loquebatur
1210 975 1223 995 ,
1247 944 1383 986 civilia
1400 944 1448 986 de
1465 945 1503 985 se
1521 974 1535 994 ,

147 1011 426 1068 &reipublicae
440 1014 616 1068 egregia:
635 1011 876 1053 necsenatfis
893 1009 1128 1063 obsequium
1143 1008 1290 1049 deerat.
1307 1008 1382 1063 Ipfi
1400 1025 1420 1044 α
1438 1024 1533 1049 con-

144 1072 325 1116 »sulatus
343 1090 436 1116 cum
448 1076 545 1116 Tito
561 1074 666 1126 filio,
687 1087 852 1132 praetura
867 1073 1107 1114 Domitiano
1124 1075 1164 1113 ὃ(
1181 1070 1390 1113 consulare
1406 1073 1534 1128 impe-

143 1138 279 1178 »rium
300 1137 318 1160 ⁶
338 1156 360 1175 »
379 1139 661 1180 decernuntur.

205 1200 285 1242 IV.
319 1202 418 1242 Mls
430 1214 553 1242 ERAT
577 1207 617 1243 ὃ(
646 1203 863 1243 Mucianus
893 1197 1076 1256 epistolas
1105 1197 1154 1238 ad
1185 1197 1365 1238 senatum
1393 1226 1406 1248 ,
1448 1213 1532 1251 quae

144 1265 352 1305 materiam
367 1265 616 1306 sermonibus
632 1265 851 1321 praebuere:
875 1280 897 1300 «
915 1264 958 1304 Si
974 1263 1149 1318 privatus
1166 1260 1259 1301 esset
1272 1291 1284 1311 ‚
1311 1276 1381 1301 cur
1398 1260 1532 1316 publi-

143 1341 166 1364 »
178 1327 224 1368 ce
251 1326 484 1382 loqueretur
504 1332 547 1369 ⁷?
573 1328 743 1385 potuiffe
778 1327 942 1376 eadem,
966 1340 1116 1381 paucos
1146 1325 1229 1380 post
1260 1324 1343 1364 dies
1364 1321 1378 1344 8
1395 1353 1408 1373 ,
1435 1322 1535 1365 loco

143 1390 380 1432 »sententiae
395 1392 475 1433 dici
496 1409 536 1431 »ι
560 1392 643 1448 ipsa
660 1406 820 1445 quoque
835 1389 1041 1429 infestatio
1060 1389 1102 1428 in
1119 1385 1332 1429 Vitellium
1346 1416 1358 1436 ,
1387 1387 1470 1428 sera
1488 1392 1504 1415 9
1517 1417 1533 1438 ,

145 1453 285 1494 &fine
306 1453 502 1496 libertate.
532 1455 578 1496 Id
609 1457 707 1495 vero
735 1469 829 1509 erga
851 1450 1142 1508 rempublicam
1173 1449 1413 1506 superbum,
1438 1466 1533 1505 erga

143 1516 371 1573 Principem
383 1517 721 1560 contumeliosum
730 1548 743 1568 ,
752 1516 860 1572 quod
876 1517 952 1555 «in
966 1529 1086 1555 manu
1095 1512 1162 1554 su'a
1173 1514 1285 1553 fuisse
1299 1515 1510 1569 imperium
1519 1544 1534 1565 ,

143 1595 166 1617 >2
177 1578 450 1636 donatumque
466 1581 706 1638 Vespasiano
722 1598 743 1618 »
758 1578 941 1632 jafi'cabat.
958 1578 1150 1619 Ceterum
1167 1577 1317 1617 invidia
1332 1578 1373 1616 in
1389 1576 1533 1618 occul-

184 1681 192 1696 ¹
219 1679 319 1714 QUAM
345 1680 534 1717 nemmem]
552 1680 652 1719 AEque
667 1680 740 1710 vere
761 1679 816 1708 Se-
898 1683 911 1703 7
933 1677 1067 1706 Punica
1090 1686 1302 1711 ιορυεῐιετυκ
1317 1676 1330 1711 ]
1345 1674 1471 1706 Publice
1484 1675 1532 1707 lo-

143 1726 221 1747 ncca
233 1718 271 1747 de
283 1717 449 1748 Beneficiis
468 1720 498 1754 1,
519 1729 546 1748 ι.
567 1717 637 1748 Cam
656 1718 696 1748 ita
715 1719 817 1747 natura
857 1715 910 1755 qui
936 1716 1135 1751 censebatur,
1154 1714 1207 1753 qui
1226 1716 1264 1744 ad
1290 1714 1427 1745 senatum
1449 1725 1531 1745 con—

144 1756 388 1796 comparatumstt‚
400 1766 431 1786 ut
438 1757 524 1786 altius
533 1758 658 1796 injuriae,
670 1760 748 1797 qua'm
760 1767 818 1786 rne-
857 1755 972 1785 sulesve
983 1754 1145 1784 scribebat.
1156 1754 1232 1784 lnde
1245 1753 1358 1784 Cicero
1369 1774 1378 1788 ,
1390 1754 1445 1791 Ep.
1456 1756 1532 1790 XV,

142 1795 200 1824 rita
217 1794 382 1834 defi-endunt
393 1820 402 1834 ,
419 1796 449 1826 Cr·
463 1796 511 1826 illa
533 1798 586 1826 citt>
603 1797 724 1836 defluant
736 1821 746 1836 ‚
766 1796 817 1826 lzas
860 1805 886 1824 1.
906 1793 989 1834 Quo‘d
1002 1793 1160 1822 arbitrabar
1174 1803 1191 1821 a
1203 1792 1249 1824 M.
1267 1792 1363 1822 Bibulo
1375 1794 1532 1832 proconfide

143 1842 230 1864 tenax
249 1836 377 1865 memoria
395 1846 427 1864 cu
437 1836 534 1881 ‘odiam
857 1835 973 1863 certiora
985 1832 1017 1878 tle
1029 1833 1071 1878 liis
1083 1833 1162 1862 rebus
1174 1832 1212 1877 acl
1222 1832 1439 1880 voss‘cribipuffe
1451 1833 1531 1902 ,ila-

183 1877 194 1891 ²
217 1874 357 1906 Dixnws
374 1877 387 1913 ]
436 1876 478 1906 lst.
494 1877 557 1910 111,
575 1885 627 1914 77.
856 1873 962 1902 ruebam
974 1873 1038 1902 mihi
1051 1882 1104 1901 non
1119 1872 1218 1911 neceffe
1234 1872 1280 1912 effe
1292 1871 1399 1908 publice
1408 1872 1464 1910 scri
1485 1883 1531 1903 ere

173 1918 194 1957 ‘³
215 1914 250 1944 Iu
273 1925 384 1944 usnam
402 1917 536 1952 miuus]
553 1915 675 1945 Anulos
687 1938 695 1951 ‚
710 1914 817 1954 eques-
857 1923 889 1942 ea
902 1923 978 1952 ‚quae
989 1911 1020 1941 de
1032 1911 1146 1941 alterius
1159 1911 1302 1948 provincia
1320 1911 1528 1942 nuntiarentur.

142 1959 197 1996 tris
212 1952 372 1992 dignitatis
385 1953 734 1994 infignia‚proditionis
746 1963 817 1992 prae-
856 1953 942 1983 Idem
956 1953 1010 1991 Ep.
1027 1953 1103 1988 XV,
1125 1962 1155 1988 9.
1175 1950 1248 1990 Quae
1276 1950 1342 1979 milii
1361 1949 1393 1978 cle
1415 1950 1531 1981 Parthis

142 2001 240 2036 nuum
253 2015 262 2029 ,
282 2003 300 2024 a
322 1993 453 2025 Vitellio
468 2002 640 2034 acceperat.
652 1994 699 2024 De
716 1992 816 2024 anulis
855 1992 986 2021 nuntiata
994 1991 1061 2029 sunt
1075 2013 1082 2026 ‚
1093 1991 1155 2030 quia
1167 2001 1220 2020 non
1232 1989 1384 2027 putabama
1395 2000 1435 2019 me
1445 1991 1529 2020 eciam

142 2031 217 2062 vide
234 2031 308 2062 Hist.
325 2034 360 2070 1,
380 2043 426 2071 13.
855 2041 928 2060 nunc
943 2029 1093 2070 scribenda
1120 2030 1167 2070 ff
1192 2029 1317 2066 publice,
1335 2039 1477 2066 propterea
1496 2040 1531 2060 ne

181 2074 197 2093 4
218 2071 414 2103 Pmmmus
436 2075 578 2111 soum]
599 2071 742 2103 Nomina
754 2073 815 2101 Irn-
852 2081 900 2108 pro
917 2070 1116 2108 familiaritate
1136 2069 1241 2108 quidem
1262 2068 1351 2107 ηοβνᾶ
1365 2068 1438 2098 volui
1454 2069 1490 2098 ad
1504 2080 1530 2099 te

143 2109 316 2153 peratoriS,
340 2111 463 2143 Caesaris
477 2135 487 2149 ,
509 2112 633 2152 Augusti
645 2136 655 2150 ‚
683 2111 816 2142 tribuni·
846 2110 987 2149 scribere:
1003 2119 1037 2138 ne
1056 2110 1116 2138 cum
1138 2108 1174 2137 acl
1200 2108 1330 2148 consulem
1344 2108 1501 2148 firilffzffi’m
1516 2132 1526 2145 ‚

141 2158 191 2178 cia
210 2149 339 2188 potestas
351 2174 360 2187 ,
382 2151 445 2182 &c.
853 2150 958 2188 publice·
969 2148 1075 2179 viderer
1086 2148 1227 2188 scriyfiffe.

181 2192 192 2234 j
218 2188 336 2233 FoizMA
349 2192 362 2228 ]
377 2191 419 2222 Ea
432 2189 591 2222 literarum
609 2189 730 2228 forma,
748 2190 814 2230 pri—
892 2190 903 2208 Β
926 2190 1047 2219 Paucos
1065 2199 1141 2218 Posr
1158 2190 1249 2225 oms]
1262 2187 1395 2219 Potuisse
1408 2187 1528 2223 cadem,

141 2236 193 2257 ma
215 2226 305 2259 faeie.
855 2239 970 2266 paucos
992 2228 1058 2267 post
1072 2228 1156 2262 dies,
1176 2229 1247 2258 cum
1265 2228 1398 2258 Romam
1419 2226 1527 2256 venis-

182 2267 196 2286 ⁶
218 2268 411 2298 Cousummz
435 2279 596 2299 menium
611 2271 624 2306 ]
637 2269 767 2300 Sueton.
782 2269 815 2298 in
853 2268 897 2299 set
910 2292 918 2305 ‚
930 2268 963 2298 in
982 2266 1087 2298 senatu
1109 2267 1182 2298 loco
1198 2266 1357 2297 sententiae
1374 2265 1447 2295 dici.

894 2313 906 2331 9
927 2309 1043 2345 Smin]
1067 2308 1151 2337 Bene
1178 2306 1285 2336 Illustr.
1313 2305 1459 2335 Huctius:
1475 2304 1526 2342 fi„

143 2354 234 2374 norem
250 2356 378 2383 praerurae
397 2346 518 2377 Urbanae
545 2358 603 2376 cum
619 2347 754 2386 conficlari
769 2358 815 2384 po·
831 2319 836 2358 Ι
853 2347 1027 2384 imperitante
1041 2346 1152 2376 Visellio
1163 2368 1172 2381 ,
1192 2345 1220 2374 id
1228 2345 1332 2414 jecsset
1349 2344 1502 2372 Mucianus
1513 2367 1524 2379 ,

143 2382 236 2427 testate
250 2386 366 2425 fitftepit
387 2386 464 2417 titulo
482 2396 579 2416 tenus:
599 2387 815 2426 quamjuridic-
831 2362 835 2420 l
852 2396 959 2424 poterat
981 2385 1096 2424 adscribi
1121 2385 1252 2415 libertati.
1300 2385 1360 2412 '‘unc
1384 2385 1461 2418 cuni,
1494 2393 1524 2410 ω

141 2430 242 2454 tionem
258 2425 294 2455 ad
314 2426 445 2467 collegam
462 2428 615 2465 proximum
628 2426 731 2468 transtu
744 2427 777 2458 it.
829 2421 836 2464 Ι
853 2436 972 2467 mortuo,
984 2424 1262 2465 idjaciac,libertari
1275 2423 1417 2454 :ribuinon
1432 2422 1526 2462 forest,

1563 261 1678 275 ==

1565 300 1594 325 A.
1607 302 1635 324 U.
1647 301 1679 325 C·

1585 348 1657 376 322.

1588 400 1612 423 J.
1622 400 1651 424 C.

1596 448 1647 482 69.
