2230 3047
500 301 529 325 A.
543 302 570 324 U.
583 301 613 324 C.

522 350 594 378 822.

522 400 545 424 J.
565 400 595 423 C.

531 449 583 481 69.

648 184 728 221 142
891 165 939 206 C.
1006 165 1416 207 CORNELII
1478 165 1789 207 TACITI-

639 244 873 290 diffimulata
885 275 898 296 ‚
923 248 1092 302 pravitas
1119 248 1340 289 amicorum
1357 275 1369 296 ‚
1394 249 1433 286 &
1458 243 1631 286 fecunda
1646 245 1857 300 gignendis
1882 247 2019 289 inimi⁴

640 312 742 352 citiis
757 311 898 351 civitas
919 324 1080 351 auxerat
1092 340 1104 361 ‚
1132 311 1225 352 dum
1243 309 1394 351 ambitu
1410 337 1423 359 ,
1448 309 1644 349 comitatu
1656 337 1670 358 ‚
1696 312 1736 349 ὃ(
1752 310 1949 351 immenfis
1964 311 2017 352 sa-

636 373 852 415 lutantium
868 373 1090 428 agminibus
1117 374 1394 422 contendunt,
1418 384 1805 427 comparanturque3
1832 374 1950 413 variis
1975 375 2019 414 in

638 439 746 478 hunc
763 450 829 478 aut
845 435 958 476 illum
974 436 1133 478 Vitellii
1155 434 1498 477 inclinationibus,
1521 437 1564 475 N
1567 449 1614 476 ec
1632 450 1819 489 umquam
1836 435 1926 477 satis
1942 435 2021 477 fida

639 501 821 557 potentia
835 529 848 550 ,
874 499 943 540 ubi
960 501 1081 541 nimia
1100 501 1165 540 est.
1185 498 1316 539 Simul
1330 498 1458 554 ipsum
1474 497 1686 540 Vitellium
1700 528 1713 548 ,
1740 498 1877 540 subitis
1895 499 2021 540 offen-

638 563 684 604 sis
694 576 761 604 aut
772 563 1056 619 intempestivis
1072 562 1272 604 blanditiis
1288 560 1536 612 mutabilem,
1547 560 1862 603 contemnebant
1874 575 2022 603 metue-

638 626 825 681 bantque.
848 627 940 667 Nec
966 628 1014 666 eo
1032 625 1188 680 segnius
1207 625 1431 666 invaserant
1455 625 1598 665 domos
1613 655 1625 674 ‚
1651 626 1790 666 hortos
1806 655 1819 675 ‚
1846 624 2022 681 opesque

638 690 817 746 imperii:
844 691 935 730 cum
953 687 1096 729 flebilis
1113 693 1153 729 ὅ(
1177 703 1299 743 egens
1316 686 1512 728 nobilium
1539 687 1653 728 turba
1678 693 1688 710 ¹
1705 718 1719 738 ,
1744 703 1842 742 quos
1856 688 1962 744 ipsos
1978 686 2023 727 li-

640 752 834 806 berosque
848 753 978 807 patria:
996 750 1125 792 Galba
1140 751 1365 792 reddiderat
1380 780 1392 801 ‚
1416 749 1527 791 nulla
1543 752 1738 807 Principis
1751 748 2022 792 misericordia

639 814 884 868 juvarentur.
911 815 1079 857 Gratum
1098 814 1336 871 primoribus
1362 815 1561 864 civitatis,
1585 815 1704 854 etiam
1733 813 1870 870 plebes
1887 814 2023 870 adpro-

641 878 778 928 bavit,
803 877 911 931 quod
926 878 1085 918 reverfis
1113 877 1159 918 ab
1180 877 1316 918 exsilio
1343 875 1428 930 jura
1451 877 1686 918 libertorum
1709 881 1723 898 ²
1746 877 1990 918 concessiffet
2014 892 2024 917 t

642 955 879 996 quamquam
905 941 946 980 id
963 942 1073 981 omni
1090 941 1213 982 modo
1241 939 1399 981 servilia
1412 941 1574 994 ingenia
1599 939 1933 995 corrumpebant,
1957 938 2026 980 ab·

644 1005 734 1046 ditis
763 1004 943 1059 pecuniis
959 1018 1028 1059 per
1053 1003 1238 1044 occultos
1252 1033 1265 1054 ‚
1291 1017 1358 1044 aut
1372 1002 1605 1044 ambitiosos
1621 1003 1722 1043 finus
1745 1007 1754 1030 ³
1773 1019 1782 1042 :
1808 1007 1848 1043 ὅ(
1863 1002 2025 1056 quidam

643 1069 685 1108 in
699 1067 865 1107 domum
878 1066 1040 1107 Caesaris
1055 1066 1272 1122 transgreffi
1281 1096 1294 1117 ‚
1315 1079 1432 1120 atque
1446 1065 1534 1121 ipsis
1548 1065 1719 1106 dominis
1734 1066 1981 1121 potentiores
1992 1070 2024 1106 4.

708 1128 794 1169 XC
802 1130 885 1169 ΙΙΙ.
919 1130 946 1170 S
959 1142 1014 1169 ΕΙ)
1041 1128 1156 1170 miles
1169 1159 1182 1179 ‚
1204 1128 1333 1185 plenis
1351 1130 1480 1170 castris
1494 1158 1507 1179 ‚
1529 1132 1570 1169 &
1589 1128 1837 1170 redundante
1851 1127 2027 1170 multitu-

645 1193 736 1233 dine
754 1222 766 1242 ,
794 1193 835 1232 in
866 1192 1085 1248 porticibus
1102 1222 1115 1243 ,
1142 1206 1208 1233 aut
1240 1191 1442 1242 delubris,
1467 1196 1506 1233 ὅ(
1537 1191 1642 1232 Urbe
1660 1190 1744 1232 tota
1764 1206 1887 1247 vagus
1903 1221 1917 1242 ‚
1944 1207 2027 1233 non

644 1256 843 1312 principia
861 1259 874 1286 5
892 1255 1056 1296 noscere
1070 1285 1083 1305 ‚
1110 1271 1191 1296 non
1208 1255 1361 1296 servare
1380 1253 1536 1309 vigilias
1552 1284 1564 1304 ,
1588 1269 1717 1309 neque
1733 1254 1872 1295 labore
1894 1255 2028 1295 firma-

644 1319 699 1358 ri:
724 1332 793 1373 per
808 1316 1029 1358 inlecebras
1050 1317 1166 1359 Urbis
1182 1348 1195 1368 ‚
1222 1323 1261 1358 ὅ(
1277 1319 1484 1359 inhonesta
1500 1317 1604 1358 diem
1617 1348 1630 1369 ,
1651 1330 1795 1374 corpus
1812 1319 1897 1359 otio
1910 1347 1923 1368 ,
1943 1319 2030 1358 ani-

645 1396 757 1420 mum
786 1379 1016 1421 libidinibus
1045 1381 1348 1422 imminuebant.
1376 1382 1579 1422 Postremo
1594 1411 1607 1431 ‚
1639 1396 1687 1422 ne
1711 1380 1845 1421 salutis
1867 1381 2030 1434 quidem

647 1459 765 1484 cura:
790 1443 1004 1485 infamibus
1029 1445 1218 1485 Vaticani
1249 1443 1351 1485 locis
1375 1443 1392 1466 ⁶
1410 1459 1554 1498 magna
1584 1459 1670 1499 pars
1695 1444 1894 1489 tetendit;
1921 1443 2028 1484 unde

648 1506 792 1547 crebrae
814 1508 858 1546 in
873 1506 1016 1561 vulgus
1033 1520 1193 1548 mortes.
1209 1506 1261 1547 Et
1275 1537 1288 1558 ,
1315 1505 1521 1559 adjacente
1541 1506 1680 1547 Tiberi
1695 1537 1708 1557 ,
1733 1507 2031 1547 Germanorum

690 1603 698 1617 ¹
724 1598 890 1628 Nominum
913 1601 1040 1631 Tuniza]
1061 1599 1166 1635 Quos,
1185 1597 1318 1628 fortunis

649 1637 848 1672 exturbatos,
865 1636 899 1665 in
908 1635 1013 1666 exfilia
1031 1636 1318 1673 detruserat-Nero,

649 1684 853 1707 revocaverat
873 1675 982 1706 Galba.

691 1719 700 1731 ²
724 1716 806 1744 JURA
831 1715 1063 1751 niseni-onum]
1092 1715 1165 1745 Haec
1193 1714 1260 1752 jura
1287 1713 1319 1743 in

650 1753 810 1784 alimentis
827 1764 861 1783 ac
885 1754 1036 1792 praecipue
1057 1754 1244 1784 testamentis
1266 1763 1321 1791 po-

651 1793 728 1830 {ita3
751 1793 789 1822 de
807 1793 919 1832 quibus
945 1793 1093 1832 Ulpianus
1121 1793 1185 1822 Tit.
1211 1804 1260 1828 29.
1283 1792 1321 1822 de

651 1832 746 1862 Bonis
768 1831 964 1863 libertorum.
981 1842 1066 1862 num.
1086 1843 1110 1862 ι.
1134 1831 1212 1860 Civis
1222 1832 1322 1860 Roma-

651 1871 681 1899 ni
703 1871 792 1900 liberti
816 1870 991 1900 heredicaeem
1011 1871 1056 1900 lex
1076 1870 1213 1900 duodecim
1233 1870 1322 1900 Tabu-

651 1909 740 1938 larum
762 1920 877 1947 patrono
895 1909 981 1948 defert
995 1910 1043 1950 ‚fi
1062 1910 1186 1948 incestam
1196 1910 1260 1949 fine
1272 1910 1322 1948 fico

651 1948 747 1978 herede
765 1949 878 1978 libertus
889 1949 1042 1990 decesserit.-
1057 1950 1090 1980 ὃ(
1100 1949 1241 1980 Εάἰθῑιιη]
1251 1960 1323 1989 prae-

652 1988 729 2019 toris
745 1989 825 2027 apud
840 1990 983 2020 eumdem
1003 1989 1169 2029 Ulpianum
1184 1989 1247 2019 loc.
1269 1989 1322 2019 cit.

653 2027 701 2056 Ex
723 2027 814 2056 Ediflo
827 2029 955 2064 prce-toris
966 2027 1010 2068 ,fi
1030 2027 1266 2068 testamentofabio
1285 2027 1322 2057 li-

653 2066 745 2096 bertus
759 2067 910 2103 morimur,
931 2077 981 2096 aut
1007 2078 1037 2097 ut
1055 2067 1142 2105 nihil,
1163 2076 1212 2097 aut
1233 2067 1323 2096 mimis

653 2109 732 2145 qusint
756 2116 860 2143 partem
887 2106 1026 2136 dimidiam
1054 2107 1181 2136 bonorum
1207 2116 1322 2143 patrono

653 2145 810 2183 relinquar,
826 2155 921 2174 contra
937 2146 1047 2175 tabulas
1068 2146 1217 2179 testamenti
1231 2146 1323 2183 partis

655 2184 777 2214 dimidiae
798 2184 924 2214 bonorum
943 2185 1053 2226 poffeffio
1075 2182 1116 2215 i'lli
1137 2185 1244 2219 datur;
1272 2184 1324 2224 111st

654 2223 769 2253 libertus
788 2224 900 2262 aliquem
917 2235 951 2253 ex
970 2225 1144 2254 naturalibus
1161 2224 1323 2261 liberisfiaec-

656 2263 775 2303 ceffiirem
784 2262 840 2302 fibi
857 2263 991 2302 relinquat
1004 2286 1012 2298 ‚
1025 2264 1087 2303 five
1107 2263 1231 2303 intestato
1248 2263 1323 2293 dece-

655 2302 722 2339 dat,
742 2302 772 2331 Cr
789 2302 979 2339 uxoremfhrre’
995 2303 1025 2333 in
1040 2313 1168 2339 manum,
1180 2303 1223 2332 vel
1244 2302 1324 2339 adop-

656 2341 840 2380 tivum-filium
860 2341 996 2381 relinquar
1008 2365 1017 2377 ‚
1037 2345 1109 2381 aeque'
1119 2342 1210 2378 partis
1230 2341 1324 2371 mediae

656 2380 785 2409 honorum
798 2380 908 2420 poffiffio
926 2382 1090 2419 contraficos
1109 2380 1219 2410 heredes
1232 2391 1324 2417 parro-

657 2429 692 2450 Ilo
712 2419 803 2452 dam.
830 2421 900 2452 Alia
922 2420 1019 2452 multa
1041 2428 1244 2461 patronorum
1259 2421 1325 2459 jura

1356 1597 1429 1627 vide
1459 1596 1490 1626 in
1513 1597 1625 1635 Digest.
1644 1596 1728 1628 libro
1748 1597 1924 1629 XXXVIII.
1941 1596 2030 1628 Titu-

1357 1637 1393 1666 lis
1415 1637 1447 1672 1,
1462 1637 1489 1666 11
1507 1636 1540 1667 ὅ(
1556 1639 1594 1667 V.

1398 1680 1407 1700 3
1431 1676 1628 1706 AMBn-msos
1650 1686 1735 1706 smus
1750 1676 1765 1712 ]
1783 1677 1845 1706 Aut
1861 1674 1942 1706 clam
1962 1673 2031 1705 fur-

1358 1714 1498 1754 timque,
1533 1723 1585 1745 aut
1615 1714 1784 1745 ambitioso
1815 1714 2031 1754 potentiorum

1358 1753 1424 1783 finu
1453 1753 1599 1793 pecunias
1621 1754 1791 1785 abdebant.
1806 1754 1853 1784 De
1866 1753 2030 1784 servilibus

1359 1793 1545 1823 libertorum
1573 1793 1709 1832 ingeniis
1737 1793 1854 1824 dietum
1887 1793 1974 1831 supra
1995 1792 2031 1823 in

1358 1832 1529 1862 Annalium
1542 1832 1639 1863 libris.

1398 1876 1413 1895 4
1434 1872 1574 1902 Domurs
1596 1872 1843 1908 PoTEuriomzs]
1867 1871 1912 1901 Ac
1925 1869 2031 1909 proin-

1360 1911 1398 1941 de
1424 1910 1561 1941 dominis
1582 1912 1648 1947 jure
1670 1911 1724 1941 suo
1745 1911 1791 1942 uti
1810 1910 1894 1941 velle
1915 1909 2030 1941 inutile

1359 1958 1412 1981 aut
1431 1950 1648 1988 periculosum.

1400 1994 1408 2016 5
1432 1990 1624 2027 Pniucnia]
1645 1988 1705 2019 Ubi
1722 1988 1846 2027 aquilae,
1867 1988 1969 2027 ligna,
1984 1987 2032 2019 fo·

1361 2038 1492 2067 rumque
1515 2028 1660 2059 militare.
1682 2027 1762 2059 Vide
1779 2038 1845 2067 quae
1861 2028 1941 2059 dieta
1964 2027 2034 2058 sunt

1362 2068 1448 2106 supra
1469 2068 1582 2098 Annal.
1605 2069 1639 2100 Ι,
1656 2071 1706 2098 61.

1402 2108 1415 2126 ⁶
1437 2108 1602 2137 luminans
1623 2109 1781 2138 VATrcam
1811 2116 1901 2136 noeis
1923 2106 1938 2142 ]
1967 2106 2034 2137 Sta-

1362 2146 1527 2184 gnantibus
1549 2145 1654 2185 aquis,
1677 2145 1868 2184 serpentibus
1891 2146 1924 2175 &c
1948 2144 2033 2175 insa-

1364 2185 1444 2215 lubri
1457 2195 1525 2215 aere
1542 2185 1670 2215 infamia
1689 2194 1762 2215 tunc
1790 2192 1875 2214 erant
1889 2182 2033 2215 Vaticani

1364 2225 1445 2254 loca.
1476 2226 1568 2255 Nunc
1595 2226 1670 2255 vero
1703 2224 1896 2260 habitantur,
1926 2222 2034 2261 ibique

1363 2264 1498 2302 adsurgit
1523 2263 1598 2293 Divi
1628 2263 1709 2293 Petri
1745 2261 1881 2294 ecclelia.
1914 2261 2036 2291 Insalu-

1363 2305 1450 2334 brem
1460 2312 1563 2333 tamen
1575 2302 1674 2333 adhuc
1690 2312 1792 2332 aerem
1805 2300 1952 2332 nonnulli
1962 2310 2036 2339 que-

1365 2351 1490 2372 runtur:
1516 2342 1651 2381 indeque
1668 2342 1778 2371 summi
1803 2340 1969 2371 Pontifices
1983 2349 2035 2369 ra-

1365 2383 1399 2412 ro
1425 2381 1608 2411 Vaticanum
1646 2380 1794 2419 palatium
1812 2403 1820 2415 ,
1852 2381 2035 2418 plerumque

1366 2419 1528 2459 Quirinale
1541 2443 1551 2459 ,
1581 2419 1679 2450 Monte
1699 2418 1815 2449 Can-allo
1832 2442 1842 2457 ,
1869 2427 2037 2458 occupant.

2056 827 2110 855 1C>

2059 1452 2117 1482 20
