2209 3047
503 275 615 286 ,.-.-

500 303 530 328 A.
544 306 571 326 U.
584 304 612 326 C.

521 351 592 378 322.

521 401 544 423 J.
563 400 593 423 C.

528 449 579 481 69.

635 178 722 223 236
899 172 946 212 C.
1013 171 1397 214 CORNELII
1460 169 1731 213 TACITI

633 254 782 302 nistris,
811 267 909 306 quos
926 253 1132 308 ambiguus
1161 253 1399 294 auxiliorum
1427 253 1579 293 animus
1594 283 1606 303 ,
1627 257 1667 293 ὃς
1696 252 1827 293 subito
1850 252 2004 295 dele&u

630 314 816 371 suppleta:
832 314 1012 370 legiones
1029 316 1226 371 angebant
1241 346 1252 366 ,
1276 316 1404 355 statuit
1421 317 1626 355 continere
1643 317 1745 356 intra
1761 317 1880 356 castra
1896 316 2003 356 mili-

629 392 724 418 tem.
741 379 848 418 Dein
863 379 1087 434 paenitentia
1101 409 1112 429 ,
1134 383 1174 419 ὅ(
1191 377 1444 432 arguentibus
1462 378 1569 433 ipsis,
1586 380 1652 432 qui
1669 379 1887 428 suaserant,
1907 392 2001 418 tam-

628 457 745 495 quam
761 441 986 492 secuturus,
1008 442 1156 497 scripsit
1171 442 1380 482 Herennio
1399 439 1545 491 Gallo,
1566 440 1737 495 legionis
1752 443 1882 497 primae
1898 440 2002 496 lega-

627 518 671 545 to
684 534 697 554 ,
717 506 784 558 qui
801 505 983 545 Bonnam
1003 511 1011 526 ¹
1034 503 1239 545 obtinebat
1254 534 1264 553 ,
1288 517 1331 544 ut
1351 520 1372 540 «
1394 517 1546 544 arceret
1560 504 1721 544 transitu
1736 505 1929 544 Batavos:
1960 504 1999 544 se

624 584 647 604 2)
659 582 752 608 cum
769 569 946 608 exercitu
962 569 1082 622 tergis
1109 582 1247 608 eorum
1263 567 1452 606 haesurum
1470 584 1490 603 >³
1502 598 1510 606 .
1528 566 1579 606 Et
1595 568 1767 622 opprimi
1789 580 1972 622 poterant
1986 596 2000 616 ,

625 631 652 669 fi
670 631 765 670 hinc
785 631 1042 671 Hordeonius
1056 660 1068 679 ,
1096 630 1186 670 inde
1205 628 1345 670 Gallus
1358 659 1370 679 ,
1396 631 1515 670 motis
1532 632 1728 683 utrimque
1744 631 1870 685 copiis
1885 660 1898 680 ,
1922 644 2000 670 me-

625 693 711 733 dios
729 692 960 733 clausissent.
979 692 1149 734 Flaccus
1170 692 1298 733 omisit
1313 693 1519 748 inceptum
1533 723 1544 742 ,
1567 693 1730 746 aliisque
1759 692 1882 733 literi's
1902 690 1999 732 Gal-

622 755 708 796 lum
726 758 881 796 monuit
894 786 906 805 ,
929 771 977 796 ne
993 769 1157 795 terreret
1173 755 1374 795 abeuntes.
1392 756 1506 795 Unde
1521 756 1692 811 suspicio
1706 786 1718 806 ,
1741 756 1881 811 sponte
1895 755 1998 809 lega-

622 832 755 859 torum
776 820 941 859 excitari
960 817 1131 859 bellum:
1159 819 1376 872 cun&aque
1393 833 1475 872 quae
1493 818 1720 859 acciderant
1734 848 1745 868 ,
1771 831 1836 859 aut
1853 831 2000 857 metue-

623 880 790 931 bantur,
816 897 898 921 non
917 879 1057 922 inertia
1073 880 1236 932 militis,
1259 895 1386 935 neque
1407 882 1578 922 hostium
1594 882 1634 922 vi
1648 910 1662 932 ,
1688 882 1754 922 sed
1776 880 1911 921 fraude
1933 881 1999 921 du-

623 959 714 985 cum
736 946 908 985 evenire.

684 1008 786 1048 XX.
821 1007 1041 1057 BATAVI,
1065 1012 1156 1048 cum
1191 1009 1321 1048 castris
1352 1006 1624 1047 Bonnensibus
1656 1008 1998 1062 propinquarent,

620 1070 839 1125 praemisere
860 1072 926 1123 qui
946 1071 1155 1111 Herennio
1176 1069 1300 1110 Gallo
1317 1070 1501 1111 mandata
1518 1072 1747 1111 cohortium
1765 1083 1996 1126 exponeret.

625 1150 647 1168 «
667 1133 840 1173 Nullum
862 1132 930 1172 slbi
951 1132 1102 1173 bellum
1122 1134 1305 1174 adversus
1324 1134 1559 1184 Romanos,
1583 1148 1656 1189 pro
1679 1132 1820 1186 quibus
1849 1135 1997 1174 totiens

617 1195 869 1236 »bellassenn
885 1195 1029 1251 Longa
1045 1210 1162 1250 atque
1182 1195 1298 1236 inrita
1324 1195 1467 1237 militia
1483 1197 1582 1237 fessis
1595 1226 1607 1246 ,
1636 1198 1766 1252 patriae
1783 1210 1899 1250 atque
1924 1198 1997 1236 otii

616 1274 639 1295 »
651 1260 879 1315 cupidinem
897 1259 985 1299 esse.
1000 1261 1043 1299 Si
1061 1275 1180 1300 nemo
1198 1259 1415 1309 obsisteret,
1432 1261 1640 1300 innoxium
1654 1261 1729 1299 iter
1744 1259 1850 1300 fore:
1872 1259 1924 1298 fin
1941 1274 1996 1299 ar-

614 1338 637 1358 »
649 1337 711 1362 ma
729 1336 940 1363 occurrant
953 1352 966 1372 ,
990 1322 1095 1363 ferro
1117 1324 1222 1363 viam
1238 1324 1469 1363 inventuros
1486 1340 1524 1363 ».
1541 1323 1804 1362 CunCtantem
1819 1322 1996 1377 legatum

614 1384 761 1426 milites
779 1384 1032 1441 perpulerant
1046 1415 1058 1435 ,
1083 1403 1103 1421 «
1121 1385 1320 1426 fortunam
1338 1385 1470 1441 proelii
1483 1387 1726 1441 experiretur
1742 1403 1761 1421 »
1773 1417 1782 1425 .
1796 1386 1890 1426 Tria
1906 1384 1995 1424 mil-

615 1445 669 1487 lia
690 1452 703 1468 ²
724 1448 1035 1502 legionariorum
1050 1478 1063 1497 ,
1084 1453 1123 1488 &
1145 1447 1407 1489 tumultuariae
1422 1448 1635 1502 Belgarum
1654 1450 1861 1497 cohortes,
1882 1447 1994 1487 simul

613 1525 863 1566 paganorum
883 1516 892 1539 ³
914 1510 1163 1564 lixarumque
1190 1513 1358 1565 ignava,
1386 1511 1452 1551 sed
1478 1526 1628 1566 procax
1656 1523 1746 1551 ante
1770 1510 1994 1566 periculum

613 1589 754 1614 manus
767 1604 779 1624 ,
804 1573 987 1614 omnibus
1004 1575 1127 1629 portis
1143 1588 1376 1630 erumpunt,
1397 1587 1440 1614 ut
1456 1574 1627 1615 Batavos
1645 1589 1810 1614 numero
1824 1575 1993 1630 impares

615 1637 952 1677 circumfundant.
969 1636 1033 1675 Illi
1049 1666 1061 1687 ,
1088 1650 1240 1678 veteres
1255 1637 1403 1677 militiae
1417 1667 1430 1687 ,
1454 1639 1495 1677 in
1512 1651 1661 1679 cuneos
1675 1651 1991 1691 congregantur,

613 1700 718 1740 denfi
738 1700 912 1753 undique
927 1729 940 1749 ,
965 1703 1005 1739 &
1022 1699 1196 1740 frontem
1223 1713 1411 1754 tergaque
1438 1716 1483 1741 ac
1507 1699 1608 1741 latus
1631 1701 1719 1740 tuti.
1741 1701 1808 1740 Sic
1828 1713 1990 1740 tenuem

612 1764 834 1803 nostrorum
851 1764 975 1803 aciem
987 1763 1250 1818 perfringunt.
1262 1763 1507 1804 Cedentibus
1516 1763 1671 1818 Belgis,
1688 1761 1849 1818 pellitur
1862 1761 1989 1817 legio,

613 1829 652 1865 ὅ(
672 1825 821 1866 vallum
838 1826 1048 1882 portasque
1064 1827 1207 1882 trepidi
1224 1826 1423 1883 petebant.
1441 1826 1501 1867 Ibi
1517 1826 1731 1882 plurimum
1751 1825 1872 1867 cladis
1887 1843 1894 1866 :
1919 1841 1990 1866 cu-

610 1888 767 1929 mulatae
785 1889 1018 1944 corporibus
1036 1889 1160 1929 foffae:
1185 1905 1260 1930 nec
1282 1890 1385 1931 caede
1403 1893 1555 1930 tantum
1580 1894 1619 1930 ἃ
1640 1888 1869 1930 vulneribus
1885 1918 1896 1938 ,
1922 1888 1989 1929 sed

609 1950 720 1991 ruina
734 1981 746 2002 ,
774 1957 812 1992 ὅ(
831 1953 907 1992 suis
925 1951 1102 2007 plerique
1118 1952 1206 1993 telis
1224 1954 1419 2001 interiere.
1436 1954 1616 1993 Vfflores
1629 1981 1641 2001 ,
1671 1950 1831 1993 colonia
1847 1953 1987 2007 Agrip-

608 2015 828 2069 pinensium
845 2021 862 2044 4
879 2013 1020 2065 vitata,
1035 2015 1135 2055 nihil
1150 2029 1284 2056 cetero
1300 2018 1339 2056 in
1353 2017 1493 2056 itinere
1508 2014 1647 2056 hostile
1663 2016 1760 2065 ausi,
1774 2015 1985 2055 Bonnense

2032 835 2081 861 10

2030 1150 2077 1188 15

2022 1465 2077 1490 20

608 2075 795 2132 proelium
815 2077 1075 2118 excusabant:
1098 2092 1296 2132 tamquam
1316 2077 1438 2135 petit&
1456 2093 1552 2134 pace
1566 2108 1578 2129 ,
1599 2078 1801 2133 postquam
1819 2077 1986 2132 negaba·
2011 2095 2067 2130 30

607 2152 696 2189 tur,
721 2140 871 2182 [ibimet
897 2141 965 2196 ipsi
986 2140 1282 2183 consuluissent.

670 2202 800 2244 XXI.
837 2204 1026 2243 Civffls
1045 2233 1057 2254 ,
1100 2204 1274 2246 adventu
1308 2218 1581 2246 veteranarum
1613 2205 1868 2254 cohortium,
1893 2202 1981 2256 justi

646 2305 654 2318 ¹
681 2302 742 2337 Qm
764 2301 925 2337 Bonmm]
942 2301 1106 2338 Hodieque
1121 2301 1209 2329 Bona.
1351 2307 1360 2328 3
1385 2303 1584 2333 PAGANORUM
1600 2303 1740 2338 ]Eorum
1752 2323 1760 2336 ‚
1776 2300 1829 2338 qui
1842 2310 1907 2330 non
1920 2299 1978 2328 mi-

644 2340 760 2368 ²'Tnia
785 2350 892 2368 ΜιιιιΑ
912 2342 922 2376 ]
949 2340 1165 2378 Haslegiones
1187 2340 1265 2370 adeo
1310 2341 1450 2371 lstabann

602 2378 800 2408 imminuerat
818 2378 960 2409 Vitellius
973 2402 981 2415 ‚
1005 2387 1038 2408 ut
1057 2379 1265 2416 diinidia‚aut
1347 2385 1361 2402 4
1383 2381 1527 2412 Comma
1547 2379 1843 2415 Acmm’mtnswm]
1882 2378 1975 2407 Nunc

601 2417 655 2446 vix
678 2417 806 2449 dimidia
820 2417 980 2458 legionum
1001 2429 1067 2457 pars
1088 2418 1190 2450 css'ent.
1308 2418 1437 2459 Cologne.
