2230 3047
660 179 740 215 180
921 173 969 215 C.
1035 173 1439 217 CORNELII
1503 173 1787 215 TACITI

517 275 632 292 ,Ξ
652 273 673 292 »
685 253 945 309 magnificum
963 253 1156 297 militibus
1174 257 1354 298 ostentet.
1371 254 1513 296 Versas
1534 252 1634 294 illuc
1652 255 1834 294 omnium
1852 268 2004 298 mentes
2015 285 2032 310 ‚

520 304 632 378 ΛὲζΖΟ
654 318 781 358 »dum
805 317 996 359 Vitellius
1018 320 1241 360 amicorum
1264 319 1600 370 inimicorumque
1618 316 1828 371 negligens
1856 323 1867 339 ¹
1885 346 1898 367 ,
1919 319 2032 360 fovet

544 400 566 422 J.
579 399 610 422 c.
654 379 872 420 »aemulum
882 411 895 432 ,
908 382 1102 438 Principis
1118 381 1272 422 labores
1290 386 1304 401 ²
1330 396 1351 421 e
1371 381 1563 421 convivio
1580 380 1911 435 prospetTtantem.
1926 378 2030 421 Red-

551 445 604 478 69.
653 461 676 482 >)
687 443 858 485 dendam
882 459 955 501 pro
980 441 1255 500 intempestiva
1283 441 1419 484 laetitia
1449 444 1620 483 maestam
1643 446 1684 483 ὅ(
1699 442 1909 483 funebrem
1930 457 2032 484 noc-

655 522 771 548 »tem
785 536 801 558 ,
826 506 902 562 qua
924 507 1023 550 sciat
1040 512 1080 549 ὅ(
1094 508 1237 548 sentiat
1261 509 1397 548 vivere
1416 505 1630 549 Vitellium
1644 535 1658 557 ,
1681 509 1722 546 δε
1746 508 1940 563 imperare
1954 535 1967 558 ‚
1991 509 2033 547 &
2088 516 2118 556 ς

657 571 716 611 »fi
733 570 827 625 quid
851 570 936 612 fato
952 571 1110 613 accidat
1121 600 1135 621 ,
1155 569 1282 610 filium
1298 569 1443 612 habere
1459 587 1481 608 >›
1493 601 1502 611 .

720 633 946 676 XXXIX.
980 635 1109 675 TREP
1121 647 1237 674 IDAN
1248 646 1296 673 T1
1318 635 1421 674 inter
1434 632 1562 675 scelus
1577 646 1827 688 metumque,
1846 646 1897 673 ne
1912 629 2034 673 dilata

657 695 768 738 Blaefi
783 713 889 738 mors
908 711 1102 739 maturam
1124 697 1343 753 perniciem
1355 725 1369 747 ‚
1392 696 1522 753 palam
1538 695 1633 748 jussa
1649 710 1826 737 atrocem
1842 695 2035 736 invidiam

655 761 795 811 ferret,
817 760 969 817 placuit
984 775 1142 801 veneno
1159 759 1316 814 graffari
1334 765 1361 800 ³.
1378 760 1727 801 Addiditfacinori
1742 759 1882 809 fidem,
1907 757 2035 799 nobili

657 824 829 879 gaudio,
852 823 1020 863 Blaesum
1042 823 1229 864 visendo:
1259 824 1354 877 quin
1376 827 1416 864 ὃς
1439 823 1572 864 audita
1593 824 1645 863 est
1662 823 1859 863 saeviffima
1876 819 2037 863 Vitellii
2067 836 2118 862 10

658 902 740 928 vox
753 917 766 937 ‚
791 884 866 939 quai
887 904 907 923 «
923 887 962 927 se
980 904 1001 923 »
1018 890 1029 937 (
1044 886 1126 942 ipsa
1143 887 1250 926 enirn
1265 885 1385 927 verba
1399 886 1566 927 referam
1582 889 1593 935 )
1616 902 1638 922 «
1656 885 1802 942 pavisse
1827 882 1970 926 oculos
1988 888 2007 912 4
2022 911 2037 933 ‚

656 966 680 988 »
691 948 859 1005 speciata
872 950 1027 990 inimici
1042 962 1171 990 morte
1187 966 1208 986 »
1217 979 1232 1000 ‚
1246 947 1417 1001 jactavit.
1431 949 1557 990 Blaeso
1571 948 1687 1004 super
1700 947 1923 989 claritatem
1936 960 2041 989 natas

655 1011 755 1052 lium
769 1042 782 1062 ,
811 1016 849 1052 ὅ(
867 1011 1106 1068 elegantiam
1122 1027 1300 1063 morum,
1316 1013 1408 1052 fidei
1422 1012 1633 1053 obstinatio
1649 1011 1737 1052 fuit.
1754 1011 1924 1066 Integris
1940 1024 2040 1064 quo-

657 1090 734 1129 que
760 1075 901 1126 rebus,
927 1091 948 1116 a
971 1073 1129 1116 Caecina
1145 1105 1157 1126 ,
1184 1080 1224 1116 ὃ(
1243 1075 1482 1132 primoribus
1505 1075 1701 1131 partium,
1726 1072 1806 1126 jam
1826 1072 2042 1115 Vitellium

657 1137 980 1193 aspernantibus,
1005 1138 1174 1180 ambitus
1188 1169 1200 1190 ,
1220 1138 1391 1180 abnuere
1412 1139 1701 1195 perseveravit3
1723 1137 1873 1178 sanetus
1886 1167 1898 1186 ‚
1919 1138 2040 1176 intur·
2070 1154 2083 1180 1
2095 1151 2119 1192 ς

658 1199 799 1252 bidus,
824 1200 972 1243 nullius
999 1204 1198 1258 repentini
1214 1204 1380 1243 honoris
1395 1232 1409 1252 ,
1431 1202 1531 1243 adeo
1553 1216 1634 1242 non
1655 1201 1900 1257 principatus
1917 1213 2039 1256 appe-

658 1277 768 1305 tens:
793 1280 932 1320 parum
949 1265 1168 1320 effugerat,
1195 1281 1243 1306 ne
1258 1266 1401 1321 dignus
1418 1265 1655 1307 crederetur.

723 1327 822 1368 XL.
857 1329 891 1369 F
900 1340 1038 1367 ABIUS
1060 1330 1220 1369 interim
1238 1328 1389 1369 Valens
1405 1358 1418 1379 ‚
1444 1327 1574 1369 multo
1594 1343 1640 1369 ac
1660 1327 1775 1369 molli
1791 1326 2040 1369 concubina—

657 1405 745 1431 rum
761 1391 1059 1446 spadonumque
1075 1393 1233 1446 agmine
1246 1421 1259 1442 ‚
1284 1392 1440 1446 segnius
1456 1391 1574 1446 quam
1588 1391 1637 1432 ad
1651 1391 1802 1432 bellum
1822 1391 2040 1440 incedens,

666 1470 689 1490 (ι
703 1454 903 1510 proditam
920 1469 940 1495 a
963 1454 1126 1495 Lucilio
1143 1454 1256 1496 Basso
1272 1456 1551 1496 Ravennatem
1576 1454 1735 1495 claffem
1762 1472 1783 1491 ³)
1812 1452 2041 1511 pernicibus
2066 1465 2124 1491 20

659 1518 810 1558 nuntiis
834 1519 1005 1574 accepit.
1020 1517 1072 1558 Et
1084 1548 1097 1568 ,
1120 1518 1146 1556 fi
1165 1532 1346 1574 coeptum
1360 1520 1435 1559 iter
1451 1518 1694 1574 properaffet
1705 1547 1718 1567 ‚
1740 1531 1947 1558 nutantem
1961 1515 2042 1555 Cae-

661 1580 792 1621 cinam
805 1582 1040 1636 praevenire,
1061 1594 1148 1631 aut,
1169 1595 1259 1622 ante
1276 1581 1489 1622 discrimen
1503 1596 1643 1637 pugnae
1653 1611 1666 1631 ‚
1686 1580 1846 1634 adsequi
1860 1579 2044 1634 legiones

659 1644 859 1699 potuiffet.
877 1646 921 1684 N
924 1658 970 1684 ec
986 1645 1149 1684 deerant
1162 1673 1175 1694 ,
1199 1646 1267 1698 qui
1283 1658 1494 1685 monerent
1509 1673 1522 1696 ,
1546 1661 1568 1680 «
1580 1658 1626 1684 ut
1642 1659 1735 1685 cum
1749 1643 1954 1694 fidissimis,
1972 1657 2043 1699 per

658 1705 879 1748 »occultos
899 1709 1076 1748 tramites
1089 1737 1102 1758 ,
1129 1707 1253 1750 vitata
1266 1706 1462 1750 Ravenna
1474 1737 1488 1759 ,
1512 1706 1728 1749 Hostiliam
1747 1707 2045 1751 Cremonamve

660 1783 877 1825 »pergeret
891 1787 913 1808 »
925 1801 933 1808 .
950 1769 1052 1810 Aliis
1070 1769 1279 1826 placebat,
1301 1789 1323 1809 «
1342 1773 1482 1813 accitis
1498 1786 1548 1812 ex
1566 1770 1673 1812 Urbe
1697 1772 1886 1827 praetoriis
1902 1771 2044 1811 cohor·
2068 1781 2090 1806 2
2099 1775 2128 1817 ς’

659 1831 797 1874 »tibus
809 1863 823 1884 ‚
847 1831 979 1874 valida
998 1848 1117 1874 manu
1134 1849 1390 1892 perrumpere
1409 1852 1452 1876 2).
1471 1835 1560 1891 Ipse
1575 1863 1588 1884 ‚
1610 1833 1744 1874 inutili
1761 1835 2014 1875 cun&atione
2028 1861 2043 1883 ,

659 1896 806 1950 agendi
823 1910 1005 1954 tempora
1022 1896 1288 1940 consultando
1307 1898 1570 1954 consumpsit:
1592 1912 1689 1938 mox
1704 1910 1918 1951 utrumque
1940 1911 2041 1938 con-

659 1957 787 1998 filium
816 1961 1068 2016 aspernatus,
1094 1961 1202 2015 quod
1216 1963 1320 2002 inter
1344 1963 1534 2017 ancipitia
1560 1960 1819 2002 deterrimum
1841 1961 1919 2013 est,
1945 1960 2041 2001 dum

660 2022 792 2064 media
808 2023 983 2080 sequitur
994 2055 1007 2076 ‚
1028 2039 1104 2066 nec
1119 2024 1231 2067 ausus
1248 2027 1301 2066 est
1317 2025 1408 2067 satis
1422 2054 1436 2076 ,
1460 2039 1537 2066 nec
1552 2024 1742 2081 providit.

660 2189 669 2195 ·
698 2155 709 2194 ,¹
724 2150 908 2194 Nacmorns
918 2155 929 2187 ]
941 2152 1235 2190 Quosnamamicos,
1250 2163 1328 2193 quos
1368 2154 1493 2183 cici-atem
1508 2153 1615 2189 imperii
1633 2152 1799 2190 aliirefafbr
1812 2174 1821 2189 ,
1841 2151 1918 2182 vario
1936 2160 2039 2190 genere

659 2200 806 2220 mimicos
823 2190 950 2229 habeat,
973 2191 1054 2222 haud
1073 2193 1141 2224 satis
1166 2193 1327 2224 sollicitus.
1359 2192 1474 2230 fraudis
1485 2192 1602 2222 occidit.-
1614 2194 1697 2222 etiam
1712 2203 1810 2228 unum,
1823 2191 1951 2222 Junium
1962 2190 2038 2220 131ae-

692 2234 711 2272 ᾖ
734 2230 884 2260 Lnnomzs
905 2235 917 2264 ]
955 2232 1102 2263 Morbum
1140 2232 1328 2272 doloresque
1367 2233 1451 2269 sum,
1471 2242 1576 2261 veneno
1590 2233 1733 2269 manufiui
1751 2231 1869 2269 porrec‘lo
1883 2227 2036 2269 infrigidae

659 2268 793 2299 Vltellii·
1364 2272 1473 2309 potione
1484 2295 1493 2309 ‚
1509 2282 1587 2310 quam
1604 2272 1630 2301 is
1649 2271 1763 2311 affet‘ius
1777 2270 1856 2307 febre
1871 2269 2036 2314 popositerat:

698 2314 707 2333 Ξ
732 2310 860 2338 Veneno
881 2315 1062 2344 GRASSARJ]
1085 2311 1132 2340 De
1149 2311 1209 2342 hoc
1230 2321 1328 2341 vene-
1402 2316 1417 2334 4
1438 2312 1573 2342 anlssE
1596 2321 1717 2342 octJLOS
1744 2314 1756 2345 ]
1787 2311 1852 2340 Hac
1878 2307 2035 2338 horrenda

654 2356 698 2377 no
720 2347 887 2378 Suetonius
905 2347 939 2377 in
952 2348 1058 2378 Vitell.
1080 2351 1163 2380 xlv.
1181 2350 1326 2381 Vitellius
1365 2361 1447 2380 voce
1475 2350 1550 2380 alias
1582 2350 1681 2380 adhuc
1710 2349 1776 2379 usus
1803 2349 1843 2378 est
1871 2347 2036 2382 Vitellius,

654 2385 757 2415 nobiles
798 2386 871 2415 viros
884 2410 893 2421 ‚
919 2386 1112 2425 condiscipulos
1147 2388 1176 2418 G*
1208 2389 1327 2427 aequales
1365 2389 1437 2419 teste
1456 2389 1608 2420 Suetonio
1623 2389 1658 2418 in
1669 2388 1776 2419 Vitell.
1789 2389 1870 2418 XIV.
1887 2386 1942 2418 ubi
1957 2385 2037 2419 mule

642 2425 712 2462 suos
729 2425 852 2456 omnihus
864 2425 1008 2457 blanditiis
1030 2429 1139 2459 tantam
1159 2438 1212 2458 non
1231 2427 1268 2459 ad
1281 2429 1327 2468 so-
1365 2436 1396 2461 ta
1411 2428 1449 2459 de
1466 2428 1641 2462 Vitelliana
1656 2426 1851 2460 cmdelitate.
