2230 3047
139 830 206 858 10.

135 1145 184 1184 15

126 1459 183 1487 20

123 1775 177 1815 25

351 166 829 210 HISTORIARUM
866 165 1060 207 LIBER
1098 167 1453 212 SECUNDUS.
1528 184 1607 211 ιιι

223 251 369 292 »rituti
386 265 458 306 pro
476 265 541 291 me
556 249 710 290 fueritis
725 263 736 296 3
758 248 826 290 sed
846 248 923 289 este
941 248 1182 304 superstites:
1205 265 1280 291 nec
1297 251 1365 292 diu
1382 266 1586 293 moremur
1599 282 1613 303 ,

222 330 245 351 ι)
257 329 334 369 ego
355 313 677 354 incolumitatem
711 314 904 363 vestram,
927 326 1000 352 vos
1028 312 1291 353 constantiam
1323 330 1466 356 meam.
1498 315 1615 357 Plura

223 378 305 418 »de
329 378 518 418 extremis
541 375 679 430 loqui,
705 391 793 432 pars
816 377 982 430 ignaviae
1007 376 1081 416 est:
1114 376 1357 431 praecipuum
1383 379 1612 420 destinatio-

223 441 316 480 »nis
333 455 427 480 meae
445 440 736 481 documentum
751 439 896 480 habete
910 470 922 490 ,
944 439 1054 492 quod
1074 438 1123 479 de
1147 440 1307 479 nemine
1329 455 1497 494 queror3
1522 459 1613 484 nam

224 503 438 544 »incusare
459 503 556 544 deos
570 531 584 552 ,
603 501 670 542 vel
690 503 874 543 homines
889 533 902 553 ,
931 501 1014 554 ejus
1036 503 1089 542 est
1104 532 1117 552 ‚
1143 503 1211 556 qui
1231 503 1368 543 vivere
1389 504 1487 544 velit
1507 524 1551 547 »,

285 566 511 607 XLVIII.
545 566 700 606 TAL1A
736 564 929 616 locutus,
959 579 1004 606 ut
1026 566 1170 619 cuique
1196 579 1285 606 aetas
1310 579 1377 606 aut
1399 567 1570 620 dignitas
1599 599 1614 621 ,

224 631 395 670 comiter
409 627 655 685 appellatos,
679 644 701 664 «
718 629 822 669 irent
838 629 1029 684 propere,
1051 643 1130 669 neu
1144 630 1390 670 remanendo
1412 631 1509 669 iram
1525 634 1613 673 vic-

220 694 350 733 »toris
371 693 595 748 asperarent
614 709 636 729 »
647 721 659 742 ,
684 689 848 743 juvenes
865 693 1098 733 auctoritate
1112 722 1125 742 ‚
1146 692 1258 733 senes
1274 691 1458 748 precibus
1476 709 1613 735 move-

222 753 309 795 bat:
333 754 514 811 placidus
531 770 599 796 ore
613 784 626 806 ,
651 755 872 810 intrepidus
895 755 1025 796 verbis
1039 786 1051 805 ‚
1071 756 1367 812 intempestivas
1384 756 1545 796 suorum
1561 758 1612 798 la-

222 819 365 859 crimas
386 833 593 859 coercens.
617 835 639 855 «
656 818 755 858 Dari
772 833 892 859 naves
910 834 956 859 ac
972 818 1161 860 vehicula
1178 836 1199 855 »
1225 818 1461 860 abeuntibus
1476 818 1612 871 jubet:

221 879 384 922 libellos
407 880 694 938 epistolasque,
721 881 850 922 studio
874 896 968 936 erga
990 882 1028 922 se
1042 912 1055 932 ,
1081 895 1147 923 aut
1168 883 1208 921 in
1228 881 1444 923 Vitellium
1466 897 1612 925 contu-

217 943 349 985 meliis
370 945 541 1000 insignes
555 975 568 996 ,
588 943 746 986 abolet:
768 946 958 1001 pecunias
975 945 1192 995 distribuit,
1215 946 1360 1001 parce,
1383 961 1460 988 nec
1478 960 1523 987 ut
1543 962 1613 1004 pe-

218 1009 377 1048 riturus.
399 1009 505 1050 Mox
526 1007 710 1049 Salvium
727 1008 1004 1049 Cocceianum
1019 1039 1032 1058 ‚
1052 1008 1181 1049 fratris
1198 1008 1325 1049 filium
1349 1015 1359 1031 ¹
1375 1039 1389 1060 ,
1410 1009 1537 1065 prima
1551 1009 1612 1063 ju-

217 1068 339 1112 venta
353 1101 367 1122 ,
391 1072 591 1128 trepidum
615 1076 655 1112 ὅ(
687 1085 915 1112 maerentem
932 1102 945 1123 ,
971 1071 1080 1112 ultro
1106 1071 1254 1113 solatus
1289 1073 1343 1112 est
1356 1102 1370 1123 ,
1405 1073 1609 1115 laudando

224 1150 247 1170 «
270 1136 461 1190 pietatem
483 1153 505 1172 »
528 1134 611 1187 ejus
626 1165 638 1185 ,
662 1135 890 1190 castigando
911 1152 932 1172 (ε
947 1135 1207 1176 formidinem
1227 1153 1266 1175 »2
1289 1153 1310 1172 «
1327 1151 1376 1176 an
1393 1136 1609 1179 Vitellium

216 1210 331 1238 »tam
347 1199 511 1239 immitis
527 1200 651 1239 animi
667 1198 752 1239 fore
766 1228 778 1248 ,
800 1212 844 1239 ut
861 1214 932 1254 pro
948 1198 1146 1239 incolumi
1162 1198 1247 1240 tota
1263 1199 1386 1239 domo
1400 1230 1413 1250 ,
1434 1215 1484 1241 ne
1504 1202 1610 1242 hanc

215 1261 411 1317 »quidem
432 1260 501 1302 fibi
520 1263 687 1316 gratiam
709 1261 922 1302 redderet?
947 1263 1089 1302 mereri
1112 1262 1150 1302 se
1179 1263 1363 1303 festinato
1385 1265 1497 1304 exitu
1523 1263 1608 1305 cle-

215 1326 440 1366 »mentiam
466 1326 638 1366 vifitoris.
659 1327 759 1366 Non
786 1326 893 1365 enim
926 1323 1068 1365 ultima
1096 1325 1403 1381 desperatione,
1430 1326 1498 1367 sed
1520 1327 1611 1382 pos-

214 1401 366 1428 »cente
386 1387 576 1444 proelium
600 1389 807 1438 exercitu,
830 1388 1011 1428 remifiss‘e
1027 1388 1257 1443 reipublicae
1272 1389 1526 1429 noviffimum
1545 1405 1611 1431 ca-

213 1466 235 1487 »
246 1449 345 1492 sum.
368 1452 471 1492 Satis
506 1450 575 1492 fibi
604 1452 779 1492 nominis
795 1480 807 1500 ,
833 1450 924 1491 satis
947 1452 1107 1507 posteris
1132 1451 1207 1492 suis
1229 1451 1450 1493 nobilitatis
1479 1453 1611 1507 quaefi-

212 1526 352 1554 »tumz
377 1516 463 1571 post
484 1513 642 1565 Julios,
671 1512 865 1555 Claudios
880 1544 891 1564 ,
918 1515 1078 1555 Servios
1104 1518 1118 1534 ²
1136 1544 1148 1564 ,
1174 1515 1213 1555 se
1235 1516 1409 1571 primum
1431 1517 1471 1555 in
1493 1516 1610 1556 fami-

211 1574 340 1617 »liam
362 1593 510 1619 novam
529 1579 742 1634 imperium
759 1576 952 1618 intuliffe:
973 1577 1142 1633 proinde
1162 1579 1292 1618 ereEio
1313 1581 1449 1619 animo
1472 1579 1610 1634 capes-

211 1639 348 1681 >›seret
367 1642 518 1692 vitam,
545 1656 624 1681 neu
646 1655 831 1697 patruum
854 1640 922 1680 fibi
946 1641 1159 1681 Othonem
1180 1641 1318 1692 fuisse,
1346 1655 1414 1683 aut
1437 1641 1606 1683 oblivis-

211 1717 402 1744 »ceretur
422 1720 612 1759 umquam
628 1734 641 1754 ,
667 1718 734 1744 aut
758 1705 927 1743 nimium
948 1704 1187 1745 meminisset
1208 1721 1251 1745 ».

275 1765 448 1808 XLIX.
482 1769 614 1809 POST
635 1783 717 1821 quae
732 1797 745 1818 ,
765 1766 928 1808 dimotis
949 1766 1161 1818 omnibus,
1187 1765 1369 1823 paullum
1390 1768 1604 1822 requievit:

210 1842 328 1883 atque
352 1829 493 1882 illum,
519 1831 718 1887 supremas
746 1828 826 1881 jam
847 1845 959 1871 curas
981 1831 1117 1871 animo
1146 1830 1425 1881 volutantem,
1461 1846 1604 1887 repens

208 1891 406 1935 tumultus
428 1895 573 1936 avertit
587 1924 598 1944 ,
622 1893 802 1934 nuntiata
819 1895 1142 1935 consternatione
1159 1909 1205 1935 ac
1222 1892 1387 1935 licentia
1403 1893 1577 1935 militum
1592 1911 1601 1935 ε

209 1970 382 2011 namque
404 1957 640 1999 abeuntibus
661 1958 830 1998 exitium
849 1956 1162 2004 minitabantur;
1189 1956 1425 1998 atrocissima
1441 1959 1481 1997 in
1497 1960 1602 1999 Ver-

208 2020 366 2074 ginium
388 2021 429 2062 vi
453 2026 463 2050 ³
481 2050 494 2072 ,
514 2036 633 2076 quem
650 2019 784 2062 clausa
800 2020 924 2061 domo
942 2020 1192 2062 obsidebant:
1214 2022 1422 2077 increpitis
1438 2020 1601 2062 seditio-

209 2146 349 2182 animus,
365 2147 427 2185 jam
442 2148 629 2180 nobilitatus
641 2173 650 2187 ‚
663 2157 822 2190 tamquam
835 2161 887 2191 pe·
927 2149 1020 2180 Caius
1032 2173 1040 2185 ‚
1062 2148 1143 2179 julia
1161 2148 1291 2179 familiai.
1313 2148 1462 2179 Claudius
1472 2172 1481 2185 ‚
1495 2149 1582 2178 Nero
1592 2169 1601 2182 ,

208 2186 297 2217 rituti
321 2197 376 2226 pro
393 2197 443 2218 me
467 2187 599 2218 fueritis.
927 2187 1077 2225 Claudiae,
1092 2189 1211 2224 Galba,
1231 2187 1473 2226 Scrviei301ho‚
1486 2188 1600 2218 Salvia.

250 2231 259 2244 ¹
285 2226 425 2257 Fimrms
450 2232 583 2262 riuum]
604 2228 721 2259 Filium
741 2229 883 2265 Titiani,
966 2236 974 2255 ³
1000 2230 1031 2258 ln
1065 2230 1250 2258 Vtut-,mium
1288 2239 1324 2259 v1
1353 2228 1368 2264 ]
1405 2227 1569 2266 Verginius
1590 2249 1600 2262 ,

208 2275 304 2334 puem
329 2265 428 2304 ipsum
445 2277 573 2310 quoque
596 2268 777 2306 praesentem
798 2269 885 2299 fuiss'e
926 2279 1018 2307 quem
1030 2278 1047 2297 a
1059 2267 1159 2297 Galba
1178 2267 1351 2305 neglectum
1364 2266 1501 2296 vidimus
1512 2266 1600 2304 supra.

222 2304 314 2335 cribit
329 2307 496 2336 Suetonius
520 2307 594 2336 loco
615 2307 702 2345 supra
718 2308 771 2338 cit.
789 2308 886 2345 Quod
926 2308 957 2337 in
967 2307 1191 2345 Supplemento
1202 2307 1395 2336 Amal-XVI
1407 2327 1415 2338 ,
1429 2317 1480 2342 94.
1498 2305 1599 2335 Otho-

208 2351 312 2375 tamen
336 2344 466 2376 minimi:
489 2346 654 2384 probabile
687 2347 834 2385 videtur,
852 2356 886 2378 ut
927 2347 972 2377 nis
992 2355 1090 2385 partes
1118 2355 1181 2377 erat
1200 2346 1328 2376 secutus.
1347 2345 1410 2388 lpse
1438 2345 1516 2375 olim
1541 2344 1598 2373 im-

209 2391 293 2420 patet
310 2394 348 2414 ex
368 2394 434 2423 cap.
452 2397 504 2423 44.
949 2386 1005 2416 etii
1034 2394 1255 2424 contemptor,
1276 2395 1359 2415 nunc
1390 2384 1471 2414 torti·
1493 2386 1600 2413 auetor

250 2426 262 2441 ²
284 2424 328 2454 Sa
339 2434 357 2454 R
368 2434 388 2454 ν
398 2434 408 2453 1
418 2436 436 2456 0
447 2429 485 2460 s]
517 2426 687 2465 Augustus,
713 2425 861 2458 Tiberius
875 2449 884 2464 ‚
927 2397 1117 2462 iiabebatur,
1139 2425 1226 2465 quod
1242 2425 1321 2456 illud
1335 2423 1421 2455 Otho
1435 2424 1601 2460 sperneret,

1639 301 1670 324 A.
1682 301 1711 323 υ.
1724 282 1757 324 Ξ.

1661 349 1732 377 822.

1663 400 1686 423 J.
1698 399 1729 424 C.

1672 450 1724 483 69.
