2230 3047
131 856 188 890 310

127 1161 184 1201 ,ς

130 1485 186 1513 20

129 1797 183 1840 25

129 2120 188 2166 30

348 184 830 229 HISTORIARUM
862 181 1058 225 LIBER
1091 183 1443 229 SECUNDUS.
1518 201 1599 238 103

216 268 257 310 se
292 268 449 325 spatio,
475 267 618 309 validis
643 268 843 321 utrimque
873 264 1049 307 trabibus
1080 281 1271 307 connexae
1288 298 1300 318 ,
1328 269 1536 310 adversum
1565 270 1606 309 in

216 333 368 374 flumen
384 331 659 387 dirigebantur
671 361 684 382 ,
704 329 812 383 jaffis
829 331 944 386 super
960 331 1117 370 ancoris
1132 359 1145 379 ‚
1165 345 1247 383 quae
1264 332 1491 374 firmitatem
1509 349 1606 390 pon-

215 397 267 436 tis
290 398 561 437 continerent.
596 395 676 435 Sed
696 408 933 435 ancorarum
951 393 1066 434 funes
1090 408 1172 433 non
1189 397 1342 434 extenti
1363 396 1573 438 fluitabant
1592 428 1606 449 ,

216 472 287 510 ut,
313 459 554 514 augescente
571 458 763 507 flumine,
791 457 1011 498 inoffensus
1032 455 1132 497 ordo
1156 458 1320 497 navium
1341 459 1604 503 attolleretur.

218 521 444 564 Claudebat
457 535 623 578 pontem
636 521 819 576 impolita
833 522 970 571 turris,
987 525 1026 561 ὅ(
1041 522 1081 560 in
1098 533 1318 561 extremam
1332 536 1475 562 navem
1489 525 1607 566 educ-

216 599 281 627 ta:
307 586 414 627 unde
436 586 647 626 tormentis
672 599 718 624 ac
741 585 936 625 machinis
962 585 1090 624 hostes
1112 583 1453 640 propulsarentur.

280 649 482 691 XXXV.
509 649 764 689 OTHONJANI
787 648 828 687 in
851 646 935 703 ripa
955 648 1349 698 turrimstruxerant,
1375 648 1543 702 saxaque
1566 654 1607 691 ὅ(

217 713 325 754 faces
341 711 630 765 jaculabantur.
662 710 714 751 Et
734 723 818 752 erat
840 709 968 751 insula
992 725 1107 751 amne
1127 711 1288 761 medio,
1314 712 1355 751 in
1379 726 1496 765 quam
1519 712 1606 766 gla-

217 776 390 816 diatores
407 774 574 816 navibus
594 773 1029 824 molientes‚Germani
1046 775 1180 815 nando
1198 773 1523 830 praelabebantur.
1544 776 1606 816 Ac

216 838 321 880 forte
337 838 468 895 plures
499 837 776 893 transgressos,
798 836 1011 893 completis
1032 836 1240 878 liburnicis
1261 868 1274 889 ,
1307 853 1376 894 per
1396 839 1605 894 promptis-

216 902 332 943 simos
354 901 621 957 gladiatorum
645 902 787 942 Macer
809 901 1051 955 adgreditur.
1067 900 1147 941 Sed
1171 915 1301 955 neque
1317 916 1363 942 ea
1386 903 1608 942 constantia

217 964 504 1021 gladiatoribus
525 966 572 1006 ad
596 963 763 1021 proelia,
790 979 873 1019 quae
894 963 1115 1010 militibus;
1142 979 1217 1004 nec
1237 964 1402 1020 perinde
1420 977 1606 1006 nutantes

216 1044 239 1070 e
262 1028 428 1070 navibus
444 1059 457 1080 ,
485 1028 602 1084 quam
626 1025 752 1069 stabili
773 1027 898 1083 gradu
919 1042 940 1068 e
964 1026 1048 1083 ripa
1063 1057 1076 1077 ,
1103 1026 1270 1068 vulnera
1291 1027 1529 1083 dirigebant.
1553 1028 1606 1068 Et

217 1094 309 1133 cum
327 1093 444 1133 variis
461 1093 745 1148 trepidantium
762 1090 1092 1132 inclinationibus
1107 1121 1118 1140 ‚
1139 1092 1255 1131 mixti
1273 1093 1443 1146 remiges
1463 1107 1608 1148 propu-

216 1156 481 1211 gnatoresque
502 1155 779 1205 turbarentur,
807 1153 958 1195 desilire
979 1155 1020 1193 in
1045 1154 1146 1195 vada
1165 1153 1274 1194 ultro
1295 1156 1515 1206 Germani,
1544 1170 1606 1195 re—

214 1232 370 1260 tentare
393 1233 571 1275 puppes,
599 1218 787 1258 scandere
811 1217 921 1258 foros
945 1223 954 1239 ¹
971 1246 984 1267 ,
1010 1229 1077 1257 aut
1096 1218 1280 1257 cominus
1299 1233 1499 1272 mergere:
1521 1233 1605 1272 quae

214 1284 356 1324 cunEta
376 1283 418 1322 in
441 1280 570 1324 oculis
591 1281 795 1335 utriusque
816 1280 1014 1321 exercitus
1029 1311 1042 1331 ,
1071 1284 1221 1334 quanto
1240 1280 1392 1322 laetiora
1419 1281 1608 1323 Vitellia-

215 1347 302 1396 nis,
326 1348 441 1387 tanto
465 1347 592 1387 acrius
614 1345 842 1385 Othoniani
864 1344 1020 1385 causam
1045 1345 1325 1398 au&oremque
1348 1343 1473 1385 cladis
1498 1349 1512 1364 ²
1536 1345 1610 1386 de-

215 1409 471 1450 testabantur.

278 1472 506 1515 XXXVI.
540 1471 608 1511 ET
633 1469 822 1528 proelium
840 1470 999 1524 quidem
1014 1500 1026 1520 ,
1050 1469 1225 1526 abruptis
1245 1475 1253 1499 ³
1278 1484 1361 1524 qua:
1379 1469 1609 1526 supererant

214 1536 408 1588 navibus,
430 1534 525 1591 fuga
542 1535 803 1590 diremptum:
824 1534 967 1575 Macer
984 1533 1031 1574 ad
1052 1534 1218 1574 exitium
1237 1533 1488 1589 poscebatur.
1504 1536 1610 1579 Jam-

215 1615 293 1655 que
309 1599 563 1641 vulneratum
584 1600 738 1640 eminus
755 1596 915 1647 lancea,
938 1598 1071 1637 striciis
1089 1595 1231 1652 gladiis
1249 1597 1494 1648 invaserant,
1515 1600 1609 1639 cum

214 1663 437 1706 intercursu
453 1662 706 1704 tribunorum
723 1662 1086 1714 centurionumque
1106 1661 1344 1716 protegitur.
1363 1662 1406 1701 N
1410 1676 1457 1701 ec
1477 1660 1609 1702 multo

217 1729 329 1784 post,
353 1728 571 1770 Vestricius
603 1726 830 1782 Spurinna,
854 1722 955 1776 jussu
990 1725 1196 1774 Othonis,
1222 1722 1361 1764 reficio
1392 1723 1608 1765 Placentiae

216 1791 382 1832 modico
402 1790 577 1846 praesrdio
592 1820 604 1840 ,
628 1805 721 1830 cum
743 1787 978 1830 cohortibus
995 1787 1192 1827 subvenit.
1209 1787 1318 1826 Dein
1340 1786 1527 1828 Flavium
1543 1789 1610 1829 Sa-

214 1854 382 1905 binum,
407 1851 617 1895 consulem
640 1853 914 1908 designatum,
947 1852 1062 1892 Otho
1089 1851 1283 1891 re&ore1]1
1306 1852 1434 1906 copiis
1466 1851 1568 1892 misit
1593 1874 1609 1902 -,

215 1917 358 1973 quibus
383 1918 526 1958 Macer
548 1916 780 1972 praefuerat3
806 1914 897 1956 laeto
918 1913 1046 1955 milite
1068 1914 1116 1955 ad
1140 1914 1403 1954 mutationem
1426 1914 1574 1955 ducum
1594 1943 1609 1965 ,

217 1985 260 2023 &
283 1980 479 2032 ducibus,
507 1980 558 2021 ob
580 1979 737 2021 crebras
758 1979 998 2029 seditiones,
1025 1990 1107 2018 tam
1132 1977 1312 2018 infestam
1333 1976 1518 2018 militiam
1546 1978 1608 2019 as-

217 2043 489 2101 pernantibus.

280 2107 532 2149 XXXVII.
567 2107 785 2147 INVENlo
819 2104 924 2161 apud
951 2103 1141 2158 quosdam
1171 2105 1376 2155 auctores,
1407 2121 1428 2140 <c
1457 2119 1607 2160 pavore

215 2170 345 2212 »belli
359 2201 372 2222 ,
394 2171 461 2211 seu
476 2170 630 2210 fastidio
649 2169 853 2222 utriusque
870 2168 1065 2223 Principis
1081 2197 1094 2217 ,
1117 2182 1287 2221 quorum
1308 2169 1460 2222 flagitia
1478 2183 1524 2208 ac
1545 2167 1609 2207 de-

217 2234 372 2276 »decus
391 2234 588 2290 apertiore
611 2234 653 2273 in
676 2233 758 2273 dies
781 2229 886 2273 fama
907 2230 1174 2272 noscebantur
1189 2261 1202 2282 ,
1233 2230 1424 2272 dubitasse
1453 2231 1609 2272 exerci-

259 2368 267 2382 ¹
291 2363 457 2393 SCANDERF.
475 2371 574 2391 ronos
594 2363 608 2398 ]
640 2358 893 2391 Othonianarum
973 2364 982 2384 ³
1007 2360 1165 2389 Annum-is
1182 2360 1196 2396 ]
1215 2358 1325 2389 Meliiis
1349 2357 1479 2394 abreptis.
1502 2356 1610 2395 Siqui-

217 2402 346 2433 navium
365 2402 502 2432 tabulata
521 2400 677 2431 scandere.
937 2398 1006 2428 dem
1026 2399 1168 2436 proelium
1183 2398 1252 2437 suga
1269 2398 1468 2436 diremptum.
1487 2397 1610 2432 Navcs,

259 2445 270 2458 ²
293 2443 540 2477 Aucromnquu
565 2444 704 2476 cums]
722 2440 874 2470 Macrum.
937 2448 1003 2477 quae
1025 2438 1220 2478 supererant,
1242 2438 1392 2476 abreptae,
1407 2445 1439 2468 ut
1455 2436 1611 2475 fugerent.

1631 322 1660 346 A.
1673 323 1702 346 U.
1714 323 1744 346 C.

1652 369 1722 397 822.

1654 426 1727 450 J.C.

1664 471 1716 504 69.
