2230 3047
329 182 803 225 HISTORIARUM
845 179 1040 222 LIBER
1078 181 1368 224 TERTIUS.
1475 199 1550 234 171

233 263 415 306 XXIV.
448 265 634 304 IGITUR
669 263 898 312 Antonius,
922 260 992 302 ubi
1019 262 1184 303 noscere
1207 264 1296 305 suos
1312 294 1325 315 ,
1363 265 1555 319 noscique

173 341 331 384 poterat
346 358 359 378 ‚
383 327 482 368 alios
510 327 662 383 pudore
689 330 730 367 δε
758 325 909 382 probris
922 354 935 375 ‚
969 323 1118 365 multos
1147 325 1264 366 laude
1293 332 1332 368 ὃ(
1363 330 1525 369 hortatu
1539 359 1553 379 ‚

173 406 314 432 omnes
331 392 397 446 spe
414 390 683 446 promissisque
699 389 922 430 accendens
935 417 948 439 ,
975 405 996 425 «
1019 403 1091 429 cur
1110 390 1184 428 rari
1202 389 1444 445 sumpsissent
1462 398 1471 413 ¹
1493 407 1554 433 ar·

169 470 193 491 >›
203 469 267 494 ma
282 456 328 493 »ἓ
353 454 602 498 Pannonicas
616 452 797 507 legiones
814 450 1096 506 interrogabat.
1117 450 1254 492 «Illos
1272 453 1346 493 effe
1361 470 1524 510 campos
1539 486 1552 506 ,

120 530 145 571 5
171 518 244 557 »in
260 516 401 572 quibus
416 514 576 557 abolere
602 514 733 556 labem
751 516 892 570 prioris
909 515 1137 570 ignominia:
1169 518 1183 534 ²
1200 544 1213 564 ,
1236 514 1305 554 ubi
1331 519 1554 572 reciperare

169 597 192 618 >)
203 579 373 636 gloriam
387 580 542 636 possent
560 597 602 617 ».
621 579 729 618 Tum
745 578 794 618 ad
810 579 1003 619 Moeficos
1029 577 1243 619 conversus
1257 608 1269 627 ‚
1302 595 1323 615 «
1351 581 1553 636 principes

168 643 451 697 »auetoresque
466 642 564 683 belli
577 659 599 679 »
615 641 767 682 ciebat:
792 658 813 677 «
830 641 965 682 frustra
981 642 1097 682 minis
1113 645 1152 682 ὅ(
1166 640 1297 682 verbis
1310 656 1552 696 provocatos

168 705 444 747 »Vitellianos
457 735 471 756 ,
495 706 522 745 fi
539 720 677 746 manus
694 719 834 746 eorum
855 703 1074 758 oculosque
1090 719 1172 745 non
1193 703 1368 745 tolerent
1388 722 1429 745 ».
1452 707 1554 748 Haec

168 781 214 810 ut
228 769 404 823 quosque
418 768 650 809 accesserat:
676 767 791 824 plura
810 767 858 808 ad
873 769 1064 808 tertiarios
1078 797 1091 818 ,
1112 781 1293 808 veterum
1307 770 1554 808 recentium-

94 847 109 874 1
121 844 146 874 0
170 847 247 886 que
264 832 482 873 admonens
498 848 506 872 ε
533 844 578 872 ut
593 848 614 868 <c
630 831 700 872 sub
716 832 778 872 Μ.
794 831 978 872 Antonio
992 831 1159 871 Parthos
1180 835 1189 858 ³
1204 861 1215 880 ‚
1230 830 1299 871 sub
1317 830 1555 872 Corbulone

167 912 190 933 >2
201 896 414 936 Armenios
427 899 444 924 4
452 925 465 945 ,
482 909 608 951 nuper
616 895 812 936 Sarmatas
827 898 840 925 5
856 911 877 931 »
894 892 1143 950 pepulissent.
1157 894 1262 934 Mox
1275 894 1450 935 infensus
1464 910 1554 951 prae-

168 960 354 1000 torianis:
383 975 404 996 ‹<
430 959 516 1000 Vos
537 975 559 995 »
582 959 736 1012 inquit,
761 975 782 994 c<
809 957 879 997 nisi
897 958 1057 998 vincitis
1073 986 1084 1007 ‚
1109 959 1253 1012 pagani
1269 956 1286 978 ⁶
1301 987 1315 1007 ,
1343 959 1429 1011 quis
1453 956 1552 998 alius

168 1022 422 1078 »Imperator
434 1051 448 1072 ‚
467 1036 551 1076 quae
568 1023 690 1063 castra
704 1020 781 1063 alia
796 1021 1000 1076 excipient
1015 1022 1027 1058 ἓ
1045 1018 1138 1061 Illic
1150 1021 1258 1075 signa
1274 1036 1459 1074 armaque
1473 1022 1554 1061 ves-

167 1097 260 1126 »tra
274 1085 365 1125 sunt
378 1115 391 1135 ,
417 1089 458 1126 ὅ(
487 1099 594 1126 mors
614 1087 726 1126 vis-{lis
741 1102 749 1125 :
776 1099 867 1124 nam
898 1084 1163 1138 ignominiam
1193 1084 1482 1139 consumpsistis
1509 1101 1553 1125 >›.

93 1159 140 1201 15
168 1148 354 1203 Undique
370 1146 522 1189 clamor
534 1177 548 1198 ,
570 1151 611 1188 ὅ(
627 1150 824 1190 orientem
842 1146 967 1188 solem
984 1148 1064 1198 (ita
1078 1147 1120 1186 in
1135 1144 1248 1200 Syria
1267 1162 1352 1188 mos
1369 1147 1422 1187 est
1441 1150 1452 1197 )
1473 1160 1554 1188 ter-

167 1212 267 1253 tiani
289 1210 510 1252 salutavere
526 1215 556 1252 ⁷.

229 1275 379 1318 XXV.
412 1275 521 1315 VAG
533 1286 587 1314 Us
611 1273 704 1315 inde
717 1303 730 1324 ‚
759 1289 810 1314 an
837 1272 1004 1314 consilio
1036 1273 1148 1314 ducis
1180 1271 1358 1313 subditus
1389 1287 1524 1314 rumor
1539 1301 1554 1324 ‚

173 1355 196 1376 (ε
209 1338 408 1380 advenisse
423 1338 683 1384 Mucianum3
698 1337 897 1378 exercitus
912 1338 1088 1377 invicem
1104 1334 1282 1377 salutasse
1301 1333 1314 1357 ⁸
1330 1353 1368 1375 »:
1383 1336 1551 1390 gradum

166 1401 369 1452 inferunt,
394 1401 499 1455 quasi
522 1399 750 1441 recentibus
767 1397 925 1440 auxiliis
943 1401 1044 1440 auffi
1057 1429 1070 1450 ‚
1091 1400 1239 1440 rariore
1259 1397 1340 1451 jam
1362 1398 1553 1440 Vitellia-

83 1475 142 1505 20
165 1479 311 1506 norum
327 1465 435 1515 acie,
455 1477 500 1504 ut
513 1479 632 1518 quos,
655 1462 769 1504 nullo
786 1464 958 1513 re&ore,
979 1463 1068 1503 suus
1085 1477 1283 1516 quemque
1297 1463 1468 1518 impetus
1485 1461 1552 1503 vel

165 1543 291 1585 pavor
307 1528 562 1570 contraheret
574 1556 587 1577 ,
610 1527 882 1568 diduceretve.
898 1527 1107 1581 Postquam
1124 1525 1329 1581 perculsos
1343 1525 1458 1566 sensit
1471 1526 1552 1566 An-

165 1592 323 1642 tonius,
347 1591 469 1632 denso
488 1591 648 1645 agmine
663 1588 917 1630 obturbabat:
935 1588 1057 1630 laxati
1071 1589 1229 1630 ordines
1241 1587 1552 1644 abrumpuntur:

165 1669 242 1696 nec
257 1655 407 1695 restitui
422 1655 604 1708 quivere,
621 1651 930 1710 impedientibus
946 1650 1145 1694 vehiculis
1161 1652 1462 1706 tormentisque.
1478 1653 1554 1692 Per

165 1768 322 1807 narravit;
338 1769 373 1800 ὃ(
400 1777 435 1800 ut
457 1769 606 1800 miraculo
634 1768 721 1799 locus
741 1769 833 1805 effer,
874 1767 1026 1807 siquidem
1040 1777 1094 1798 cos
1113 1767 1269 1797 dimiserat
1281 1765 1430 1797 Vitellius
1443 1790 1452 1803 ,
1467 1766 1553 1797 alias-

166 1808 410 1848 sanguinolentae
440 1809 520 1839 lunae
537 1833 546 1845 ‚
574 1819 641 1848 quae
667 1807 833 1839 horribiles
875 1817 935 1847 que
955 1807 1110 1846 ptaetorias
1125 1806 1271 1837 cohortes
1283 1806 1449 1845 scripserat.
1474 1806 1551 1836 ldeo

164 1848 289 1880 colores
304 1847 479 1885 emitteret,
506 1847 631 1886 eclipsin
647 1847 749 1878 finxit.
874 1857 968 1885 penes
993 1846 1157 1878 Vitellium
1186 1845 1445 1885 praetorianorum
1467 1844 1552 1883 signa

207 1893 216 1907 ¹
241 1888 325 1918 ΒΑΜ
345 1891 569 1922 ευΜΡειεεΕΝτ]
586 1886 834 1922 Melit1s‚curre-
873 1896 1037 1931 armaque,
1064 1886 1097 1916 &
1135 1896 1219 1915 mors
1247 1884 1335 1915 vietis
1365 1884 1550 1922 certiffima;

154 1926 322 1972 fitmpfiffint
342 1928 444 1956 arma?
459 1927 539 1958 Vide
559 1928 658 1957 Notas
677 1927 836 1958 &Emen-
874 1936 947 1956 nam
966 1925 1175 1964 ignominiam
1200 1924 1453 1961 consumpserant
1466 1947 1475 1959 ,
1499 1923 1548 1954 bis

165 1967 308 1998 dationes
320 1967 359 1997 ad
374 1966 447 1996 Hist.
458 1968 499 1996 111
513 1990 522 2003 ‚
541 1977 593 2005 24.
874 1964 969 2003 vieti,
987 1964 1117 1995 Othone
1137 1975 1172 1995 ac
1192 1963 1376 2003 Vespasiano
1394 1962 1550 2002 Principi-

205 2010 219 2024 ²
240 2006 371 2036 Pfuoms
394 2016 571 2037 IGNOMINIAE
595 2006 609 2043 ]
639 2004 746 2036 Cladis
777 2006 836 2035 Be-
873 2006 942 2036 bus.

165 2044 341 2076 briacenfis.
362 2044 443 2076 Vide
462 2055 589 2084 quoque
602 2045 676 2075 Hist.
696 2046 746 2081 11,
767 2047 815 2075 86.
913 2050 925 2070 7
946 2043 1198 2079 SALUTAVERE]
1223 2040 1331 2071 Tertia
1355 2040 1460 2081 legio,
1480 2051 1549 2080 qua:

206 2090 216 2111 ⁵
240 2084 284 2114 M.
306 2086 451 2116 Aurouio
473 2086 650 2122 PARTnos]
672 2086 765 2114 Anno
781 2086 836 2114 Ur-
874 2094 890 2114 e
911 2083 999 2122 Syris.
1027 2083 1059 2113 in
1083 2081 1219 2113 Moesmm
1242 2089 1390 2116 venerat,
1412 2088 1446 2111 ut
1470 2080 1547 2118 saepc

164 2123 213 2155 bis
232 2123 367 2154 conditae
394 2135 544 2156 Dccxvni
559 2148 567 2161 ,
587 2123 714 2155 Parthos
747 2123 835 2153 clade
875 2123 960 2162 supra
982 2123 1097 2152 dictum
1117 2122 1156 2152 cst
1170 2145 1178 2156 ‚
1200 2120 1366 2151 Orientem
1387 2120 1485 2150 solem
1502 2120 1549 2150 sa-

165 2162 269 2194 affecit
291 2163 458 2194 Antonius.
475 2163 554 2194 Vide
571 2163 709 2194 Dionem
721 2164 834 2200 XLIX,
874 2162 996 2192 Iuravit.
1010 2161 1135 2192 Parthos
1148 2160 1313 2191 Orientem
1321 2159 1418 2190 solem
1430 2169 1544 2198 magno

166 2212 234 2243 pag.
251 2213 312 2240 409
334 2202 367 2232 &
380 2202 464 2242 seqq.
874 2202 1010 2232 clamore
1031 2210 1102 2231 ante
1128 2199 1271 2239 proelium
1290 2198 1454 2230 salutantes
1472 2198 1547 2228 vide

203 2246 219 2266 4
240 2243 437 2272 Commoris:
458 2243 656 2279 Anmssmos]
682 2242 763 2274 Vide
792 2241 837 2271 sn-
874 2241 954 2278 apud
968 2240 1183 2271 Herodianum
1198 2241 1239 2270 lV
1252 2262 1260 2275 ,
1280 2248 1328 2277 15.

134 2310 138 2316 ,
166 2282 220 2321 pra
235 2281 347 2311 Annal.
370 2282 426 2312 XV
438 2304 446 2318 ,
463 2283 512 2310 26.
914 2279 925 2299 ⁸
947 2281 1085 2312 luviem
1110 2288 1280 2310 SALUTASSE
1293 2279 1305 2315 ]
1320 2277 1396 2307 Inde
1412 2276 1482 2307 sane
1495 2276 1549 2307 Vi-

208 2326 216 2348 5
242 2321 352 2351 NUPER
372 2321 543 2350 SARMATAS
559 2321 573 2357 ]
592 2321 740 2350 Sarmatas
752 2319 836 2350 Rho·
875 2319 1020 2350 tellianos
1037 2319 1118 2350 inter
1133 2321 1167 2350 ὃς
1190 2317 1357 2348 Flavianos
1376 2324 1497 2346 mutuas
1514 2317 1548 2346 ὃς

165 2360 318 2398 xolanos;
332 2360 492 2391 utdiemm
502 2359 542 2390 est
552 2359 639 2398 supra
650 2359 722 2390 Hist.
736 2361 768 2395 Ι,
785 2369 835 2398 79.
878 2358 1021 2389 ridiculas
1056 2358 1247 2389 exercituum
1286 2356 1483 2386 salutationes
1513 2356 1548 2396 ξε

204 2400 217 2418 ⁶
239 2400 355 2430 PAGANJ
373 2402 386 2437 ]
409 2399 587 2429 Praetoriani
609 2423 618 2435 ,
644 2398 701 2428 nisi
730 2399 835 2429 vince·
878 2398 1131 2436 compotationes
1145 2395 1405 2437 fingendi-ansam
1420 2394 1549 2434 arripuit

167 2438 264 2477 bant,
279 2438 389 2479 pagani
403 2446 508 2478 erant,
519 2438 553 2470 id
568 2438 609 2470 est
624 2448 693 2470 non
703 2438 835 2478 militc35
876 2438 939 2470 Dio
955 2439 1060 2478 LXV,
1076 2448 1144 2479 pag.
1165 2448 1237 2477 739.

1285 2476 1376 2531 Yij

1576 317 1607 341 A.
1619 318 1648 341 U.
1659 318 1691 342 C.

1598 365 1671 394 822.

1601 425 1624 448 J.
1636 425 1666 448 C.

1609 472 1661 505 69.
