2230 3047
459 330 490 353 A.
504 332 530 353 U.
543 331 570 354 C.

482 376 552 403 822.

484 428 507 450 3.
520 428 549 451 (2.

493 474 544 507 69.

603 207 659 242 72
869 190 917 230 C.
970 189 1370 233 CORNELII
1419 191 1703 232 TACITI

598 286 699 313 trem
714 300 725 320 ‚
753 284 829 311 nec
851 284 895 311 ut
915 272 1033 313 hostis
1057 278 1082 312 ,¹
1108 273 1237 327 Igitur
1257 286 1371 312 motae
1392 270 1508 311 Urbis
1531 286 1631 311 curae
1656 274 1691 310 ²:
1720 270 1852 313 nullus
1875 274 1976 315 ordo

599 347 708 375 metu
723 364 735 383 ‚
762 347 829 374 aut
853 334 1033 390 periculo
1059 350 1229 376 vacuus:
1258 336 1449 391 primores
1471 334 1625 374 senatus
1648 347 1758 375 aetate
1778 335 1943 376 invalidi
1962 364 1976 385 ‚

600 403 640 438 ὅ(
664 395 786 451 longa
804 412 902 453 pace
924 398 1070 438 defides
1089 413 1098 445 3
1124 399 1253 453 segnis
1269 428 1280 448 ‚
1305 400 1344 438 ὅ(
1368 397 1493 438 oblita
1508 396 1706 438 bellorum
1720 427 1733 447 ‚
1760 397 1975 444 nobiliras3

598 463 757 515 ignarus
779 459 929 500 militiae
948 475 1091 514 eques;
1119 464 1268 514 quanto
1291 463 1417 516 magis
1448 458 1653 500 occultare
1677 464 1718 500 ὅ(
1743 459 1885 500 abdere
1909 475 1977 516 pa-

598 538 739 564 vorem
760 523 1014 574 nitebantur,
1045 524 1283 564 manifestius
1305 524 1451 578 pavidi.
1474 525 1565 563 Nec
1587 523 1751 563 deerant
1773 538 1794 563 e
1820 537 1977 565 contra-

596 588 656 627 rio
670 616 682 637 ‚
709 588 776 640 qui
798 585 1017 627 ambitione
1037 585 1176 626 stolida
1193 616 1204 636 ‚
1233 585 1451 641 conspicua
1473 601 1578 626 arma
1593 615 1605 635 ‚
1632 586 1800 640 infignes
1825 600 1947 639 equos
1963 614 1977 635 ,

596 649 756 704 quidam
773 649 998 689 luxuriosos
1015 663 1221 704 apparatus
1239 650 1520 689 conviviorum
1534 678 1546 698 ‚
1568 652 1606 688 ὅ(
1624 649 1877 688 inritamenta
1893 647 1978 688 libi-

596 713 736 753 dinum
751 742 762 762 ‚
785 726 829 752 ut
845 713 1099 752 instrumenta
1122 711 1244 761 belli,
1266 725 1548 752 mercarentur.
1563 710 1816 766 Sapientibus
1834 712 1976 764 quietis

596 780 639 817 &
657 774 884 831 reipublicae
908 789 1000 815 cura
1017 803 1029 824 ,
1057 774 1267 815 leviffimus
1283 771 1450 828 'quisque
1466 803 1479 824 ‚
1507 778 1547 813 ὅ(
1562 774 1685 813 futuri
1704 774 1950 828 improvidus
1964 802 1977 823 ,

597 839 666 894 spe
682 837 782 879 vana
801 852 972 878 tumens.
994 836 1119 877 Multi
1136 836 1288 877 adflicta.
1311 838 1387 879 fide
1404 839 1444 877 in
1463 851 1561 895 pace
1575 865 1587 886 ,
1611 851 1655 878 ac
1679 836 1843 877 turbatis
1863 835 1978 877 rebus

599 901 747 943 alacres
764 931 775 951 ‚
804 905 843 941 ὅ(
865 915 934 956 per
954 901 1106 940 incerta
1128 901 1317 941 tutissimi.

660 963 930 1004 LXXXIX.
964 964 1056 1003 SED
1084 961 1252 1017 vulgus,
1279 967 1319 1003 ὃς
1342 963 1617 1016 magnitudine
1646 959 1769 1002 nimis
1799 976 1979 1002 commu-

598 1029 709 1068 nium
731 1041 913 1068 curarum
934 1040 1072 1081 expers
1093 1025 1291 1081 populus,
1320 1026 1462 1065 sentire
1487 1024 1694 1080 paullatim
1719 1023 1815 1066 belli
1838 1023 1941 1065 mala
1965 1053 1978 1075 ,

597 1089 795 1131 conversa
817 1091 858 1129 in
887 1087 1060 1128 militum
1079 1088 1193 1128 usum
1215 1089 1326 1129 omni
1350 1086 1519 1143 pecunia
1535 1117 1547 1137 ,
1575 1089 1740 1128 intentis
1768 1086 1979 1127 alimento-

598 1168 686 1193 rum
713 1153 870 1208 pretiis:
898 1167 980 1205 quae
995 1181 1006 1200 ‚
1029 1166 1143 1191 motu
1159 1151 1341 1193 Vindicis
1355 1180 1368 1200 ,
1391 1150 1497 1190 haud
1514 1150 1676 1205 perinde
1702 1149 1859 1205 plebem
1876 1151 1982 1190 attri-

599 1228 738 1256 verant
752 1245 765 1265 ,
783 1213 917 1256 secura
942 1228 1027 1254 tum
1049 1214 1155 1255 Urbe
1171 1244 1183 1264 ,
1207 1218 1247 1254 ὃς
1269 1211 1510 1269 provinciali
1525 1211 1633 1253 bello
1647 1243 1660 1263 ,
1681 1212 1787 1266 quod
1802 1214 1905 1252 inter
1921 1211 1981 1252 le-

599 1280 741 1334 giones
774 1276 1005 1330 Galliasque
1029 1275 1141 1317 velut
1173 1290 1383 1317 externum
1406 1276 1493 1316 fuit.
1522 1277 1658 1326 Nam,
1685 1289 1735 1315 ex
1764 1290 1844 1329 quo
1866 1275 1980 1316 dlvus

600 1342 801 1395 Augustus
821 1355 880 1380 res
902 1340 1098 1380 Caesarum
1115 1340 1342 1396 composuit
1356 1368 1369 1389 ,
1390 1337 1532 1394 procul
1550 1343 1589 1379 ὅ(
1610 1340 1650 1378 in
1666 1339 1782 1378 unius
1805 1343 1815 1366 ³
1836 1336 1981 1378 sollici-

600 1405 780 1446 tudinem
796 1434 808 1453 ,
829 1416 896 1444 aut
915 1403 1034 1444 decus
1050 1433 1063 1453 ,
1089 1402 1259 1458 populus
1282 1403 1490 1443 Romanus
1509 1400 1738 1442 bellaverat.
1761 1400 1842 1441 Sub
1865 1400 1983 1440 Tibe-

600 1469 661 1508 rio
678 1497 690 1517 ,
718 1471 758 1507 ὥς
781 1467 881 1506 Caio
897 1496 909 1515 ,
930 1469 1083 1506 tantum
1104 1467 1211 1521 pacis
1232 1465 1391 1506 adversa
1412 1466 1671 1520 pertimuere:
1694 1463 1948 1505 Scriboniani
1964 1468 1981 1492 4

600 1543 741 1572 contra
757 1529 971 1570 Claudium
987 1529 1167 1584 incepta,
1184 1527 1296 1568 fimul
1313 1527 1465 1577 audita,
1483 1531 1523 1568 &
1538 1528 1731 1568 coercita:
1756 1528 1869 1567 Nero
1888 1541 1983 1566 nun-

600 1595 666 1634 tiis
689 1594 812 1647 magis
836 1596 876 1632 &
898 1591 1121 1632 rumoribus
1136 1621 1148 1642 ‚
1174 1590 1292 1645 quam
1313 1592 1428 1631 armis
1449 1590 1648 1646 depulsus.
1668 1590 1773 1630 Tum
1798 1587 1981 1643 legiones

602 1654 815 1709 classesque
830 1685 840 1703 ‚
863 1659 902 1694 &
917 1654 1022 1708 quod
1040 1657 1128 1694 raro
1145 1653 1238 1695 alias
1253 1684 1265 1704 ,
1291 1654 1545 1710 praetorianus
1566 1651 1824 1706 Urbanusque
1842 1650 1953 1692 miles
1969 1681 1984 1703 ,

601 1721 643 1760 in
665 1720 791 1759 aciem
812 1717 982 1758 deduffl.
1004 1718 1150 1758 Oriens
1172 1717 1456 1769 Occidensque
1471 1747 1482 1766 ‚
1509 1720 1549 1756 ὃς
1575 1715 1766 1770 quidquid
1784 1716 1983 1768 utrimque

603 1783 748 1821 virium
767 1782 819 1821 est
841 1797 862 1821 a
884 1793 997 1834 tergo
1021 1785 1059 1819 5:
1097 1780 1123 1818 fi
1154 1779 1321 1820 ducibus
1349 1778 1435 1819 aliis
1473 1778 1667 1819 bellatum
1701 1779 1830 1828 foret,
1855 1777 1982 1832 longo

602 1843 711 1885 bello
735 1844 910 1884 materia.
933 1845 1060 1886 Fuere
1075 1871 1087 1891 ,
1110 1845 1177 1896 qui
1197 1842 1466 1898 proficiscenti
1502 1842 1660 1881 Othoni
1683 1855 1836 1890 moras,
1875 1858 1896 1878 (ε
1929 1855 1985 1881 re-

602 1905 908 1961 »ligionemque
939 1905 1119 1947 nondum
1157 1906 1413 1947 conditorum
1443 1902 1633 1945 ancilium
1675 1903 1692 1925 ⁶

645 2010 653 2023 ¹
679 2006 749 2035 Nnc
771 2015 813 2034 υτ
834 2013 941 2034 nosris
963 2005 976 2041 ]
1006 2003 1118 2040 Cultu,
1142 2012 1176 2034 ut
1194 2004 1272 2034 infra
1314 2002 1385 2033 fore
1415 2002 1581 2038 invifiam,
1612 2001 1752 2031 finxerat.
1772 2001 1848 2031 Inde
1874 2001 1984 2031 ancili-

606 2044 823 2082 Imperatoris,
840 2043 879 2073 fic
905 2043 993 2081 supra
1008 2042 1099 2073 hostis
1120 2042 1254 2073 fratrem.
1313 2044 1368 2071 bus
1382 2042 1496 2072 honos.
1517 2041 1650 2081 Singulis
1670 2041 1776 2077 annis,
1792 2040 1884 2070 initio
1897 2051 1983 2070 men-

647 2088 658 2101 2
680 2084 782 2113 Mo‘rAE
803 2084 899 2111 URssis
922 2093 1010 2112 cunm
1027 2087 1036 2115 ]
1055 2083 1123 2112 Hoc
1155 2083 1272 2113 bellico
1313 2081 1346 2110 fis
1368 2081 1489 2115 Martii,
1515 2092 1577 2119 quo
1594 2079 1698 2109 Martis
1723 2080 1838 2110 sacrum
1859 2089 1983 2118 perage-

606 2132 643 2161 ³¹³
647 2132 664 2187 ἒ)
668 2132 698 2190 a1r
701 2130 829 2190 muli?
830 2121 960 2196 {aepssiunssi
972 2121 1062 2189 (ἕως
1081 2131 1168 2152 ⁰u‘ae'
1250 2124 1254 2128 ¹
1313 2121 1499 2189 ῗίἶξῖῗέἷῖξ
1504 2120 1572 2189 {¹335
1590 2130 1627 2188 ¹1³3
1631 2118 1777 2188 ἓῗζῖἷέῗέ
1780 2118 1984 2188 Ἣὲῖἓὶἒῗέἶ

644 2205 659 2223 4
679 2172 912 2235 δῗῑὲιειοκηω]
938 2171 985 2228 ΒΞ
1009 2182 1072 2237 quo
1097 2199 1217 2230 dicetur
1242 2199 1274 2229 in
1313 2170 1371 2228 iur.
1387 2170 1486 2228 SaliJos
1506 2169 1591 2228 ennii
1608 2196 1722 2236 caelestia
1737 2181 1832 2232 amia,
1854 2206 1912 2235 quae
1930 2206 1983 2224 an-

605 2239 828 2277 Supplemento
849 2238 958 2267 Annal.
974 2240 1015 2267 IX
1028 2261 1037 2273 ,
1063 2247 1098 2276 35
1118 2239 1152 2268 ὃ(
1172 2242 1218 2275 36.
1314 2237 1377 2266 cilia
1389 2236 1580 2273 appellantur,
1599 2236 1694 2273 ferre,
1716 2246 1749 2265 ac
1766 2246 1814 2273 per
1830 2235 1927 2265 Urbem
1943 2235 1983 2264 ire

648 2284 655 2304 5
673 2280 695 2306 A
712 2278 836 2313 renco]
850 2279 969 2316 Atergo
980 2276 1274 2316 Othonis,Oriens;
1316 2286 1447 2305 canentes
1470 2277 1593 2305 carmina
1614 2286 1671 2304 cum
1701 2275 1827 2311 tripudiis
1839 2274 1982 2312 fhllemm'·

606 2316 747 2351 Vitellii,
767 2316 933 2346 Occidens.
1313 2327 1360 2353 que
1376 2315 1483 2354 saltatu
1507 2316 1630 2353 jusserat
1656 2316 1768 2345 Numa.
1792 2313 1919 2349 Livius,
1947 2314 1984 2348 1,

646 2358 659 2375 ⁶
682 2357 828 2386 NONDUM
856 2365 1071 2385 coumronum
1095 2357 1273 2392 ΑΝςιιιυΜ]
1314 2366 1362 2384 20.
1384 2355 1528 2393 Triginta
1543 2354 1606 2384 dics
1625 2354 1670 2383 his
1685 2352 1872 2384 caerimoniis
1884 2352 1982 2389 sacri,

606 2396 726 2431 Numa,
740 2394 928 2433 religionum
944 2393 1055 2424 artifex
1070 2417 1078 2429 ‚
1093 2394 1204 2425 ancilia
1220 2405 1276 2425 cae-
1314 2395 1386 2424 teste
1404 2394 1537 2432 Polybio
1550 2416 1558 2429 ,
1571 2394 1713 2431 Excerpt.
1729 2394 1836 2431 Legat.
1854 2402 1918 2430 cap.
1933 2402 1984 2428 23.

607 2435 639 2465 10
660 2434 796 2473 delapsa,
811 2432 906 2474 quaefi
919 2433 1129 2472 servarentur,
1142 2435 1275 2466 Romam
1314 2433 1393 2465 Vide
1411 2434 1445 2466 ὃς
1463 2434 1546 2465 Suet.
1571 2432 1605 2463 in
1624 2432 1700 2463 nota
1717 2431 1826 2462 ultima
1840 2441 1905 2469 cap.
1919 2430 1984 2469 seq.

1739 2475 1803 2515 As
1798 2487 1985 2532 periratus

1715 1922 1736 1940 2>
1775 1903 1986 1945 adferrent.

2009 849 2060 876 10

2008 1481 2062 1507 20
