2209 3047
596 188 684 236 476
802 180 1019 222 NOTAE
1052 175 1136 218 ΕΤ
1175 175 1776 222 EMENDATIONES

647 260 862 314 Aiicrssiziziz
888 259 1132 302 TORMENTA]
1165 257 1262 292 Bene
1291 253 1374 289 libri
1405 266 1529 290 omnes
1563 254 1663 291 editi.
1689 254 1732 290 In
1759 255 1828 294 Ms.
1858 260 1968 300 Corb.

597 322 819 392 amfixii'zi‘rm
849 359 997 401 RUPES]
1028 354 1093 391 Ms.
1120 354 1217 389 Harl.
1238 354 1374 399 Tarpeii.
1401 353 1478 390 ΜΓΓ.
1498 353 1604 392 Bodl.
1621 353 1687 391 Jes.
1710 353 1829 390 Guelf.
1846 358 1879 391 ὅς
1894 357 1972 393 edi-

592 407 709 442 tiones
725 416 860 442 veteres
881 416 963 441 ante
979 403 1194 441 Beroaldum
1213 431 1222 445 ‚
1254 405 1377 449 Tarpei.

645 456 739 491 Sis‘ri
771 459 1011 500 POTERANT]
1054 453 1149 489 Male
1174 452 1239 488 Ms.
1261 452 1381 489 Guelf.
1406 464 1543 498 poterat.
1580 453 1628 488 Ni
1657 453 1751 489 fort‘e
1779 454 1974 491 emendan-

593 505 676 540 dum
689 534 697 549 ‚
713 516 752 540 ut
763 504 871 541 habet
889 505 955 541 Ms.
970 504 1081 540 Corb.
1096 516 1147 537 nec
1163 502 1235 550 fistt
1246 514 1373 549 poterat
1388 530 1398 546 ,
1415 504 1637 549 scandentibus
1651 517 1708 550 per
1723 506 1889 552 conjunc‘la
1902 505 1975 541 aedi-

585 555 678 602 ficia.
706 554 822 601 Quod
841 554 1038 604 elegantius
1056 553 1160 588 foret.

644 604 966 650 DEPELLERENT]
997 604 1092 638 Bene
1111 601 1175 637 ΜΓ.
1191 601 1296 638 Bodl.
1313 601 1530 639 Puteolanus
1551 606 1583 639 ὃς
1599 602 1843 640 Recentiores.
1858 603 1889 638 A
1904 603 1974 639 Ms.

592 654 682 703 Reg.
703 657 736 690 <Sc
759 653 919 690 editione
940 652 1102 701 principe
1133 651 1259 688 absunt
1279 652 1357 688 haec
1377 651 1499 689 omnia
1514 680 1521 693 ‚
1549 666 1591 688 an
1610 653 1712 700 ohseffi
1728 679 1737 694 ‚
1755 666 1822 702 quae
1839 654 1973 688 crebrior

584 705 681 751 fama
701 703 743 751 est
758 731 767 746 ‚
793 717 850 752 quo
873 706 1005 737 nitentes
1025 716 1060 736 ac
1084 702 1254 750 progreffbs
1279 702 1478 748 depellerent.
1508 701 1538 735 A
1558 702 1622 738 Ms.
1642 703 1754 738 Corb.
1779 701 1874 738 abest
1894 713 1972 738 tan-

594 753 690 796 tum,
706 753 748 800 est
764 781 772 795 ‚
805 766 873 799 qno.
898 751 940 786 In
959 749 1032 788 ΜΠ.
1050 750 1151 786 Harl.
1169 751 1235 787 Jes.
1259 751 1349 787 Bud.
1375 750 1496 787 Guelf.
1520 751 1708 799 depulerint.
1735 751 1909 788 Additum
1933 753 1972 789 in

592 803 751 849 margine
769 803 833 836 Ms.
854 800 956 836 Harl.
973 801 1172 847 depellerent.
1187 800 1253 836 Ms.
1269 801 1336 838 Jes.
1351 801 1529 847 depelleret.

641 849 887 887 TnAxEnUNT
914 862 1104 886 FLAMMAM
1131 854 1452 895 ALUERUNTQUE]
1485 850 1539 885 Ita
1555 850 1630 886 Mss.
1646 850 1743 886 Flor.
1772 851 1885 886 Corb.
1911 849 1971 886 Pi-

591 901 705 937 chena
721 903 753 935 <Sc
769 899 1012 935 Recentiores.
1047 900 1089 935 ln
1111 899 1188 935 ΜΠ.
1209 900 1312 938 Harl.
1335 900 1442 937 Bodl.
1458 899 1526 938 Jes.
1545 902 1578 936 &
1597 900 1778 938 veteribus
1799 899 1971 938 editioni-

591 951 655 988 bus
670 979 680 995 ‚
707 962 845 986 traxere.
862 949 928 985 Ms.
948 950 1033 999 Agr.
1052 951 1225 997 aluereque.

639 1051 741 1088 CAP.
764 1051 911 1087 LXXII.
935 1051 1096 1087 Dflmm
1118 1053 1243 1095 URBE]
1273 1050 1339 1086 ΜΓ.
1354 1050 1467 1086 Corb.
1486 1051 1620 1086 traditd.

642 1101 861 1136 TEMERARE
882 1104 1138 1146 poruxssenr]
1170 1099 1268 1135 Male
1284 1100 1352 1136 Ms.
1366 1099 1458 1135 Bud.
1474 1104 1506 1136 δε
1520 1100 1712 1137 Rhenanus
1726 1127 1736 1144 ‚
1764 1111 1876 1137 tenere.
1899 1101 1971 1138 Ce⁶

594 1150 659 1187 reri
685 1150 765 1185 libri
792 1150 913 1200 scripti
937 1154 970 1186 ὃς
999 1150 1114 1194 editi,
1139 1163 1302 1186 temerare.

642 1199 806 1236 FURORE
829 1200 1048 1236 PRINCH’UM
1075 1204 1279 1246 EXSCINDI]
1311 1200 1408 1236 Bene
1426 1199 1501 1236 Mff.
1523 1200 1620 1236 Flor.
1645 1200 1747 1236 Harl.
1773 1200 1881 1236 Bodl.
1902 1199 1969 1237 Jes.

585 1249 696 1285 Corb.
720 1250 937 1286 Puteolanus
959 1253 991 1286 δε
1008 1250 1253 1287 Recenriores.
1269 1249 1328 1285 Sic
1346 1262 1491 1299 quoque
1505 1250 1570 1285 Ms.
1589 1249 1709 1286 Guelf.
1725 1262 1830 1285 manu
1843 1249 1969 1298 prima.

584 1299 628 1335 In
643 1299 804 1336 editione
824 1300 988 1349 principe
1001 1328 1010 1344 ,
1025 1301 1139 1348 furore
1155 1302 1338 1347 Principum
1354 1301 1493 1347 exscindi
1512 1302 1631 1346 potuit.
1671 1300 1837 1337 Secunda
1862 1312 1970 1335 manu

584 1348 623 1383 in
640 1349 704 1385 Ms.
719 1350 839 1385 Guelf.
848 1351 964 1396 furor.
979 1378 986 1387 .
1004 1377 1011 1384 .
1026 1353 1144 1396 potnit.

635 1398 818 1435 ARsERAT
841 1412 889 1435 ET
912 1404 1043 1445 ANTE]
1073 1401 1137 1442 Et,
1157 1399 1252 1435 abest
1267 1411 1287 1434 a
1306 1399 1381 1434 ΜΓΓ.
1398 1398 1500 1434 Harl.
1514 1402 1547 1434 &
1561 1399 1628 1435 Jes.

633 1449 727 1494 Quo
751 1461 891 1485 TANTAE
915 1461 1051 1485 cLADIS
1075 1461 1214 1485 PRETIO
1232 1448 1421 1494 sTET1T3]
1445 1448 1500 1484 Ita
1521 1448 1597 1484 Mff.
1617 1448 1714 1484 Flor.
1738 1445 1962 1484 Harl.Bodl.

583 1496 649 1533 Jes.
669 1497 781 1534 Corb.
801 1498 884 1548 Agr.
905 1498 1025 1534 Guelf.
1058 1498 1235 1534 editiones
1263 1509 1398 1534 veteres
1412 1525 1421 1540 ,
1436 1497 1598 1546 Ryekius
1615 1501 1648 1533 δε
1668 1497 1912 1533 Recentiores.
1928 1497 1968 1532 A

582 1546 759 1584 Rhenano
780 1558 898 1584 tamen
922 1547 1083 1584 omissum
1095 1547 1227 1593 ,βαίη
1246 1547 1354 1596 idque
1371 1546 1548 1595 probabat
1564 1546 1835 1583 Freinshemius.
1859 1545 1967 1581 Certe

582 1596 712 1633 abeffet
746 1597 816 1635 fine
839 1598 917 1634 ullo
937 1597 1053 1634 sensus
1068 1596 1271 1646 dispendio.
1288 1596 1470 1632 Nonnihil
1486 1607 1605 1632 tamen
1625 1595 1678 1632 vis
1696 1599 1728 1632 ὃς
1746 1594 1965 1644 eloquentice

581 1646 689 1682 habet
708 1675 717 1690 ‚
734 1647 836 1694 stetit.
866 1647 1004 1683 Frustra
1018 1647 1232 1684 emendabat
1256 1648 1288 1683 J.
1311 1646 1351 1682 F.
1375 1645 1587 1682 Gronovius
1602 1674 1611 1688 ,
1644 1647 1719 1694 quid
1745 1657 1842 1680 tarztae
1867 1645 1966 1680 cladis

576 1699 679 1742 pretio
696 1697 788 1743 stetit
803 1696 815 1733 ?
832 1697 1005 1741 Pichena,
1027 1712 1085 1746 qno
1104 1709 1198 1732 tanta
1222 1697 1324 1732 clades
1339 1700 1444 1743 pretio'
1461 1696 1550 1745 stetit
1566 1695 1577 1731 ?
1592 1695 1709 1732 Vertit
1726 1694 1927 1731 Davanzati
1954 1720 1967 1740 ,

584 1747 659 1794 qual
680 1759 798 1793 guerra
814 1751 964 1794 cagfflnb,
994 1749 1068 1796 qual
1084 1750 1193 1796 pregio
1212 1747 1245 1782 di
1259 1758 1349 1781 tanto
1369 1748 1450 1782 male
1467 1752 1484 1781 ἓ
1499 1747 1619 1782 Salvar
1634 1747 1786 1792 lupatria
1801 1745 1880 1791 forse
1901 1747 1916 1778 Ι

635 1795 689 1831 ΕΑ
715 1800 1055 1842 MAGNIFICENTIA]
1084 1797 1176 1843 Quae
1200 1799 1234 1833 ὃς
1260 1806 1392 1846 quanta
1419 1795 1526 1832 fuerit
1552 1795 1614 1830 illa
1633 1793 1812 1844 Capitolii
1829 1792 1964 1843 magni-

582 1844 749 1889 ficentia,
781 1859 887 1896 quam
915 1846 1095 1883 immensae
1122 1845 1245 1895 postea
1274 1846 1405 1895 populi
1431 1845 1589 1883 Romani
1615 1857 1667 1883 res
1692 1854 1863 1882 ornarent
1890 1855 1964 1893 po-

582 1893 652 1931 tius
666 1921 676 1938 ‚
702 1896 806 1946 quiam
833 1906 1004 1946 augerent
1022 1924 1033 1941 ‚
1064 1896 1330 1946 explicandum.

733 1985 830 2041 De
861 1986 1128 2063 Capitolio
1165 1985 1372 2063 ejusque
1405 1985 1806 2062 magnificentid.

636 2090 744 2126 Mons
756 2091 930 2139 Tarpeius
945 2118 954 2134 ‚
986 2093 1096 2129 (Heius
1112 2093 1235 2141 postea
1249 2091 1479 2141 Capitolinus
1494 2117 1503 2132 ‚
1522 2091 1621 2127 aditu
1647 2089 1875 2126 difficillimus
1888 2118 1895 2131 ‚
1921 2099 1964 2125 ac

579 2151 775 2189 praeruptus
791 2169 799 2183 ‚
822 2142 998 2191 fastigiato
1022 2143 1234 2192 adsurgebat
1265 2141 1399 2178 vertice
1419 2169 1427 2185 ‚
1455 2141 1538 2177 cum
1560 2140 1779 2190 Tarquinius
1801 2138 1937 2175 Priscus
1951 2165 1961 2181 ‚

578 2201 656 2225 non
685 2191 862 2238 praesentis
894 2193 1066 2240 temporis
1093 2219 1101 2234 ‚
1134 2192 1195 2229 sed
1222 2192 1330 2228 futuri
1359 2191 1499 2240 imperii
1520 2190 1806 2239 magnitudinem
1836 2187 1958 2224 animo

583 2239 793 2287 complexus
817 2268 826 2283 ,
857 2241 1128 2289 augustissimum
1147 2241 1247 2279 Jovis
1270 2241 1444 2290 templum
1469 2241 1506 2276 in
1531 2241 1604 2276 hoc
1628 2240 1764 2276 vertice
1781 2237 1959 2275 aedificare

579 2288 767 2325 meditatus
792 2289 850 2325 est.
884 2291 977 2327 Jecit
995 2292 1224 2328 fundamenta
1240 2319 1249 2335 ‚
1279 2295 1312 2328 &
1329 2290 1502 2327 immensis
1519 2302 1560 2326 ac
1578 2288 1850 2326 laboriofiffirnis
1875 2286 1958 2321 sub-

578 2337 826 2375 strustionibus
837 2367 846 2383 ‚
864 2340 1108 2390 congestisque
1123 2342 1310 2391 aggeribus
1323 2369 1333 2384 ,
1350 2341 1493 2389 planam
1513 2339 1633 2376 effecit
1646 2351 1761 2375 aream
1774 2365 1783 2381 ,
1799 2336 1843 2372 ad
1858 2335 1958 2372 exci-

577 2387 724 2438 piendas
751 2389 862 2428 sacras
887 2390 978 2429 aedes
1000 2391 1218 2441 aptiffirnam.
1256 2389 1412 2440 Dionys.
1439 2388 1672 2427 Halicamass.
1709 2389 1822 2436 Antiq,
1857 2387 1952 2423 Rom³
