2209 3047
271 181 352 222 AD
380 182 604 224 LIBRUM
633 183 665 224 Ι.
697 182 841 224 HIST.
881 180 928 223 C.
963 183 1142 226 CORN.
1174 183 1385 225 TACITI.
1443 199 1532 236 377

143 257 210 305 post
240 260 438 302 adoptionem
467 260 580 307 statim
605 260 707 307 castra
735 273 900 305 occupare,
925 272 1155 307 coenanremque
1180 264 1213 296 in
1240 262 1365 305 palatio
1388 261 1530 296 Galbam

142 310 286 355 aggredi.
313 309 393 345 Piso
422 309 615 358 adoptatus
639 309 753 346 fuerat
784 309 840 346 die
869 308 1007 345 decima
1035 309 1202 347 Januarii.
1220 310 1308 346 Dies
1335 311 1421 346 vero
1439 311 1531 347 duo-

143 357 283 394 decima
305 371 378 395 erat
400 359 514 407 pridie
532 360 626 396 Idus.
646 359 731 396 Cito
746 372 833 410 ergo
850 370 972 409 parata
988 358 1083 408 apud
1111 360 1224 395 malos
1249 360 1378 396 seditio
1394 389 1404 404 ,
1432 360 1529 410 apud

142 406 303 458 integros
326 408 567 446 dissimulatio.

196 508 303 544 CAP.
333 509 483 547 XXVII.
514 511 763 547 MiLmARmM
792 521 957 547 AUREUM
983 515 1000 557 ]
1029 510 1215 558 Prrecipua
1247 511 1315 546 fuit
1338 511 1526 548 Romano-

141 570 218 593 rum
245 558 283 594 in
311 558 505 596 sternendis
535 560 807 609 muniendisque
831 561 898 595 viis
929 561 1218 611 magnificentia,
1244 573 1329 609 quas
1352 561 1526 597 milliariis

141 607 342 647 distinxere.
364 609 423 647 De
444 610 512 647 illo
534 611 598 646 usu
620 622 737 659 pauca
758 609 927 647 differam.

519 711 619 768 De
657 710 930 767 Milliczrio
969 731 1142 767 aureo,

188 819 335 858 PRIMUS
361 820 404 858 C.
427 821 634 867 Gracchus,
662 823 759 860 circa
788 836 920 860 annum
949 823 1058 860 Urbis
1081 822 1240 859 conditae
1268 833 1421 864 Dcxxv‚
1450 821 1524 857 vias

134 882 199 918 per
224 871 391 907 milliaria
414 871 613 916 dimensus,
643 873 830 910 columnas
854 873 1034 922 lapideas,
1059 872 1302 908 distantiarum
1328 871 1443 921 signa,
1465 872 1523 907 lo-

135 920 257 962 CHVit,
283 926 387 962 Κίονσις
413 927 522 963 melma:
551 929 660 968 σημεῖα,
688 927 728 959 τὲἷ
754 930 851 974 μέτρες
877 930 1035 966 κατὲςησεν
1051 952 1061 965 ,
1099 922 1278 958 Plurarcb.
1304 922 1341 956 in
1368 921 1522 958 GsaCCh.

132 982 217 1019 pag.
242 973 331 1019 838.
357 971 528 1008 Milliaria
553 972 614 1008 illa
640 973 851 1009 constabant
877 973 975 1009 mille
992 973 1165 1021 passibus,
1192 972 1250 1008 seu
1268 972 1426 1021 quinque
1444 971 1523 1007 niil-

131 1018 226 1055 libus
252 1021 384 1068 pedum
410 1022 680 1066 Romanorum,
717 1024 888 1060 mensurae
912 1023 1040 1059 nostrae
1067 1022 1218 1058 Gallicae
1245 1022 1335 1069 756.
1364 1023 1464 1069 [aises.
1489 1022 1523 1057 A

133 1070 303 1117 pomerio
319 1099 328 1114 ‚
355 1072 514 1119 portisve
545 1072 654 1109 Urbis
677 1074 965 1110 numerabantur.
988 1072 1132 1109 Deinde
1157 1071 1333 1121 Augustus
1348 1099 1356 1114 ‚
1391 1071 1523 1120 optimi

134 1120 304 1168 cujusque
327 1120 475 1158 instituti
495 1122 683 1159 aemulator
702 1127 736 1160 δε
760 1124 935 1172 Ρθτῑεξὶοῑ
953 1152 963 1167 ,
994 1135 1129 1159 novam
1152 1123 1189 1157 in
1213 1121 1413 1158 reficiendis
1435 1121 1523 1156 diri-

132 1169 330 1219 gendisque
353 1171 420 1207 viis
441 1185 589 1220 operam
616 1173 738 1222 posuit
754 1202 763 1217 ‚
791 1177 823 1210 &
839 1202 847 1217 ,
876 1186 973 1210 anno
999 1172 1045 1209 U.
1076 1172 1119 1209 C.
1144 1183 1333 1209 Dccxxxlv
1349 1200 1357 1214 ‚
1391 1170 1523 1206 millia-

133 1219 224 1254 rium
251 1232 394 1257 aureum
417 1221 525 1266 fecit,
549 1227 582 1259 τὸ
608 1227 717 1269 χρυσιῖν
735 1228 839 1269 μίλιον
861 1229 1034 1269 κεκλημένον
1054 1227 1156 1265 ἕςκθῖ,
1179 1221 1256 1257 Dio
1271 1249 1279 1264 2
1304 1220 1387 1257 LIV
1403 1250 1411 1265 ν
1437 1234 1521 1269 Pag-

134 1270 225 1318 526.
248 1270 374 1307 Aureis
397 1271 506 1308 literis
527 1273 560 1309 ei
584 1273 753 1322 inscripta
774 1274 871 1310 fuisse
892 1273 1151 1322 praeeipuarum
1175 1271 1316 1307 urbium
1332 1270 1522 1307 intervalla

134 1318 309 1356 existimat
342 1320 380 1356 P.
404 1321 638 1367 Eschinardi‚
669 1326 758 1371 Agro
777 1325 922 1359 Romano
937 1352 947 1368 ‚
974 1335 1052 1372 cap.
1081 1336 1112 1371 3.
1136 1321 1214 1358 Alii
1237 1334 1381 1358 aureum
1402 1333 1522 1357 totum

132 1368 231 1406 fuisse
253 1369 395 1406 volunt.
422 1371 518 1407 Illud
551 1372 585 1407 in
611 1373 729 1422 capite
755 1373 826 1409 fori
855 1373 1032 1416 Romani,
1060 1385 1100 1408 ac
1122 1371 1275 1420 proinde
1300 1371 1338 1406 in
1363 1371 1524 1408 celeber-

130 1418 220 1454 rima
247 1419 356 1455 Urbis
388 1433 511 1468 parte,
536 1422 658 1469 posuit
688 1422 886 1472 Augustus,
915 1434 978 1467 ut,
1001 1422 1192 1471 splendido
1218 1421 1445 1471 superboque
1469 1421 1524 1456 as-

132 1471 259 1517 pean,
284 1469 393 1505 Urbis
412 1471 566 1507 vistricis
584 1475 616 1508 <Sc
648 1472 762 1508 Italiae
783 1484 953 1509 terrarum
986 1473 1066 1509 orbi
1096 1472 1317 1508 dominantis
1349 1471 1524 1508 memoria

131 1518 269 1566 semper
291 1532 507 1557 occurrerer.
534 1522 575 1557 In
614 1522 689 1558 hoc
717 1522 923 1559 milliarium
953 1523 1028 1559 vias
1056 1522 1225 1559 militares
1254 1521 1368 1557 Italiae
1397 1533 1522 1557 omnes

134 1567 265 1605 desiisse
287 1569 430 1605 testatur
451 1570 660 1607 Plutarchus
676 1600 684 1615 ‚
709 1572 746 1607 in
767 1572 905 1616 Galba,
937 1586 1017 1623 pag.
1048 1573 1148 1619 1064
1163 1600 1172 1615 ‚
1197 1572 1347 1616 ’1362'th
1374 1577 1413 1610 εἰς
1440 1575 1523 1615 οἰγο-

132 1618 207 1669 ρσῖν,
223 1618 366 1668 ἕχρυαὲἶς
381 1624 487 1662 εἱς-ἥκει
510 1625 576 1657 κίων
593 1648 601 1662 ,
630 1627 667 1660 εἷς
692 1623 720 1658 ὃν
740 1627 774 1658 αἶ
795 1629 982 1667 τετμημέναι
1002 1626 1061 1659 ὁδοὶ
1087 1625 1186 1658 παῖσαι
1204 1625 1389 1658 τελευτῶσιν.
1412 1620 1523 1657 Unde

133 1679 252 1717 patet,
280 1682 355 1705 non
376 1669 419 1704 ab
436 1670 502 1706 illo
521 1671 690 1707 milliario
707 1700 715 1715 ‚
742 1671 801 1708 sed
825 1672 868 1707 ab
887 1672 994 1708 Urbis
1011 1672 1178 1721 pomerio
1195 1699 1203 1715 ‚
1231 1671 1289 1707 seu
1308 1671 1419 1707 veteri
1437 1683 1522 1719 por-

132 1729 247 1754 tarum
270 1717 333 1754 situ
355 1730 436 1756 ante
457 1720 734 1768 produstionem
759 1722 981 1758 moeniorum
1002 1723 1045 1758 ab
1067 1721 1265 1758 Aureliano
1287 1721 1411 1757 faaam
1429 1747 1437 1762 ‚
1460 1720 1522 1756 iti-

132 1781 258 1805 nerum
279 1770 455 1805 mensuras
485 1771 690 1819 incoepisse,
716 1782 755 1807 ut
784 1772 923 1821 optime
945 1772 1099 1810 advertit
1131 1771 1289 1809 eruditus
1326 1770 1483 1807 Fabretti
1508 1797 1521 1814 ,

131 1819 169 1854 de
186 1819 288 1867 Aquis
307 1820 343 1855 ξφ
363 1821 609 1868 Λᾳιιιεάαέίὶίιιις
625 1825 741 1857 vereris
766 1823 875 1858 Romae
891 1851 900 1867 ‚
928 1836 1009 1872 pag.
1046 1823 1130 1872 136.
1163 1821 1263 1858 Idem
1281 1820 1443 1870 plurimis
1461 1833 1522 1856 ex-

132 1867 338 1917 perimentis
363 1869 511 1907 constat.
530 1870 748 1907 Labentibus
768 1883 887 1909 tamen
911 1873 1048 1909 sacculis
1061 1901 1070 1917 ,
1095 1869 1241 1922 quidam
1257 1871 1446 1919 scriptores
1463 1870 1520 1906 iti-

131 1930 257 1955 nerum
277 1919 453 1956 mensuras
474 1921 517 1956 ab
548 1934 656 1957 aureo
690 1922 861 1959 milliario
886 1924 1080 1972 repetiere,
1108 1922 1160 1958 uti
1194 1921 1317 1958 videre
1348 1920 1395 1958 est
1424 1919 1520 1969 apud

134 1967 192 2003 Cl.
210 1968 253 2005 de
273 1968 306 2004 la
322 1968 467 2014 Nauze,
488 1972 657 2007 Me'moires
676 1973 713 2007 de
730 1974 925 2008 l⁷Acade¹mie
942 1974 1065 2022 Royale
1086 1973 1137 2008 des
1159 1973 1361 2018 Inscriptions
1374 2002 1382 2014 ,
1406 1971 1517 2006 Tom-

131 2016 313 2062 XXVIII,
343 2032 423 2069 pag.
449 2023 522 2068 388
549 2025 581 2057 δε
608 2022 701 2071 seqq.
732 2022 814 2058 Alia
836 2022 884 2059 est
909 2024 1091 2066 mensura,
1118 2021 1213 2071 apud
1240 2020 1519 2058 Jurisconsultos

133 2067 344 2117 pervulgata
359 2097 367 2112 ,
393 2073 426 2106 ὃς
447 2070 484 2106 in
504 2071 649 2119 judiciis
665 2072 832 2121 usurpata
846 2101 855 2116 ‚
882 2086 962 2122 quae
986 2086 1103 2123 neque
1124 2073 1167 2108 ab
1192 2071 1301 2107 Urbis
1323 2071 1488 2120 pomerio
1506 2097 1518 2114 ,

132 2129 250 2165 neque
274 2130 295 2152 a
314 2119 483 2157 milliario
504 2134 612 2158 aureo
635 2122 777 2158 initium
800 2123 975 2167 ducebat,
1003 2123 1063 2160 sed
1087 2136 1107 2158 a
1132 2121 1403 2159 continentibus
1426 2121 1516 2157 aedi-

132 2166 224 2202 ficiis
237 2195 246 2210 ‚
272 2167 412 2204 Gallice
433 2172 626 2207 l'excrdmite'
642 2173 693 2207 des
707 2173 925 2222 fauxbourgs.
940 2174 994 2209 De
1017 2174 1086 2210 hac
1106 2172 1268 2209 mensura
1284 2173 1407 2208 Macer
1423 2198 1431 2213 ‚
1446 2170 1517 2206 Di-

133 2216 218 2266 gest.
236 2216 315 2254 libr.
335 2217 374 2253 L.
395 2219 470 2254 Tit.
496 2222 552 2256 16.
568 2222 604 2257 de
623 2223 1046 2271 Verborumfignzficationc
1060 2252 1069 2267 ‚
1086 2223 1171 2273 Leg.
1195 2234 1268 2272 154
1283 2251 1291 2266 ‚
1309 2222 1517 2270 Millepaffics

129 2279 195 2318 ‘non
213 2281 232 2302 a
258 2269 413 2302 milliario
431 2270 544 2313 Urbis,
560 2271 618 2317 ῥά
642 2286 661 2306 a
685 2274 914 2308 continentibus
936 2274 1081 2320 aedtficiis
1099 2273 1285 2308 numerandi
1300 2275 1389 2319 sunt.

177 2314 285 2352 Nunc
300 2318 404 2361 vero,
420 2317 502 2354 cum
518 2321 585 2366 jam
602 2321 735 2357 dudum
747 2323 934 2359 Romanos
946 2323 983 2358 in
995 2322 1187 2360 sternendis
1208 2323 1275 2359 viis
1295 2322 1395 2358 simus
1414 2333 1518 2357 :cmu-

134 2365 216 2408 lati,
231 2379 293 2403 eOS
308 2380 404 2406 nunc
424 2368 462 2407 in
483 2369 660 2418 signandis
681 2372 855 2408 milliariis
876 2373 1075 2417 imitemur,
1092 2373 1128 2409 id
1147 2386 1257 2409 unum
1280 2370 1455 2420 superest,
1479 2382 1518 2406 ut

136 2425 219 2452 ante
242 2416 466 2454 parisiensem
490 2419 531 2458 Β.
556 2420 599 2458 V.
625 2422 770 2460 MARIAE
793 2422 905 2461 aedem
920 2452 931 2470 ,
958 2423 1054 2462 unde
1075 2423 1178 2461 ducta
1199 2423 1367 2459 itinerum
1390 2420 1517 2465 initia,

261 2488 298 2529 T
295 2504 367 2534 om.
399 2492 479 2536 III.
1214 2495 1245 2536 B
1265 2494 1287 2535 b
1306 2493 1329 2534 b
