2230 3047
171 826 224 854 10

173 1138 221 1178 15

380 162 909 206 HISTORIARUM
947 162 1163 204 LIBER
1203 165 1484 207 PRIMUS.
1584 179 1641 214 27

254 243 453 300 praedicit:
482 244 669 285 audiente
689 245 857 285 Othone
876 247 887 292 (
907 258 998 284 nam
1018 246 1223 300 proximus
1245 246 1441 288 adstiterat
1460 250 1472 297 )
1492 246 1611 301 idque
1627 276 1640 297 ‚
1664 266 1779 274 --

253 320 299 348 ut
317 306 449 348 laetum
471 322 493 348 e
520 309 749 358 contrario,
773 311 814 348 ὃς
841 307 918 347 suis
946 307 1262 362 cogitationibus
1291 311 1522 366 prosperum
1541 340 1553 359 ,
1579 312 1640 351 in—

252 383 510 426 terpretante.
537 373 631 412 Nec
659 369 790 411 multo
828 371 913 426 post
957 369 1122 411 libertus
1155 372 1396 412 Onomastus
1440 375 1597 415 nuntiat
1625 402 1639 424 ,

260 449 283 470 ε(
308 434 522 489 exspectari
555 448 648 473 eum
671 433 718 474 ab
755 434 1001 484 architecto,
1031 438 1071 474 &
1097 434 1415 490 redemptoribus
1445 442 1454 458 ¹
1480 454 1524 476 »x
1556 452 1639 491 quae

253 496 490 551 fignificatio
510 497 745 537 coeuntium
772 494 851 547 jam
872 496 1073 547 militum,
1103 501 1143 538 ὃς
1171 512 1312 553 parata:
1349 498 1639 549 conjurationis

254 572 512 601 convenerat.
531 560 675 610 Otho,
698 576 720 597 (ε
741 560 898 601 causam
930 560 1119 615 digreffiis
1143 578 1164 597 n
1198 561 1516 615 requirentibus,
1546 566 1639 605 cum

260 640 282 660 «
298 625 377 664 emi
392 622 459 663 fibi
474 623 616 679 praedia
628 625 820 664 vetustate
836 624 1011 679 suspecta
1025 653 1039 674 ‚
1059 624 1189 678 eoque
1209 625 1314 680 prius
1334 623 1579 681 exploranda
1594 645 1613 664 »
1624 657 1639 677 ‚

254 686 450 737 finxisset,
477 688 637 728 innixus
658 685 805 728 liberto
820 716 833 737 ,
860 702 930 743 per
950 687 1207 729 Tiberianam
1228 688 1395 729 domum
1421 693 1434 709 ²
1451 718 1464 738 ,
1495 689 1536 727 in
1558 691 1640 730 Ve-

252 747 408 789 labrum
424 779 438 800 ,
462 750 556 790 inde
579 750 629 791 ad
650 749 890 791 Milliarium
928 765 1092 791 aureum
1118 756 1127 779 ³
1147 780 1160 801 ,
1187 750 1257 792 sub
1288 751 1410 792 :edem
1437 753 1598 792 Saturni
1622 757 1639 781 4

253 814 395 868 pergit.
414 812 476 853 Ibi
495 827 573 854 tres
607 817 648 855 &
678 815 823 869 viginti
848 812 1118 870 speculatores
1144 814 1439 855 consalutatum
1470 815 1642 866 Impera-

251 888 373 915 torem
388 905 402 926 ,
431 891 478 917 ac
509 879 712 932 paucitate
733 876 989 918 salutantium
1012 877 1239 933 trepidum,
1268 882 1309 919 ὅ(
1329 877 1431 918 sellae
1455 878 1642 919 festinan-

251 951 313 979 ter
331 940 558 996 impositum
572 970 586 990 ‚
612 942 748 982 striffis
764 939 1024 982 mucronibus
1044 946 1056 971 5
1073 971 1086 991 ,
1114 943 1275 997 rapiunt
1295 940 1325 982 ⁶.
1349 941 1542 982 Totidem
1563 941 1643 981 fer-

251 1016 317 1043 me
349 1002 497 1044 milites
525 1005 566 1043 in
588 1005 1047 1059 itinere'aggregantur;
1071 1003 1137 1045 alii
1160 1004 1434 1055 conscientia,
1463 1003 1644 1060 plerique

253 1065 472 1106 miraculo:
498 1082 585 1122 pars
607 1066 785 1108 clamore
809 1071 849 1107 ὅ(
873 1066 1015 1122 gladiis
1031 1097 1045 1118 ,
1074 1082 1161 1123 pars
1187 1067 1344 1108 silentio
1360 1099 1374 1120 ,
1410 1069 1564 1109 animos
1593 1082 1644 1109 ex

254 1142 403 1169 eventu
423 1129 631 1185 sumpturi.

315 1191 549 1234 XXVIII.
582 1195 882 1235 STArloNEM
904 1194 946 1232 in
968 1193 1098 1234 castris
1121 1192 1263 1248 agebat
1278 1191 1407 1237 Julius
1423 1194 1646 1246 Martialis,

251 1253 447 1297 tribunus.
473 1256 541 1307 Is,
566 1258 845 1313 magnitudine
870 1256 987 1297 subiti
1013 1255 1173 1298 sceleris
1190 1287 1202 1307 ‚
1235 1272 1284 1298 an
1311 1272 1498 1313 corrupta
1527 1257 1642 1300 latius

251 1320 374 1359 castra
389 1349 403 1370 ,
433 1334 480 1360 ac
505 1319 533 1359 si
554 1319 696 1362 contr&
714 1321 898 1362 tenderet
912 1349 926 1370 ‚
948 1321 1118 1360 exitium
1140 1334 1350 1371 metuens,
1372 1321 1538 1376 praebuit
1558 1321 1646 1378 ple-

241 1433 452 1478 ficrficantem
464 1437 544 1464 mane*
559 1435 692 1474 haruspex·
707 1434 861 1464 idemtidem
873 1445 926 1463 mo-

966 1434 1115 1466 Velabro.
1135 1435 1305 1467 Velabrum
1321 1444 1425 1466 autem
1445 1435 1561 1467 dietum
1583 1437 1642 1475 est,

252 1482 316 1502 nuit
326 1497 336 1510 ,
349 1482 458 1503 caveret
471 1474 621 1511 periculum
632 1487 641 1503 .·
658 1484 710 1503 non
725 1473 804 1514 longe=
813 1475 925 1514 percus-

965 1475 1052 1514 quod
1066 1475 1153 1505 locus
1172 1475 1226 1505 ille
1246 1475 1326 1506 inter
1344 1475 1449 1506 forum
1464 1477 1642 1507 Romanum

241 1513 323 1552 fines
341 1512 435 1553 abeffe.
459 1514 547 1545 Idem
565 1517 696 1545 Sueton.
718 1513 750 1544 in
772 1514 902 1545 Othone
915 1538 924 1551 ‚

252 1553 314 1590 vl,
336 1551 412 1592 Ergo
433 1551 566 1593 destinata
587 1553 650 1590 die,
666 1554 837 1590 praemonitis
848 1554 925 1592 cons-

253 1591 307 1621 ciis
319 1615 328 1629 ‚
341 1592 406 1631 urst?
418 1591 573 1632 inforofiib
593 1593 651 1623 aede
671 1592 790 1622 Saturni
803 1593 840 1622 ad
854 1593 926 1623 Mil-

251 1630 363 1661 liarium
382 1642 493 1661 aureum
519 1633 704 1669 opperirentur
720 1657 729 1669 ,
754 1636 834 1661 mane
855 1632 925 1662 Gal-

253 1670 315 1700 bam
333 1670 491 1710 fizluravit:
518 1681 597 1711 utque
624 1671 816 1710 consueveras,
840 1671 924 1711 osi-ulo

252 1719 398 1748 exceptus,
419 1711 501 1740 etiam
516 1711 692 1751 fizcrtficanri
707 1711 853 1749 interfuit,
876 1722 926 1740 au„

253 1749 372 1788 divitque
384 1750 515 1787 praedic‘icz
536 1751 696 1790 haruspicis.

293 1795 301 1808 1
326 1790 623 1828 annmpronmus]
642 1790 865 1829 Redemptores
880 1790 925 1820 di-

250 1829 419 1863 cebantur,
439 1829 492 1868 qui
513 1840 607 1868 opera
632 1829 776 1860 facienda
801 1830 924 1860 condu—

251 1870 382 1906 cebant,
395 1867 518 1900 Gallice
536 1869 584 1898 des
597 1868 827 1905 Ean-epreneurs.
839 1872 923 1900 Suet·

252 1908 285 1938 in
311 1907 441 1939 Othone
459 1909 510 1938 Vl.
531 1908 639 1939 Deinde
657 1908 751 1938 liberto
771 1908 855 1949 adeffe
875 1919 924 1937 αι·-

251 1947 377 1978 chite5los
391 1948 556 1986 nuntiante,
579 1948 646 1986 quod
664 1948 768 1988 [ignum
790 1959 924 1977 convene-

253 1995 317 2066 rat&
332 1986 407 2027 quasi
424 1986 547 2017 venalem
567 1987 671 2017 domum
690 1987 855 2028 inspeeinms
869 1987 925 2027 ab]2

253 2037 284 2056 ce
303 2036 334 2057 lt.

292 2071 305 2085 ²
329 2067 392 2096 PER
425 2067 632 2098 ΤιΒειυΛΝΑΜ
663 2078 790 2097 DOMUM
818 2069 926 2105 ]Quae

252 2105 379 2144 Augusti
394 2106 531 2137 domnia
544 2106 675 2138 Tiberio
689 2106 788 2137 fuerat
804 2106 909 2137 addita
919 2129 926 2142 ,

254 2145 289 2174 in
309 2145 505 2176 Occidentali
530 2146 647 2176 montis
671 2146 801 2176 Palatini
833 2155 927 2185 parte.

254 2183 370 2214 Pariter
390 2185 557 2216 Suetonius
580 2186 611 2216 in
632 2185 761 2216 Othone
785 2187 825 2217 Vl
844 2210 851 2222 ‚
867 2196 929 2222 pro-

964 1513 1151 1554 nssntesque
1179 1514 1352 1545 Palatinum
1379 1515 1414 1546 8<
1445 1516 1641 1546 Aventinum

963 1553 1064 1584 fuiss'et
1090 1553 1169 1584 olim
1204 1554 1367 1592 paludibus
1402 1554 1528 1586 oblitus.
1564 1557 1641 1587 Inde

964 1593 1160 1631 Propertius,
1175 1595 1234 1629 lv,
1259 1593 1344 1632 Eleg·
1361 1595 1409 1627 X,
1434 1604 1462 1633 5.

999 1634 1051 1664 Qua
1072 1633 1174 1657 Velabra
1183 1633 1226 1664 fito
1234 1633 1375 1665 stagnabant
1388 1634 1501 1663 flumine,
1520 1642 1606 1668 quaque

1034 1666 1114 1691 Nauta
1129 1675 1171 1700 per
1189 1666 1296 1691 Urbanas
1308 1667 1442 1697 velificabat
1459 1675 1535 1700 aquas.

1004 1716 1013 1736 3
1037 1711 1243 1742 Mummium
1264 1712 1421 1748 ΑυκευΜ]
1442 1713 1513 1742 Erat
1537 1712 1568 1742 in
1585 1723 1639 1744 ca-

964 1750 1028 1789 pite
1050 1750 1113 1780 fori
1144 1751 1299 1788 Romani,
1320 1751 1373 1782 ubi
1402 1762 1485 1781 nunc
1502 1753 1640 1783 nosoco-

964 1789 1084 1825 mium,
1111 1790 1301 1829 appellatum
1330 1790 1423 1819 Sama
1442 1790 1540 1820 Maria
1567 1791 1640 1821 della

964 1828 1169 1868 Consslczzione.
1204 1830 1251 1860 De
1282 1829 1343 1861 hoc
1373 1830 1520 1861 milliario
1552 1832 1639 1870 plura

965 1867 1108 1899 dicentur
1126 1869 1158 1898 in
1180 1869 1273 1900 Notis
1298 1871 1332 1901 ὅ(
1356 1870 1640 1902 Emendationibus

963 1909 1001 1939 ad
1025 1908 1100 1938 Hist.
1122 1910 1153 1945 l,
1174 1919 1225 1947 27.

1001 1952 1016 1971 4
1037 1950 1144 1978 AEDEM
1167 1950 1333 1985 SAruRm]
1352 1950 1429 1985 Quae
1444 1957 1508 1980 erat
1527 1949 1559 1978 in
1572 1949 1638 1980 imo

964 1987 1049 2018 clivo
1075 1988 1270 2027 Capitolino.
1291 1988 1338 2019 lbi
1365 1988 1504 2018 cerarium
1528 1989 1635 2027 populi

966 2027 1122 2063 Romani,
1147 2036 1180 2057 ut
1203 2028 1277 2058 alias
1306 2028 1498 2058 monuimus.
1525 2029 1637 2058 Partim

966 2068 1030 2102 eius
1055 2067 1216 2097 ruderibus
1242 2077 1324 2098 nunc
1349 2066 1459 2097 nititur
1484 2069 1636 2107 templum

965 2105 1064 2136 Sancti
1087 2105 1245 2136 Hadriani.

1008 2151 1015 2172 5
1041 2148 1185 2181 S'rnicrrs
1211 2155 1410 2176 mucnomnus
1423 2147 1435 2183 ]
1450 2145 1638 2185 Interfngffir

967 2184 1181 2214 acclamationes
1194 2184 1347 2224 stric‘losque
1363 2184 1473 2224 gladios
1496 2186 1533 2214 ad
1558 2186 1638 2221 prin-

255 2223 377 2263 ripuitse
391 2223 489 2263 posticri
503 2233 581 2260 parte
590 2224 701 2261 palatii.
722 2227 844 2262 Nempe
862 2236 929 2264 pro·
968 2225 1039 2261 sipia
1053 2223 1161 2254 devenir
1176 2238 1184 2253 :
1208 2224 1283 2253 obvio
1298 2235 1396 2263 quoque
1413 2235 1466 2254 non
1487 2225 1568 2254 alirer
1580 2249 1587 2259 ,
1603 2235 1637 2253 ac

254 2262 351 2301 ripuit
371 2263 399 2293 se
416 2263 530 2302 postici
549 2273 633 2303 parte
646 2264 750 2304 palatii
763 2288 771 2299 ,
792 2265 844 2294 ubi
867 2274 929 2295 erat
958 2264 987 2303 Ji
1001 2264 1120 2303 conscius
1145 2263 1174 2293 Er
1194 2264 1333 2301 particeps
1353 2263 1427 2300 soret
1444 2288 1452 2302 ,
1471 2264 1640 2295 adlzaer-snre.

256 2303 336 2332 aedes
371 2303 551 2342 Apollinis,
581 2305 615 2334 ὃ(

257 2342 406 2376 domum,
433 2343 591 2373 descendit
606 2343 637 2373 in
662 2343 839 2374 Velabrum.
859 2344 931 2374 Des-

648 2314 700 2342 pcr
727 2304 929 2334 Tiberianam
968 2306 1097 2335 Sueton.
1116 2303 1147 2333 in
1165 2304 1311 2340 Othone,
1327 2306 1377 2335 Vl.

1009 2345 1021 2362 ⁶
1044 2345 1186 2374 Rmmrw
1204 2345 1217 2381 ]
1235 2344 1413 2382 Feruntque
1426 2342 1641 2386 lupi-incipis,

255 2381 362 2412 census
380 2382 432 2412 illc
448 2382 546 2413 adhuc
571 2383 611 2413 est
630 2384 669 2413 ab
693 2382 791 2413 hortis
820 2384 931 2414 Farne-
970 2393 1036 2422 quae
1058 2392 1145 2413 crant
1160 2383 1193 2412 in
1212 2383 1311 2412 castris
1325 2391 1484 2421 prsetorus.
1504 2383 1547 2411 Dc
1564 2392 1644 2419 prm-

256 2419 346 2453 fianis
372 2421 459 2462 supra
486 2422 640 2462 templum
669 2423 707 2455 D.
739 2423 870 2462 Georgii
898 2416 955 2462 inl

971 2423 1060 2463 cipiis
1078 2422 1196 2456 dietum
1214 2422 1284 2455 sutis
1298 2422 1451 2469 Annali,
1469 2425 1520 2453 61.
1533 2429 1602 2451 not.
1614 2431 1647 2459 4·

1367 2463 1451 2516 Dij

1665 298 1696 322 A.
1707 299 1737 321 U.
1748 299 1777 322 C.

1687 343 1759 372 322.

1688 403 1711 426 J.
1730 402 1761 425 C.

1694 451 1747 486 69.
