2209 3047
451 286 566 300 z

454 314 483 337 Α.
496 314 564 337 unc.

472 361 542 395 823.

476 410 500 433 J.
511 410 541 433 C.

484 465 536 492 70.

876 181 924 221 C.
991 181 1360 223 CORNELII
1425 182 1695 226 TACITI

589 264 802 306 Phoenices
822 266 863 302 ὃς
884 277 1011 303 mare:
1033 264 1372 320 Septemtrionem
1389 278 1410 304 a
1426 261 1548 304 latere
1563 265 1682 318 Syriae
1705 270 1715 287 ¹
1728 263 1851 320 longe
1864 271 1974 323 pros..

588 328 759 383 perstant.
782 325 966 382 Corpora
985 328 1194 368 hominum
1217 326 1412 378 salubria,
1436 331 1476 367 ὃς
1497 327 1666 369 ferentia
1690 327 1895 369 laborum:
1917 347 1974 373 ra-

590 392 623 430 ri
655 389 828 440 imbres,
855 384 952 431 uber
981 390 1123 432 solum.
1151 390 1420 432 Exuberant⁸²
1448 390 1581 445 fruges
1607 392 1782 433 nostrum
1808 392 1857 433 ad
1883 408 1973 435 mo-

589 469 673 494 rem
702 458 712 482 ³
733 468 745 500 3
771 466 987 509 praeterque
1011 470 1076 495 eas
1095 454 1314 495 balsamum
1342 458 1382 494 &
1411 453 1564 510 palmae.
1585 454 1772 496 Palmetis
1794 458 1972 511 proceri-

589 530 647 558 tas
676 522 721 567 4,
752 521 795 557 &
820 517 954 558 decor.
984 517 1239 568 Balsamum,
1268 518 1429 559 modica
1448 517 1565 559 arbor
1581 523 1617 558 5:
1659 532 1704 559 ut
1726 519 1889 572 quisque
1909 535 1971 561 ra-

588 596 677 621 mus
701 582 890 621 intumuit
904 611 916 631 ‚
943 581 969 619 fi
988 583 1069 621 vim
1091 582 1182 621 ferri
1205 580 1389 621 adhibeas
1406 612 1418 632 ,
1447 595 1594 637 pavent
1615 596 1749 628 venae3
1770 582 1971 637 fragmine

588 643 731 700 lapidis
747 673 759 694 ,
788 657 856 684 aut
880 643 975 684 testzi
997 642 1248 700 aperiuntur:
1275 646 1419 685 humor
1440 644 1456 666 ⁶
1479 647 1521 685 in
1542 645 1614 685 usu
1637 645 1884 685 medentium
1905 647 1972 687 est.

588 708 836 763 Praecipuum
863 709 1062 747 montium
1085 708 1284 749 Libanum
1309 713 1323 735 ⁷
1348 709 1490 763 erigit,
1515 710 1659 748 mirum
1684 708 1788 749 dietu
1805 739 1817 759 ,
1838 722 1973 750 tantos

589 771 693 810 inter
720 771 879 810 ardores
901 785 1074 826 opacum
1097 771 1300 825 fidumque
1322 771 1479 812 nivibus
1506 768 1534 812 ⁸.
1566 772 1678 813 Idem
1697 787 1854 813 amnem
1877 773 1971 816 Jor-

589 833 733 874 danem
758 838 774 861 9
802 832 896 884 alit,
920 833 1142 888 funditque.
1166 837 1258 876 Nec
1279 835 1474 879 Jordanes
1497 834 1641 890 pelago
1665 836 1882 891 accipitur:
1905 836 1974 876 sed

590 912 712 937 unum
730 909 846 949 atque
863 895 1029 937 alterum
1047 897 1182 938 lacum
1200 903 1232 920 ¹0
1248 899 1404 952 integer
1421 899 1599 953 perfluit:
1624 899 1744 938 tertio
1765 899 1972 939 retinetur.

591 960 722 1001 Lacus
743 959 939 999 immenso
963 959 1115 1001 ambitu
1133 966 1162 983 ¹¹
1181 990 1195 1012 ,
1210 961 1342 1017 specie
1358 962 1500 1011 maris,
1518 961 1656 1017 sapore
1677 961 1971 1018 corruptior¹²‚

593 197 677 235 302

633 1109 641 1122 ¹
666 1104 801 1140 SYRJAE]
823 1102 1009 1142 Coelesyriae.
1303 1103 1380 1132 daia.
1414 1104 1462 1134 De
1497 1114 1561 1143 quo
1593 1103 1751 1143 eleganter
1775 1103 1890 1133 Plinius
1921 1104 1972 1142 V,

630 1147 642 1160 ⁷-
664 1142 856 1173 ExUBERAuT
869 1144 882 1180 ]
896 1143 991 1174 Forte
1006 1143 1159 1175 redundat
1170 1168 1178 1181 ,
1192 1155 1261 1173 exu-
1307 1154 1316 1172 1
1327 1153 1352 1183 5.
1375 1141 1510 1172 Jordanis
1533 1143 1623 1172 amnis
1644 1143 1730 1172 oritur
1749 1142 1848 1179 efonte
1862 1142 1972 1172 Panea-

590 1182 696 1211 herant.
715 1181 750 1210 Id
767 1180 851 1211 enim
867 1181 935 1212 satis
949 1182 1136 1222 intelligitur
1158 1194 1196 1214 ex
1216 1184 1260 1214 su-
1303 1181 1335 1211 de
1347 1205 1354 1212 .
1368 1204 1376 1211 .
1389 1205 1396 1212 .
1422 1183 1513 1212 amnis
1535 1192 1676 1219 amoenus,
1702 1181 1732 1211 [r
1751 1190 1884 1220 quatenus
1901 1182 1975 1211 Ioco-

591 1219 784 1261 perioribus,
803 1220 867 1249 uber
880 1221 978 1260 fhlum.
1085 1219 1089 1222 ’
1302 1232 1359 1250 rum
1371 1221 1447 1261 fiius
1471 1222 1595 1259 paritur,
1625 1221 1803 1260 amfficiqsus,
1828 1220 1974 1260 accolistyue

632 1265 641 1286 3
667 1261 827 1290 NOSTRUM
851 1271 892 1290 AD
912 1262 1049 1298 MOREM]
1063 1262 1164 1292 Judaea
1177 1263 1263 1293 enim
1293 1261 1324 1300 st'
1346 1261 1490 1299 proebens,
1507 1261 1580 1290 velut
1602 1261 1726 1298 invitus,
1747 1260 1921 1300 Asphaltiten
1937 1260 1975 1289 Iu·

593 1299 751 1330 frumento
768 1323 777 1335 ,
805 1299 925 1338 vineis,
950 1301 985 1331 ὃ(
1011 1301 1087 1331 oleis
1104 1303 1262 1340 abundat,

592 1347 628 1370 ut
642 1340 675 1369 &
688 1338 786 1368 Italia.

630 1383 645 1401 4
667 1379 822 1408 Primus
845 1381 1069 1417 noemin-As]
1094 1380 1173 1410 Inde
1194 1381 1263 1419 pal-

592 1427 660 1453 ma,
680 1416 703 1445 le
717 1416 833 1453 palmier
847 1441 856 1454 ‚
885 1417 946 1448 fuit
973 1419 1092 1457 semper
1112 1421 1263 1460 praecipua

591 1457 675 1486 inter
695 1456 836 1495 symbola
868 1457 1042 1496 decoraque
1074 1459 1193 1489 Judaeae.
1228 1461 1261 1489 ln

591 1495 790 1525 Samaritanis
801 1496 978 1526 Judaeorum
994 1497 1129 1527 nummis
1142 1499 1264 1537 expres—

590 1535 619 1565 sa
638 1535 740 1573 palma
769 1534 846 1573 saepe
867 1535 1014 1566 occurrit.
1035 1537 1081 1565 De
1108 1537 1264 1575 palmeto-

591 1584 659 1604 rum
679 1574 882 1611 nemoribus,
900 1575 1133 1614 palmarumque
1156 1577 1264 1607 natura

591 1613 665 1644 vide
679 1613 814 1643 Plinium
835 1616 879 1650 V,
897 1625 933 1652 ¹4
945 1615 978 1645 &
1002 1625 1048 1654 ¹7·
1070 1616 1160 1652 XIII,
1177 1628 1207 1654 4.

635 1659 643 1679 5
667 1654 867 1689 Busmmm,
889 1665 1014 1684 monrcA
1038 1656 1172 1692 Annon]
1195 1656 1265 1686 Mo-

592 1692 662 1722 dica
686 1692 814 1731 quidem
833 1693 946 1733 arbor,
971 1693 1022 1723 sed
1054 1693 1180 1725 curiosae
1202 1705 1265 1725 na-

592 1740 666 1762 turae
679 1755 688 1768 ,
705 1730 896 1770 maximique
912 1732 1002 1770 pretii
1014 1743 1021 1762 t
1035 1733 1168 1771 primum
1183 1733 1265 1765 inter

593 1771 790 1807 Judaeorum‚
811 1770 926 1801 deinde
948 1772 1028 1802 inter
1050 1773 1185 1803 Romani
1201 1774 1264 1804 fisci

595 1820 669 1848 opes
694 1810 946 1849 celebratiffima;
972 1811 1010 1841 de
1033 1812 1093 1850 quai
1118 1823 1191 1852 ergo
1217 1813 1265 1842 di—

594 1849 738 1887 ligentius
753 1850 931 1880 dicendum.
951 1850 1030 1881 Vide
1050 1853 1149 1882 Notas
1174 1853 1207 1883 ὃς
1224 1854 1265 1882 E-

596 1889 815 1927 mendatioues
837 1889 876 1918 ad
898 1889 971 1919 Hist.
989 1892 1032 1925 V,
1055 1894 1085 1920 6.

633 1929 646 1946 ⁶
668 1929 788 1958 Humor<
807 1929 820 1964 ]
839 1929 937 1965 Quod
962 1929 1196 1967 opobalsamum
1217 1930 1265 1960 di-

594 1968 730 1998 cebatur.
747 1968 792 1998 De
816 1967 938 1998 medica
952 1968 986 1998 vi
997 1969 1124 2000 balsami
1140 1969 1265 1999 distinc-

594 2009 627 2036 t'e
649 2005 764 2036 Plinius
791 2007 870 2043 XII,
899 2017 949 2046 25.
969 2006 1089 2038 corticis
1120 2009 1203 2038 etiam
1229 2009 1265 2038 ad

594 2044 791 2074 medicamenta
806 2046 921 2082 pretium
931 2048 1087 2085 :praecipucz
1101 2057 1190 2077 autem
1199 2059 1266 2088 gra-

594 2085 635 2113 tia
657 2084 783 2124 lacrymae
796 2085 940 2123 ,secunda
955 2087 1077 2125 jemini,
1096 2088 1179 2117 tertia
1204 2098 1266 2117 cor-

593 2124 662 2162 tici,
683 2124 795 2152 minima
815 2124 900 2163 ligno.

635 2169 648 2189 7
671 2163 848 2200 meum]
872 2166 965 2196 Nunc
989 2175 1134 2206 quoque,
1154 2165 1177 2194 le
1192 2175 1266 2195 mont

595 2201 709 2240 Liban3
730 2212 872 2233 montem
894 2204 927 2234 in
943 2205 1025 2235 saera
1040 2205 1194 2245 Scriptura
1214 2216 1267 2236 ce-

595 2241 835 2272 lebratiffimum.

636 2281 648 2301 ⁸
671 2283 807 2312 opicum
831 2292 994 2319 rmquuss
1017 2294 1143 2315 mvrnus
1165 2288 1176 2318 ]
1206 2284 1267 2314 Ni-

596 2331 669 2352 vem
682 2320 797 2352 Libani
807 2330 960 2352 memorat
970 2323 1115 2354 Jeremiae
1126 2347 1133 2359 ,
1151 2325 1264 2359 XVIII,

600 2372 647 2398 14.
670 2362 744 2391 Eam
764 2371 829 2391 non
846 2361 979 2392 deficere
1001 2363 1131 2393 minime
1153 2363 1265 2393 mirum

596 2400 628 2431 in
652 2400 707 2430 hac
724 2399 812 2430 tanti
833 2401 949 2431 montis
969 2401 1147 2432 altitudine.

1301 1311 1360 1329 cum
1388 1300 1475 1329 dirum
1491 1302 1594 1330 nazarci
1620 1301 1708 1337 perit,
1732 1310 1750 1329 a
1776 1310 1824 1338 quo
1848 1299 1975 1339 postremd

1301 1339 1432 1376 ebibitur,
1448 1341 1579 1380 aqua-filice
1599 1339 1731 1369 laudatas
1747 1338 1839 1376 perdit
1847 1339 1976 1378 pestilen-

1302 1379 1373 1409 ribus
1390 1381 1502 1408 mixtas.

1340 1424 1369 1438 ¹0
1389 1420 1482 1449 Unum
1517 1430 1619 1453 ATQUE
1652 1428 1805 1448 ALTERUM
1836 1419 1973 1456 ιΑευΜ]

1300 1461 1391 1489 Vere.
1421 1458 1523 1488 Primo
1548 1458 1632 1488 enirn
1659 1456 1901 1487 Samachoniten
1928 1457 1975 1487 la-

1302 1507 1373 1527 cum
1387 1521 1395 1534 ‚
1410 1497 1460 1527 seu
1480 1507 1573 1536 aquas
1584 1498 1707 1527 Merom
1720 1520 1729 1531 ‚
1749 1506 1832 1526 nunc
1848 1495 1975 1524 [ές-νηπί-

1302 1547 1394 1565 maron
1408 1560 1416 1571 ‚
1437 1536 1471 1566 ὃς
1491 1537 1592 1566 lacum
1613 1535 1800 1566 Genesareth
1813 1559 1821 1571 ‚
1844 1534 1894 1564 seu
1907 1545 1974 1564 ma-

1303 1587 1334 1606 re
1354 1575 1530 1605 Tiberiadis
1544 1599 1552 1611 ‚
1565 1585 1647 1606 nunc
1662 1574 1689 1603 la
1701 1585 1757 1603 mer
1767 1573 1799 1602 de
1810 1573 1976 1612 Tiberiade,

1303 1615 1409 1654 integer
1432 1614 1551 1654 perfluit.

1346 1660 1369 1673 ¹¹
1396 1655 1502 1684 LAcus
1525 1664 1665 1684 immenso
1688 1653 1830 1689 AMEITU]
1850 1651 1975 1683 Tertius

1303 1693 1354 1724 hic
1367 1694 1448 1724 lacus
1472 1693 1512 1724 est
1528 1694 1609 1723 lacus
1628 1691 1812 1732 Asphaltites
1824 1714 1833 1727 ‚
1854 1691 1908 1730 qui
1928 1702 1979 1722 ac-

1304 1733 1382 1764 colis
1406 1732 1519 1764 dicitur
1540 1732 1662 1761 Bahhrer
1681 1731 1789 1767 Lourlz‚
1811 1730 1844 1759 id
1869 1732 1910 1760 est
1930 1731 1976 1761 la-

1304 1784 1356 1803 cus
1384 1773 1467 1807 Lot,
1492 1772 1585 1803 nobis
1615 1771 1711 1811 vulgo
1738 1771 1765 1800 Ia
1792 1779 1847 1797 mer
1872 1769 1976 1800 Morte.

1303 1813 1395 1842 Juxta
1418 1811 1555 1842 Plinium
1575 1813 1621 1848 V,
1651 1815 1708 1847 16,
1730 1807 1900 1849 longitudine
1925 1819 1976 1838 ex-

1305 1850 1376 1880 cedit
1397 1860 1504 1879 centum
1525 1850 1570 1880 M.
1587 1850 1707 1890 paſjuum
1720 1873 1728 1884 ‚
1754 1847 1900 1878 latitudine
1914 1858 1976 1876 ma-

1301 1891 1376 1919 xim-”2
1404 1888 1497 1920 XXV
1527 1889 1637 1926 implet,
1661 1889 1773 1918 minimci
1793 1888 1855 1926 sex.
1885 1888 1976 1918 Pater

1302 1931 1372 1960 Nau
1385 1952 1394 1965 ,
1416 1929 1649 1960 accuratiffimus
1665 1930 1768 1959 Terrae
1784 1929 1896 1957 Sanetae
1917 1927 1976 1956 ins-

1302 1971 1408 2009 postor
1419 1993 1427 2005 ,
1443 1969 1556 2009 Voyage
1573 1978 1695 1997 nouveau
1707 1967 1777 1996 dela
1791 1965 1875 1995 Terre
1887 1965 1975 1995 Sain-

1303 2018 1346 2045 τε,
1363 2009 1403 2038 IV
1413 2032 1421 2045 ‚
1433 2011 1448 2038 8
1462 2032 1470 2044 ‚
1483 2008 1525 2039 ait
1541 2018 1668 2047 quoque
1683 2008 1785 2037 lacum
1795 2005 1876 2036 hunc
1888 2014 1976 2043 pate-

1304 2058 1334 2078 re
1347 2056 1479 2087 quatuor
1488 2049 1521 2078 &
1533 2046 1647 2087 viginti
1662 2045 1897 2089 circiterleucas²
1907 2045 1975 2076 lon-

1304 2087 1462 2127 gitudine,
1482 2087 1555 2117 duas
1572 2085 1671 2117 tresve
1684 2085 1777 2116 variis
1790 2084 1823 2114 in
1836 2085 1914 2114 locis
1931 2084 1977 2114 la-

1305 2126 1450 2157 titudine.

1347 2171 1374 2185 ¹²
1386 2168 1508 2195 Siwomz
1524 2175 1727 2195 CORRUPTmR
1739 2166 1750 2201 ]
1764 2163 1852 2193 Idem
1865 2162 1976 2194 testan-

1306 2214 1353 2235 tur
1374 2205 1508 2235 viatores
1529 2214 1649 2235 omnes.
1666 2205 1814 2242 Expertus
1839 2204 1914 2233 veri>
1935 2202 1975 2232 est

1305 2245 1445 2284 princeps
1464 2243 1605 2274 Radzivil
1618 2267 1627 2280 ‚
1647 2242 1872 2282 Jerofhiymirana
1892 2251 1975 2278 pere-

1303 2284 1444 2324 g7·inati0‚
1464 2294 1530 2324 pag.
1558 2287 1606 2319 96.
1630 2282 1724 2311 Lacus
1749 2291 1845 2320 aquam
1872 2280 1974 2309 colores

1306 2324 1478 2360 variantem,
1499 2322 1578 2353 valde
1588 2322 1697 2361 spiffizm
1721 2320 1750 2350 ὓ*
1763 2320 1904 2357 faetentem
1922 2319 1973 2364 ᾖα.-

1306 2362 1349 2392 ber
1361 2387 1369 2399 ‚
1390 2373 1448 2401 quae
1462 2362 1593 2401 guttatim
1603 2360 1741 2406 degustata
1754 2383 1763 2396 ,
1777 2368 1855 2395 prout
1866 2358 1974 2387 amabis

1299 2402 1403 2439 fidium
1419 2401 1541 2446 linguam
1560 2409 1690 2429 atrociter
1707 2398 1826 2435 mordet,
1846 2398 1875 2427 [⁷-
1891 2407 1973 2434 caput

634 2444 647 2463 9
668 2442 787 2471 AMNEM
808 2441 981 2490 Jonnpuem
995 2442 1009 2479 ]
1025 2442 1055 2473 N
1059 2451 1118 2474 unc
1144 2439 1168 2470 le
1183 2439 1267 2471 Jour-
1302 2441 1388 2482 gravi
1401 2440 1572 2480 pestiferoque
1587 2438 1666 2469 odore
1690 2438 1859 2470 vehementer
1874 2438 1972 2477 inficit.

2007 844 2055 874 10
