2209 3047
138 507 164 552 5

115 825 166 852 10

316 165 399 207 AD
432 166 658 208 LIBRUM
693 164 968 221 QUINTUM
1003 161 1427 206 HISTORIARUM.
1483 173 1566 214 345

969 249 982 265 2

184 247 324 289 omnIa
351 249 463 289 versa
491 254 500 271 ¹
520 279 533 299 ‚
560 262 769 302 aratroque
792 247 941 288 foedata
989 276 997 285 .

251 311 427 352 XLIII.
461 313 577 352 TUM
594 313 711 352 Titus
725 342 737 362 ‚
763 308 922 352 laudata
935 339 947 359 ,
962 323 1034 364 pro
1052 310 1254 349 concione
1269 338 1280 358 ,
1300 307 1475 348 militum
1490 308 1571 346 vir-

185 386 271 414 tute
287 404 299 424 ‚
325 375 625 415 strenuissimum
649 389 846 429 quemque
886 371 1066 413 laudibus
1094 372 1339 426 praemiisque
1367 370 1517 412 attollit
1542 375 1570 411 ³.

185 437 293 478 Mox
313 438 493 479 vi&rices
514 437 695 493 legiones
716 439 770 478 ita
789 435 1008 486 distribuit,
1033 447 1077 475 ut
1099 434 1256 474 decima
1277 436 1315 473 in
1337 434 1470 478 Judaefi
1491 449 1573 474 ma-

188 514 327 551 neret,
356 501 596 542 duodecima
626 513 778 556 peteret
806 498 1033 540 Melitenen
1057 503 1076 526 4
1091 527 1104 548 ,
1132 498 1271 550 quinta
1299 501 1339 536 ὅ(
1362 496 1575 550 quintade—

187 564 293 604 cima
315 563 383 604 fibi
408 566 542 620 praesto
569 564 718 613 essent,
746 563 878 603 donec
903 564 944 602 in
967 563 1193 617 AEgyptum
1219 560 1386 599 veniret.
1411 559 1574 600 Deinde

188 626 407 668 Caesaream
429 633 441 659 5
466 627 635 669 discessit
649 655 662 676 ,
687 627 901 666 Orientem
922 625 1162 665 lustraturus.
1176 621 1317 662 Missus
1340 623 1471 677 postea
1492 623 1574 662 Lu-

188 688 304 731 cilius
329 691 463 731 Bassus
488 690 532 740 ⁶‚
565 691 660 743 qui,
688 704 771 743 qua:
794 691 835 729 in
862 689 994 732 Judaea
1024 688 1281 744 supererant,
1313 699 1574 740 expugnaret.

187 750 316 808 Capta
336 754 614 794 Machaerunte
641 757 683 802 ⁷,
710 751 833 793 altera
849 751 990 796 Judaeoe
1017 766 1133 800 arce,
1158 763 1244 791 tota
1269 749 1381 802 regio
1407 762 1576 788 venum-

189 814 280 858 data
307 812 336 856 ³.
358 815 485 861 Judaei
512 829 647 857 autem
669 814 755 868 juffi
782 832 804 854 (ε
828 813 991 870 singulis
1013 815 1125 856 annis
1145 814 1241 859 Jovi
1264 810 1500 868 Capitolino
1523 810 1578 851 bi-

234 983 243 998 ¹
269 979 400 1009 CETERA
433 987 537 1008 omum
567 986 673 1009 vnnsa
692 978 706 1015 ]
751 976 863 1008 Cetera

193 1017 301 1048 omnia
319 1017 401 1047 urbis
418 1017 461 1047 ita
480 1016 565 1047 versa
577 1016 664 1052 sunt,
679 1025 711 1046 ut
732 1026 771 1046 ne
797 1027 865 1047 um-

191 1066 285 1095 quam
312 1057 439 1096 quidem
456 1056 625 1087 habitatam
644 1056 729 1086 fuiffe
751 1055 805 1086 vix
828 1056 864 1086 fi-

192 1096 264 1126 dem
287 1096 417 1134 amplsus
437 1095 552 1126 faceret
572 1098 610 1126 co
632 1095 865 1126 accedentibus.

192 1135 240 1164 'rhu
258 1137 292 1172 οἵ
307 1134 375 1164 ἆθλον
397 1135 495 1166 bc'mcu'loe
506 1138 526 1165 «ἵ
547 1136 643 1166 minem<
655 1134 784 1174 πεςίὲολσν
801 1136 866 1166 §rme

192 1174 352 1212 ἔξωμίιλω-ων
364 1176 383 1203 oi
396 1175 605 1206 κοιἼσισ-κῖιπἹονἾες
619 1197 627 1210 ,
642 1177 673 1206 ὡς
684 1174 753 1211 pen&
766 1174 866 1203 πώποτ’

193 1216 316 1250 οἷκηθὶἷνοι]
329 1213 397 1245 πῖςιν
410 1215 438 1243 {cu
459 1214 496 1244 ’ἔτι
521 1216 652 1253 παεφχεῖν
677 1216 730 1245 τοῖς
752 1223 867 1253 reynh-

194 1255 260 1283 οέσ-ι.
276 1253 402 1292 joseph.
417 1254 483 1283 Bell
505 1253 575 1285 Jud.
590 1255 645 1284 Vll
658 1277 667 1290 ‚
695 1264 719 1283 1.
739 1263 824 1284 num.
842 1264 866 1282 1.

193 1292 362 1336 Templum
373 1303 501 1332 quoque
510 1294 589 1324 adeo
604 1293 791 1327 eversum,ut
800 1303 869 1331 pau-

193 1341 237 1363 cls
263 1332 328 1370 post
343 1340 462 1370 captam
480 1333 588 1362 urbem
605 1333 712 1363 diebus
723 1356 731 1368 ,
745 1335 815 1362 c'um
825 1332 868 1362 Si-

195 1381 274 1402 mon
286 1394 295 1406 ,
311 1370 392 1401 farne
402 1371 516 1407 vietus,
533 1382 549 1402 e
566 1371 718 1401 cuniculis
742 1371 867 1406 existet,

195 1409 354 1441 emerserit
375 1409 407 1439 in
425 1410 531 1441 locum
547 1411 601 1440 ubi
623 1410 774 1448 templum
789 1412 868 1440 ante

194 1448 304 1480 fuerat.
325 1451 391 1479 Κατ’
410 1451 482 1479 aba-bv
495 1450 608 1481 ἒκεῖνοννῗ-
620 1450 695 1479 τόπον
708 1450 757 1488 6νῷ
769 1450 797 1478 ‘130
810 1449 868 1489 Zegbu

196 1488 220 1521 ἶν
234 1489 334 1528 πρᾶοθεν
349 1492 376 1520 ἐκ
389 1493 436 1524 γὶἷς
448 1490 564 1527 ἀνεφάνη.
576 1489 698 1527 JOseph.
709 1489 784 1519 Bell.
799 1489 867 1518 Jud.

196 1529 274 1565 Vll,
296 1539 324 1558 2.
345 1528 395 1558 Sic
409 1528 614 1567 adimpletum
631 1529 718 1567 quod
735 1529 773 1558 dc
790 1536 869 1558 rem-

903 976 995 1008 taffe:
1017 975 1053 1006 iis
1087 974 1181 1006 etiam
1208 984 1246 1005 ex
1270 973 1425 1004 manubiis
1446 983 1553 1004 aurum
1568 994 1578 1009 ‚

903 1025 1088 1056 argentum,
1112 1016 1229 1050 vestes,
1263 1014 1478 1052 reliquamque
1505 1023 1579 1051 prae-

905 1058 976 1087 dam
1007 1056 1131 1094 largiter
1162 1053 1367 1084 distribuisse:
1392 1062 1459 1083 rum
1487 1052 1581 1082 fausta

906 1095 1013 1127 omnia
1034 1094 1184 1125 exercitui
1206 1101 1381 1132 precatum,
1402 1102 1457 1131 pro
1481 1092 1582 1121 vie'to-

905 1136 949 1166 ria
970 1133 1166 1165 sacrificass'e:
1184 1142 1327 1171 magnam
1349 1133 1446 1162 boum
1468 1130 1581 1161 multi-

906 1175 1047 1206 tudinem
1058 1174 1096 1203 ad
1110 1183 1172 1203 aras
1191 1174 1352 1201 mactatam
1364 1194 1372 1205 ‚
1386 1180 1479 1210 quam
1491 1170 1580 1200 dein-

907 1215 945 1245 de
974 1213 1124 1244 exercitui
1157 1212 1195 1242 ad
1222 1211 1325 1249 epulas
1355 1209 1482 1240 divisit:
1510 1219 1582 1240 eum

907 1255 1033 1284 demum
1048 1263 1119 1283 cum
1140 1250 1281 1282 exercitu
1294 1250 1327 1279 in
1345 1248 1507 1280 conviviis
1526 1259 1581 1288 pet

907 1293 1046 1324 triduum
1065 1292 1122 1322 else
1144 1291 1310 1321 versatum.

943 1337 958 1356 4
979 1333 1162 1362 Metti-nunu
1177 1332 1190 1368 ]
1206 1327 1407 1367 Joseph.Bell
1430 1327 1582 1364 Jud.V11‚

912 1383 936 1401 1.
957 1381 1043 1401 num.
1073 1382 1098 1408 3.
1119 1370 1167 1400 Ad
1187 1368 1362 1407 Euphraten
1382 1367 1415 1396 in
1438 1366 1583 1397 confinio

907 1410 1063 1441 Armeniae
1083 1410 1117 1441 &c
1136 1407 1344 1448 Cappadociae
1365 1406 1418 1437 fita
1431 1406 1471 1436 est
1488 1405 1583 1436 Meli—

908 1459 999 1485 tene,
1020 1449 1116 1480 hodie
1131 1448 1270 1478 Malana.

951 1495 960 1517 5
987 1489 1199 1526 Csrsanmm]
1236 1487 1373 1518 Primum
1412 1485 1584 1516 Caesaream

908 1528 1097 1559 maritimam
1110 1551 1117 1563 ‚
1141 1528 1191 1558 seu
1216 1527 1384 1557 Caesaream
1405 1524 1558 1555 Palel'tinae
1575 1547 1585 1561 ‚

195 1567 250 1607 plo
264 1567 444 1606 praedixerat
452 1568 534 1598 Jesus
546 1568 679 1598 Christus
691 1567 796 1596 :Amen
806 1567 866 1596 dico

195 1606 293 1644 vohis,
307 1617 361 1635 non
381 1606 546 1645 relinquetur
558 1608 602 1636 hic
622 1607 694 1643 lapis
707 1606 869 1645 fizperlapi-

196 1646 256 1676 dem
268 1670 277 1682 ‚
296 1646 339 1685 qui
350 1656 402 1675 non
418 1646 578 1686 destruatur.
592 1646 701 1677 Matth.
711 1647 826 1682 XXIV,
840 1657 868 1676 2.

237 1691 249 1705 ²
272 1687 470 1721 ARATROQUE
494 1688 646 1724 rmum]
667 1687 712 1716 Ex
734 1685 787 1715 usu
804 1686 871 1716 Ro-

196 1735 303 1756 mano.
322 1726 398 1755 Inde
411 1725 479 1756 sane
501 1727 537 1756 R.
562 1725 662 1756 Moses
683 1725 871 1756 Maiemoni-

199 1766 269 1800 des,
294 1765 414 1795 Kalaka
437 1771 559 1800 rwwl'l
590 1776 656 1804 cap.
683 1775 708 1804 5.
736 1775 821 1794 num.

198 1804 342 1844 quintam
374 1804 485 1842 jejunii
518 1804 620 1844 quinti
648 1804 758 1835 mensis
777 1827 785 1839 ‚
822 1803 872 1834 seu

199 1843 311 1874 mensis
337 1844 404 1881 Ab,
430 1843 548 1874 causam
578 1844 686 1880 affert,
711 1844 797 1883 quod
821 1843 873 1872 im-

198 1883 261 1922 pius
287 1882 399 1912 Turnus
425 1882 514 1920 Rufus
546 1893 580 1912 ex
609 1883 718 1923 regibus
743 1882 872 1912 Idumaeis

198 1923 295 1952 aravit
311 1922 401 1959 templi
412 1922 499 1961 fialam
524 1920 554 1951 Cr
574 1933 622 1960 per
643 1922 786 1952 circuitum
805 1923 872 1960 ejus.

198 1962 245 1992 Ex
266 1972 354 1992 more
373 1962 609 1998 Rabbinorum,
630 1962 682 2002 qui
698 1962 794 2001 vulgo
816 1972 871 1992 no-

201 2001 286 2032 mina
311 2001 418 2032 omnia
440 2003 631 2041 depravant,
653 2003 795 2032 Turnum
811 2002 874 2031 Ru-

202 2039 268 2070 fum
277 2050 331 2079 pro
344 2041 496 2073 Terentio
511 2041 592 2072 Rufo
603 2065 612 2077 ‚
627 2042 664 2072 de
674 2052 736 2086 quo
750 2040 872 2079 Joseph.

201 2079 280 2110 Bell.
301 2080 369 2112 Jud.
387 2082 443 2112 VIl
458 2105 466 2118 ,
486 2093 515 2112 2.
538 2081 617 2112 dixit
637 2080 873 2111 Maiemonides.

202 2119 322 2158 Regum
357 2130 482 2159 quoque
510 2121 718 2151 Idumaeorum
739 2119 871 2150 nomine

203 2159 407 2197 Imperatores
429 2161 588 2190 Romanos
612 2159 792 2199 designavit.

243 2202 254 2224 ³
279 2199 479 2234 PnffimnsQurz
502 2202 683 2237 Αττοιιιτ]
703 2200 788 2228 Hanc
810 2199 874 2228 Ro-

203 2246 369 2268 manorum
388 2237 647 2268 consuetudinem
666 2239 769 2268 laudat
782 2237 875 2276 pluri-

202 2279 290 2320 mum
309 2276 457 2316 josephus
471 2278 546 2307 Bell.
567 2278 636 2308 Jud.
652 2279 707 2309 Vll
720 2301 728 2313 ,
750 2288 773 2307 ι.
789 2287 874 2307 num.

206 2326 235 2354 3.
253 2318 305 2346 Ait
321 2316 429 2346 Titum
449 2327 502 2347 eos
520 2317 644 2348 donall'e
671 2316 798 2347 coronis
821 2326 876 2347 au-

205 2354 284 2391 reis,
313 2356 478 2394 torquibus
501 2356 600 2386 aureis
619 2381 627 2393 ,
662 2355 750 2386 hastis
773 2355 875 2395 longis

909 1579 991 1599 nunc
1002 1567 1113 1606 Cejfizre‘e
1123 1589 1131 1602 ‚
1144 1567 1260 1597 deinde
1275 1566 1444 1596 Caesaream
1464 1563 1587 1602 Philip-

908 1608 955 1647 pi,
980 1607 1092 1637 dietam
1106 1609 1178 1637 ante
1196 1607 1346 1641 paneam,
1359 1615 1441 1634 nunc
1458 1602 1585 1640 Banias,

908 1646 995 1678 adiit.
1015 1645 1137 1684 Joseph.
1152 1645 1231 1676 Bell.
1249 1645 1319 1675 Jud.
1342 1645 1396 1675 Vll
1411 1667 1418 1679 ,
1441 1654 1469 1673 2.

948 1688 961 1706 ⁶
985 1687 1138 1716 Lucmus
1161 1687 1275 1715 Bassus
1303 1686 1316 1721 ]
1349 1682 1473 1721 Joseph.
1505 1681 1586 1711 Bell.

909 1726 980 1756 Jud.
1003 1727 1077 1761 VII,
1104 1729 1132 1755 6.
1154 1735 1239 1754 num.
1264 1735 1288 1754 1.
1308 1725 1334 1753 Is
1359 1722 1460 1761 primo
1485 1721 1587 1752 Hero-

845 1775 870 1801 3-
911 1766 1018 1802 dium,
1048 1764 1151 1795 Plinio
1175 1767 1220 1800 V,
1247 1774 1300 1800 14,
1322 1761 1446 1799 oppidum
1464 1759 1587 1798 illustre,

911 1805 991 1835 haud
1010 1804 1118 1843 procul
1138 1804 1176 1833 ab
1194 1803 1269 1833 urbe
1290 1801 1475 1837 Jerusalem,
1499 1799 1587 1830 dein-

912 1845 950 1875 de
973 1843 1214 1874 Machaeruntem
1235 1842 1327 1879 cepit.

952 1890 965 1910 7
987 1883 1239 1918 MACHAERUNTE]
1259 1880 1443 1914 Machaerus,
1458 1878 1587 1909 castrum

913 1923 1128 1962 oppidumque
1143 1922 1174 1952 in
1198 1921 1282 1952 tribu
1303 1921 1413 1950 Ruben
1435 1919 1472 1948 ab
1489 1919 1588 1948 Hero·

913 1963 951 1993 de
969 1963 1002 1992 in
1025 1973 1099 2001 rupe
1121 1961 1295 1992 munitum:
1320 1959 1365 1990 ibi
1384 1957 1473 1989 caesus
1491 1959 1588 1988 Joan-

914 2013 966 2032 nes
988 2002 1130 2039 Baptista.
1148 2001 1263 2031 Plinius
1278 2002 1325 2035 V,
1351 2001 1395 2028 16.
1409 1996 1588 2033 Machmas,

915 2052 998 2072 nunc
1020 2039 1284 2078 Jlslasbr·a‚ftcunrla
1305 2037 1439 2078 quondam
1461 2045 1515 2066 arx
1531 2039 1588 2067 Ju-

915 2081 1001 2116 daeae,
1023 2077 1275 2120 ab'Hierofhlymis.

954 2121 966 2140 ⁸
989 2123 1193 2151 Vanumorm
1215 2120 1229 2157 ]
1261 2117 1381 2157 loseph.
1413 2115 1490 2147 Bell.
1516 2115 1588 2145 Jud.

912 2161 988 2194 vn,
1008 2163 1037 2190 6.
1065 2169 1150 2190 num.
1174 2163 1205 2189 6.
1241 2158 1339 2189 Caesar
1356 2156 1400 2200 ad·
1429 2155 1589 2186 Lucilium

913 2199 1051 2234 Bassum,
1076 2200 1111 2230 ὃ(
1134 2198 1297 2229 Liberium
1318 2197 1510 2230 Maximum,
1536 2195 1588 2223 Ju-

914 2240 983 2268 daeae
1006 2246 1242 2278 procuratorem
1261 2261 1270 2275 ‚
1297 2234 1410 2274 scripsit
1429 2246 1438 2272 3
1462 2235 1495 2264 ὃς
1523 2232 1589 2270 jnffi

914 2278 982 2308 sunt
994 2289 1045 2309 om
1052 2278 1303 2308 nernJudaeorum
1315 2284 1429 2307 terram
1439 2273 1589 2303 vendere.

915 2317 1041 2348 Nullam
1068 2317 1100 2347 in
1122 2316 1157 2348 ea
1188 2318 1298 2348 urbem
1324 2313 1489 2356 condidit,
1514 2322 1589 2350 pro-

915 2357 1015 2396 prium
1037 2356 1092 2387 fibi
1108 2367 1213 2396 agrum
1229 2357 1402 2387 reservans:
1421 2355 1590 2389 octingen-

207 2393 304 2437 afflseis
321 2418 330 2430 ‚
358 2394 509 2436 signisque
538 2403 669 2435 argento
702 2394 811 2431 thais,
842 2396 876 2426 &
916 2396 1083 2427 tistantum
1094 2397 1248 2426 veteranis
1261 2389 1590 2433 Emrnaunte111‚h9die

207 2432 441 2474 uniuscujusque
465 2435 611 2468 ordinem
626 2435 659 2467 in
678 2434 791 2467 melius
808 2444 877 2466 mu·
916 2446 1044 2477 quoque
1063 2434 1216 2474 Emmaus,
1232 2432 1436 2466 incolendam
1456 2429 1553 2462 dedit.

304 2476 342 2518 T
338 2493 411 2521 om.
430 2480 508 2524 III.

1349 2475 1442 2516 Xx

1592 252 1708 268 π

1593 287 1624 311 Α.
1634 287 1663 309 U.
1675 286 1708 310 C.

1615 335 1687 371 823.

1617 387 1639 410 J.
1651 386 1682 410 C.

1625 443 1676 471 7ο-
