2209 3047
499 276 613 287 ‘-

499 303 529 326 Α.
541 304 570 325 ι’.
582 303 610 325 c.

522 351 593 384 323.

522 401 544 422 J.
563 400 593 424 C.

527 455 578 483 70.

636 180 719 214 288
885 174 933 214 C.
1000 173 1409 216 CORNELII
1472 174 1759 218 TACITI

632 258 724 297 teris
752 256 922 311 AEgypti
946 254 1147 297 columen.
1174 256 1309 296 Deum
1329 254 1458 310 ipsum
1482 260 1491 276 ¹
1516 254 1633 294 multi
1656 271 1677 293 «
1700 255 2007 313 AEsculapium3

631 319 772 373 »quod
796 318 1000 359 medeatur
1025 320 1134 374 aegris
1160 317 1393 374 corporibus
1416 332 1459 364 »3
1480 318 1639 371 quidam
1669 335 1691 354 «
1713 319 1845 359 Osirin
1860 349 1873 370 ,
1903 323 2006 361 anti-

633 381 887 436 »quissimum
902 380 981 423 illis
1005 381 1188 437 gentibus
1218 395 1367 420 numen
1391 394 1434 426 »3
1456 380 1633 436 plerique
1648 398 1669 417 «
1685 381 1830 425 Jovem
1845 411 1858 432 ,
1884 396 1927 422 ut
1946 398 2006 423 re-

630 463 651 483 >)
663 461 750 485 rum
778 446 955 485 omnium
988 458 1195 501 potentem
1227 458 1271 490 »3
1299 442 1461 499 plurimi
1487 460 1508 480 «
1535 444 1675 484 Ditem
1709 458 1885 499 patrem,
1916 445 2006 484 infi-

629 508 826 564 »gnibus‚
845 523 927 562 quae
945 510 986 548 in
1006 509 1091 563 ipso
1113 507 1313 547 manifesta
1331 524 1375 556 »‚
1395 521 1461 547 aut
1478 521 1547 562 per
1563 506 1747 561 ambages
1767 505 2005 559 conjectant.

691 572 934 613 LXXXV.
969 572 1041 610 AT
1067 571 1324 611 Domitianus
1348 570 1642 623 Mucianusque
1657 598 1670 620 ,
1697 584 1908 624 antequam
1932 569 2006 610 Al-

630 634 744 691 pibus
769 636 1109 691 propinquarent,
1138 633 1346 689 prosperos
1371 648 1501 673 rerum
1535 634 1576 672 in
1602 633 1787 673 Treveris
1813 634 2006 686 gestarum

630 699 792 738 nuntios
820 711 1024 752 accepere.
1052 697 1254 751 Praecipua
1278 697 1448 736 viCtoriae
1473 695 1568 736 fides
1584 724 1596 745 ,
1627 696 1707 736 dux
1729 696 1900 736 hostium
1921 697 2005 737 Va-

628 760 803 801 lentinus
827 764 842 780 ²
856 789 868 809 ,
889 773 1137 813 nequaquam
1160 757 1312 810 abje&o
1335 760 1468 799 animo
1483 789 1495 809 ,
1517 773 1615 812 quos
1638 758 1794 813 spiritus
1814 759 2005 813 gestisset,

629 822 745 864 vultu
774 821 936 862 ferebat.
961 822 1133 862 Auditus
1158 822 1249 862 ideo
1271 824 1422 862 tantum
1439 851 1452 872 ‚
1480 835 1525 861 ut
1547 821 1777 862 nosceretur
1796 823 2004 876 ingenium

628 884 737 937 ejus,
761 884 1072 938 damnatusque,
1093 886 1196 924 inter
1214 885 1344 940 ipsum
1362 883 1622 940 supplicium,
1645 883 1902 939 exprobranti
1923 887 2005 925 cui-

628 949 720 990 dam
744 965 766 985 «
792 950 959 1004 patriam
986 946 1069 999 ejus
1100 959 1256 1002 captam
1283 965 1327 997 2),
1357 965 1378 984 <c
1407 949 1590 1002 accipere
1619 946 1658 986 se
1684 945 1870 986 solatium
1896 962 2005 987 mor·-

628 1030 650 1049 ))
661 1014 710 1052 tis
738 1029 760 1048 ))
787 1010 1005 1066 respondit.¹
1029 1010 1109 1050 Sed
1133 1010 1376 1060 Mucianus,
1405 1010 1514 1064 quod
1541 1009 1609 1049 diu
1639 1007 1937 1060 occultaverat,
1961 1024 2008 1051 ut

628 1089 767 1116 recens
789 1074 1022 1130 expromslt:
1045 1090 1067 1110 «
1089 1073 1295 1127 Quoniam
1308 1103 1321 1123 ‚
1339 1073 1586 1127 benignitate
1608 1071 1727 1112 deum
1740 1100 1752 1121 ,
1771 1072 1896 1113 frat-[iae
1914 1073 2006 1113 hos-

627 1139 760 1178 »tium
789 1138 891 1177 vires
922 1136 1082 1186 forent,
1122 1151 1260 1192 parum
1299 1136 1445 1177 decore
1481 1135 1790 1185 Domitianum,
1820 1135 2004 1177 confe&o

627 1200 784 1256 »prope
808 1198 945 1250 bello,
974 1198 1109 1240 alienae
1140 1198 1275 1254 gloriae
1299 1200 1629 1240 interventurum.
1659 1199 1702 1238 Si
1729 1198 1845 1238 status
1876 1199 2005 1254 impe-

628 1265 709 1302 »rii
725 1293 737 1313 ,
766 1276 833 1303 aut
856 1261 957 1303 salus
985 1261 1209 1302 Galliarum
1234 1264 1276 1302 in
1305 1262 1532 1303 discrimine
1562 1273 1808 1311 verteretur,
1833 1260 2007 1302 debuisse

627 1326 851 1366 »Caesarem
876 1327 917 1365 in
942 1326 1028 1366 acie
1055 1326 1174 1365 stare:
1200 1325 1484 1365 Canninefates
1509 1323 1758 1376 Batavosque
1785 1323 2007 1364 minoribus

626 1388 826 1431 »ducibus
849 1387 1102 1443 delegandos.
1125 1388 1213 1443 Ipse
1239 1387 1429 1442 Lugduni
1452 1389 1536 1427 vim
1558 1387 1837 1440 fortunamque
1857 1388 2006 1442 princi-

626 1453 772 1508 »patfis
797 1467 818 1492 e
843 1453 1027 1508 proximo
1052 1452 1289 1501 ostentaret,
1319 1466 1395 1492 nec
1416 1450 1544 1507 parvis
1567 1447 1755 1506 periculis
1774 1450 2005 1502 immixtus,

626 1519 699 1556 »&
725 1513 940 1566 majoribus
964 1529 1046 1554 non
1074 1513 1280 1555 defuturus
1305 1531 1347 1554 ».

689 1578 954 1618 LXXXVI.
988 1577 1459 1617 INTELLIGEBANTUR
1482 1588 1606 1617 artes:
1628 1576 1696 1617 sed
1717 1590 1804 1632 pars
1824 1573 2005 1629 obsequii

626 1642 667 1681 in
692 1656 765 1691 eo,
792 1656 844 1681 ne
871 1640 1283 1696 deprehenderentur:
1310 1642 1365 1680 ita
1393 1639 1640 1693 Lugdunum
1667 1643 1679 1667 ³
1712 1652 1892 1679 ventum.
1915 1639 2003 1679 Un-

625 1704 675 1744 de
698 1703 871 1745 creditur
890 1703 1146 1744 Domitianus
1163 1733 1175 1753 ‚
1204 1702 1376 1755 occultis
1394 1702 1443 1743 ad
1462 1701 1662 1743 Cerialem
1683 1702 1832 1742 nuntiis
1847 1731 1860 1752 ,
1881 1701 2002 1742 fidem

625 1765 709 1819 ejus
745 1766 979 1815 tentavisse,
1007 1783 1028 1802 ‹<
1059 1782 1108 1807 an
1143 1767 1322 1822 praesenti
1352 1764 1420 1806 fibi
1454 1767 1675 1806 exercitum
1712 1756 2000 1820 imperiumque

625 1830 868 1872 »traditurus
895 1829 999 1870 foret
1022 1846 1062 1869 »2
1087 1829 1162 1885 qua
1187 1831 1436 1888 cogitatione
1460 1827 1612 1870 bellum
1639 1827 1823 1869 adversus
1847 1842 2001 1884 patrem

1329 1959 1423 1991 deum
1437 1958 1599 1990 Pantheon
1618 1964 1701 1996 patet
1719 1967 1758 1988 ex
1778 1952 1901 1986 diverfis
1930 1953 1995 1992 ejus

624 1957 742 2003 AEgyjpti
753 1969 845 1998 regum
856 1982 865 1995 ,
877 1965 910 1990 ut
923 1958 967 1989 ait
980 1958 1095 1989 Plinius
1107 1960 1135 1989 V
1145 1982 1154 1995 ‚
1165 1968 1195 1995 9.
1207 1967 1290 1988 nunc
1695 1997 1700 2001 .
1812 1995 1817 2000 .

1329 1998 1498 2037 infignibus
1508 2022 1517 2036 ‚
1529 2008 1594 2037 quae
1608 1997 1681 2027 vide
1694 2007 1726 2026 in
1741 1998 1834 2026 Notis
1847 1993 1997 2025 &Emen-

624 2007 727 2035 pernt.
745 1999 789 2027 Ex
804 1999 868 2036 ejus
886 1999 1046 2029 ruderibus
1059 1998 1190 2029 excitata
1203 1998 1242 2028 est
1256 1997 1289 2027 in

623 2036 732 2067 dextra
743 2037 810 2066 Nili
820 2037 887 2076 ripa,
898 2039 969 2069 urbs
981 2039 1076 2069 altera
1092 2038 1125 2068 ὅτ
1139 2036 1288 2073 maxima,

621 2075 647 2104 le
663 2075 756 2107 Caire.
774 2077 902 2107 Manent
918 2085 1023 2108 tamen
1041 2076 1224 2115 amplisfimae
1236 2087 1289 2106 ur-

622 2115 669 2145 bis
689 2115 813 2153 vestigia
834 2116 867 2145 in
881 2116 975 2153 loco‘,
999 2117 1048 2147 cui
1064 2116 1160 2147 hodie
1172 2125 1289 2146 nomen

624 2153 703 2200 Gizes'.
723 2154 895 2198 Memphim
912 2165 1015 2186 autem
1033 2156 1136 2186 sedem
1158 2155 1216 2185 effe
1228 2178 1236 2191 ‚
1249 2165 1288 2185 ex

621 2204 683 2232 qua
712 2195 829 2232 Serapis
859 2195 1010 2225 tranfierit
1027 2219 1035 2230 ‚
1062 2195 1265 2234 perhibebant
1280 2217 1288 2229 ,

621 2232 710 2271 quod
727 2231 864 2270 Memphi
880 2244 971 2264 mons
988 2235 1059 2264 ess'et
1074 2234 1229 2271 Sinopius.
1241 2233 1289 2262 Sic

621 2272 706 2302 enim
725 2271 893 2301 Eustathius
912 2273 945 2302 in
960 2274 1036 2303 vers.
1054 2284 1124 2312 25¹·
1145 2271 1289 2310 Dionysii

620 2310 766 2350 perleget.
782 2310 921 2343 Σινωπῖτης
936 2312 966 2341 δὲ
988 2313 1062 2347 Ζεὺς,
1075 2312 1089 2343 ιῖ
1104 2315 1114 2341 ὁ
1130 2311 1268 2348 Μεμφῖτης
1278 2333 1287 2346 ,

619 2349 737 2379 Endon„
758 2350 807 2389 γὰρ
822 2350 881 2389 ’σ’ῢς
899 2351 1055 2389 Μέμφιδος·
1071 2351 1085 2382 nx
1105 2354 1155 2379 ἀπὸ
1176 2351 1289 2383 Σινᾶπης

618 2393 662 2420 τὶἷς
682 2393 812 2422 Hom-1255.

657 2432 669 2460 .¹
693 2429 788 2461 Deum
810 2440 904 2462 IPSUM
937 2431 953 2469 ]
984 2428 1163 2468 Serapidem
1201 2426 1288 2459 fuiffe

1329 2038 1509 2069 dationibus
1523 2038 1563 2067 ad
1578 2036 1652 2066 Hist.
1673 2037 1715 2065 IV
1725 2059 1733 2072 ,
1752 2038 1801 2072 84.

1367 2083 1380 2096 ²
1403 2080 1601 2108 varamus
1612 2077 1625 2112 ]
1637 2076 1683 2105 De
1697 2085 1760 2113 quo
1772 2074 1857 2112 supra
1869 2083 1998 2116 cap371.

1368 2122 1378 2143 3
1403 2115 1610 2151 Luommum]
1629 2115 1719 2143 Nunc
1734 2113 1822 2152 Lyon.
1841 2114 1998 2142 Domitia-

1329 2166 1384 2186 nus
1394 2179 1402 2190 ,
1417 2155 1499 2193 quafi
1517 2155 1580 2192 ejus
1593 2153 1733 2192 auspiciis
1751 2154 1784 2183 ὅ(
1797 2152 1911 2182 virtute
1922 2161 1997 2181 con-

1328 2196 1441 2226 scelum
1462 2194 1563 2224 fuiffet
1580 2193 1641 2222 hoc
1657 2192 1797 2229 bellum,
1814 2191 1954 2222 laudatur
1977 2199 1996 2219 a

1328 2235 1405 2265 Silio
1427 2234 1537 2264 Italico
1548 2256 1557 2269 ,
1572 2234 1635 2268 111,
1651 2235 1723 2270 607.

1377 2291 1412 2316 At
1421 2299 1445 2316 tu
1454 2290 1630 2322 transcendens,
1639 2285 1863 2317 Germanice‚faflc1
1873 2293 1976 2313 morum,

1379 2325 1435 2350 Jam
1451 2333 1509 2357 puer
1520 2324 1636 2349 auricomo
1654 2321 1820 2354 per-formidare
1830 2320 1926 2344 Batavo.

1327 2389 1362 2416 In
1376 2386 1423 2416 his
1445 2396 1571 2425 quoque
1593 2382 1768 2415 Domitiani
1791 2381 1931 2412 laudibus
1949 2380 1994 2410 ni-

1326 2426 1405 2457 rnius
1415 2426 1455 2456 est
1464 2424 1587 2464 Joseph.
1597 2424 1673 2455 Bell.
1682 2423 1821 2455 Jud.Vll‚
1830 2433 1859 2458 4.
1870 2430 1954 2450 num.
1963 2430 1995 2451 2.

1758 2465 1967 2521 agitaverit
1979 2492 1995 2515 ,

2033 835 2082 863 10

2033 1142 2082 1181 15

2025 1463 2081 1490 20
