2230 3047
123 829 175 858 10

120 1135 170 1177 ¹5

112 1457 171 1484 20

111 2087 170 2132 30

364 169 838 213 HISTORIARUM
877 169 1077 211 LIBER
1110 170 1402 214 TERTIUS.
1508 179 1589 225 189

203 252 451 309 »intersepta
468 254 764 294 Germanorum
791 252 1077 305 Raetorumque
1105 251 1265 293 auxilia.
1294 254 1419 308 Quod
1442 254 1593 297 discor-

205 316 306 356 »des
321 346 333 366 ,
355 311 624 372 dispersasque
650 313 809 357 Vitellii
835 313 1016 369 legiones
1038 316 1204 367 equestri
1233 316 1413 371 procella
1429 324 1439 340 ¹
1460 349 1472 368 ‚
1494 335 1593 361 mox

204 394 226 415 ›)
237 379 416 434 peditum
432 380 493 428 vi,
513 394 582 434 per
596 379 702 419 diem
717 379 953 431 nofiiemque
966 377 1124 417 fudisset
1144 381 1157 397 ²
1170 407 1182 427 ‚
1202 379 1241 418 id
1256 379 1593 435 pulcherrimum,

204 445 279 480 n&
301 441 359 480 sui
381 443 533 497 operis:
561 442 694 482 casum
723 440 931 481 Cremonae
945 470 958 491 ‚
984 439 1093 481 bello
1113 441 1415 496 imputandum:
1440 445 1592 498 majore

1611 302 1642 326 A.
1653 303 1682 325 U.
1696 303 1727 326 C.

1634 350 1706 380 822.

1634 400 1657 424 J.
1674 401 1704 423 C.

1642 450 1695 484 69.

206 503 385 545 »damno
400 535 411 555 ,
433 504 607 560 plurium
623 503 781 544 urbium
805 504 997 555 excidiis,
1022 518 1176 545 veteres
1199 504 1350 544 civium
1375 507 1592 552 discordias
1640 549 1644 553 .

204 566 463 623 »reipublicae
481 567 634 608 stetisse.
649 568 749 607 Non
767 567 805 606 se
823 568 972 608 nuntiis
986 597 998 617 ‚
1018 581 1147 622 neque
1163 566 1338 622 epistolis
1351 597 1364 617 ,
1386 569 1451 610 sed
1470 588 1591 615 manu

204 645 227 667 >2
239 634 277 670 ὅ(
292 631 408 671 armis
418 631 654 686 Imperatori
668 630 739 670 suo
753 629 938 670 militare:
955 645 1082 684 neque
1099 629 1262 671 officere
1278 628 1414 684 gloriae
1431 648 1590 688 eorum,

202 707 227 730 >2
238 694 305 746 qui
322 693 454 734 Afiam
469 694 627 733 interim
645 693 946 748 composuerint
961 710 968 732 :
997 692 1077 734 illis
1093 693 1244 733 Moefiae
1260 708 1403 750 pacem
1417 725 1430 745 ‚
1453 696 1521 737 fibi
1538 701 1590 741 sa-

202 754 362 796 »lutem
383 756 716 810 securitatemque
735 755 858 797 Italiae
871 785 885 807 ,
913 755 1026 796 cordi
1042 756 1166 797 fuisse.
1188 758 1278 797 Suis
1300 759 1591 802 exhortationi-

202 817 307 859 »bus
328 817 480 860 Gallias
497 820 812 876 Hispaniasque,
834 817 1109 860 validiffimam
1130 832 1322 860 terrarum
1341 836 1493 877 partem
1506 853 1519 874 ,
1541 826 1590 866 ad

202 882 518 937 »Vespasianum
539 884 764 924 conversas.
787 882 867 923 Sed
893 882 1078 923 cecidiffe
1098 884 1139 922 in
1160 884 1325 924 inritum
1346 884 1501 927 labores
1516 917 1529 938 ,
1564 889 1591 927 fi

201 946 394 1001 »praemia
415 944 686 1001 periculorum
704 945 780 987 soli
796 945 1086 999 adsequantur,
1112 947 1179 999 qui
1202 947 1391 1002 periculis
1412 964 1496 990 non
1518 951 1590 992 ad-

201 1022 224 1044 »
234 1007 383 1049 fuerint
398 1025 420 1045 »
431 1039 441 1049 .
454 1010 495 1050 N
500 1024 547 1049 ec
560 1008 740 1050 fefellere
755 1023 801 1049 ea
813 1009 1068 1049 Mucianum:
1090 1009 1182 1049 inde
1198 1024 1337 1063 graves
1352 1011 1590 1062 fiinultates3

201 1084 298 1124 quas
315 1073 518 1113 Antonius
539 1071 782 1129 simplicius,
804 1071 1020 1114 Mucianus
1044 1070 1215 1123 callide,
1240 1074 1370 1128 eoque
1393 1075 1589 1132 implaca-

201 1131 319 1175 bilius
342 1134 554 1176 nutriebat.

263 1197 387 1240 LIV.
421 1199 494 1238 AT
517 1197 734 1249 Vitellius,
760 1199 888 1241 fraffis
915 1200 1019 1256 apud
1045 1200 1289 1242 Cremonam
1308 1201 1451 1254 rebus,
1484 1219 1589 1245 nun-

198 1260 279 1301 tios
297 1259 420 1302 cladis
438 1260 648 1303 occultans
664 1292 676 1313 ,
702 1261 817 1303 stulta
833 1262 1138 1304 dissimulatione
1146 1293 1160 1314 ‚
1174 1265 1349 1306 remedia
1363 1268 1495 1322 potius
1510 1283 1589 1309 ma-

199 1321 334 1364 lorum
350 1354 361 1376 ,
386 1324 504 1379 quarn
525 1324 653 1375 mala,
679 1325 900 1367 differebat.
917 1328 1082 1382 Quippe
1099 1328 1310 1369 confitenti
1328 1329 1589 1371 consultanti-

199 1401 277 1440 que
297 1387 526 1444 supererant
542 1389 628 1444 spes
645 1388 847 1443 viresque:
878 1392 969 1430 cuin
993 1404 1014 1429 e
1031 1392 1232 1432 contrario
1253 1390 1341 1433 laeta
1362 1394 1498 1433 omnia
1512 1394 1587 1435 fin-

199 1463 313 1505 geret
326 1480 339 1501 ,
362 1450 464 1492 falsis
480 1451 784 1506 ingravescebat
807 1457 835 1493 ³.
851 1453 1006 1493 Mirum
1022 1453 1126 1508 apud
1141 1455 1270 1509 ipsum
1286 1455 1334 1495 de
1348 1454 1460 1496 bello
1476 1456 1586 1498 filen-

198 1514 325 1554 tium:
353 1514 545 1571 prohibiti
571 1530 640 1571 per
657 1516 863 1556 civitatem
880 1516 1107 1566 sermones,
1133 1517 1262 1571 eoque
1279 1517 1433 1574 plures:
1460 1534 1507 1560 ac
1522 1549 1535 1570 ,
1560 1520 1588 1560 fi

197 1575 341 1618 liceret
355 1608 367 1628 ,
392 1593 484 1619 vera
518 1580 709 1619 narraturi
727 1609 738 1629 ,
769 1581 861 1633 quia
883 1578 1119 1620 vetabantur
1131 1608 1145 1630 ‚
1174 1583 1372 1622 atrociora
1394 1580 1588 1637 vulgave-

199 1654 301 1681 rant.
317 1642 360 1681 N
363 1656 410 1683 ec
426 1642 548 1683 duces
563 1643 736 1682 hostium
759 1642 947 1697 augendae
960 1642 1071 1683 famae
1099 1642 1286 1694 deerant,
1304 1658 1443 1700 captos
1457 1645 1586 1687 Vitel-

200 1701 246 1743 lii
269 1703 543 1760 exploratores
560 1735 573 1755 ‚
600 1705 971 1760 circumdufitosque
987 1735 1001 1756 ,
1023 1718 1067 1745 ut
1088 1705 1232 1747 robora
1251 1709 1410 1748 viCtoris
1434 1711 1587 1750 exerci-

200 1766 262 1807 tfis
279 1768 516 1819 noscerent,
539 1769 803 1810 remittendo:
830 1784 929 1823 quos
949 1784 1088 1810 omnes
1112 1769 1301 1811 Vitellius
1324 1771 1479 1812 secreto
1497 1787 1587 1827 per-

199 1832 406 1873 cun&atus
422 1862 435 1883 ,
457 1833 629 1874 interfici
644 1831 759 1884 jussit.
779 1831 965 1874 Notabili
980 1831 1200 1874 constantia
1220 1836 1404 1875 centurio
1418 1865 1430 1884 ‚
1455 1835 1588 1879 Julius

196 1894 374 1948 Agrestis
388 1926 401 1945 ‚
427 1897 512 1951 post
528 1896 677 1936 multos
692 1896 892 1938 sermones
905 1926 918 1947 ,
944 1895 1085 1949 quibus
1101 1896 1312 1938 Vitellium
1330 1899 1378 1938 ad
1395 1899 1585 1939 virtutem

195 1956 334 2000 frustra
357 1958 628 2009 accendebat,
660 1959 834 2016 perpulit
853 1973 896 2000 ut
928 1959 975 1999 ad
1004 1961 1106 2000 vires
1133 1960 1305 2000 hostium
1328 1961 1554 2016 specstandas
1571 1992 1585 2013 9

198 2034 361 2075 quaeque
380 2022 485 2078 apud
507 2022 751 2064 Cremonam
774 2025 856 2064 acia
872 2023 1027 2073 forent,
1053 2022 1135 2078 ipse
1152 2025 1386 2064 mitteretur.
1404 2026 1497 2066 Nec
1515 2040 1584 2066 ex—

199 2081 426 2139 ploratione
443 2085 606 2128 occulta
621 2086 759 2127 fallere
779 2088 1004 2127 Antonium
1033 2088 1229 2134 tentavit,
1256 2087 1322 2128 sed
1350 2105 1371 2124 «
1399 2089 1585 2130 mandata

196 2146 484 2204 »Imperatoris
494 2150 685 2204 suumque
696 2152 873 2191 animum
882 2168 902 2186 ν
920 2149 1110 2206 professus
1120 2178 1132 2199 ‚
1153 2167 1174 2186 «
1183 2164 1226 2190 ut
1235 2152 1374 2192 cun&a
1384 2151 1528 2192 viseret
1538 2170 1557 2189 »
1568 2181 1582 2202 ,

195 2210 381 2267 postulat.
397 2212 529 2262 Missi,
567 2214 635 2267 qui
656 2212 794 2255 locum
817 2212 975 2270 proelii,
1003 2212 1210 2254 Cremonae
1234 2215 1420 2270 vestigia,
1446 2228 1580 2271 captas

238 2314 247 2328 ¹
272 2310 428 2345 Equssrm
450 2321 614 2341 moenum
637 2315 648 2346 ]
681 2313 784 2348 Bene,
808 2322 864 2350 pro
910 2323 977 2342 rum.

195 2349 326 2386 equestri
352 2349 482 2387 impetu.
514 2350 562 2380 Sic
599 2361 726 2390 quoque
757 2351 866 2382 Livius
949 2358 960 2371 ²
984 2353 1166 2389 Fumssm]
1187 2353 1282 2391 Supra
1305 2362 1370 2390 cap.
1389 2362 1423 2381 2¹
1448 2350 1580 2394 &seqq-

196 2387 300 2418 ΧΧΙΧ
313 2411 321 2425 ,
340 2400 368 2418 2.
390 2388 456 2418 Jam
473 2390 572 2429 mistum
595 2390 665 2427 ahse
686 2392 748 2420 Ser.
763 2390 867 2420 Corne·
951 2398 959 2418 3
985 2392 1277 2428 Incanvssscssssm]
1302 2390 1392 2421 Falsis
1422 2398 1582 2421 narratio-

195 2423 285 2466 lium,
309 2427 428 2466 procella
457 2428 567 2469 equestri
587 2430 671 2470 hostes
698 2430 869 2470 circumficfic-
910 2431 1002 2464 nibus
1022 2432 1137 2464 malum
1153 2430 1396 2471 ingravescebat.
