2209 3047
574 230 658 278 578
761 221 979 262 NOTAE
1023 218 1109 260 ET
1149 216 1746 261 EMENDATIONES

569 311 656 336 num
679 296 828 345 periere.
855 299 941 331 Inter
965 297 1020 330 has
1036 295 1159 344 strages
1180 297 1353 342 collapficm
1379 295 1433 343 effe
1455 295 1586 342 Li-pai-
1601 309 1639 337 ε,-
1667 297 1818 332 librorum
1840 296 1955 334 codices

570 351 689 395 riginti
710 347 770 393 fix
795 346 917 394 periiſje
948 345 1067 382 tradit.
1093 346 1166 390 Qud
1193 345 1269 380 curti
1294 346 1353 379 alii
1367 346 1517 390 servati,
1551 358 1608 380 aut
1633 358 1714 381 anno
1744 346 1847 394 1654
1868 360 1957 394 repa-

571 400 659 439 rati,
678 396 821 442 descripti
835 423 845 439 ,
868 398 1042 442 recogniri;
1059 398 1112 443 qui
1137 397 1207 431 huic
1229 395 1330 429 labori
1349 407 1474 440 operam
1500 399 1715 437 navaverint,
1743 396 1780 430 ξφ
1797 397 1958 442 Li-pai-se

571 446 790 494 restituerint,
815 445 998 489 recenset3
1023 445 1209 493 ipsumque
1240 444 1402 492 Li-pai-se
1427 444 1680 480 accuratissime
1697 443 1889 489 describit3
1912 445 1958 480 li-

572 495 726 544 brosque
742 508 761 530 a
776 496 997 541 Tclzang-Kiao
1016 495 1142 530 iterum
1156 493 1255 530 fuiffe
1274 493 1482 543 recognitos
1499 498 1531 530 δε
1550 495 1725 543 probatos
1744 494 1804 530 ait.

621 546 761 591 Quarta
776 544 970 594 Inscriptio
986 543 1034 580 est
1047 542 1311 592 compendiosa
1325 543 1527 594 Synagogae
1549 543 1720 586 historia3
1750 547 1784 580 δε
1809 544 1958 581 restituti

572 595 726 642 Li-pai-se
744 594 823 643 post
837 594 1111 630 inundationem
1127 621 1136 636 ,
1155 605 1241 642 ‘quae
1254 593 1411 643 contigit
1422 606 1519 629 anno
1538 605 1551 628 1
1562 594 1637 641 642
1653 621 1662 637 ‚
1676 593 1882 642 descriptio.
1900 595 1959 630 Ibi

573 657 720 694 quoque
735 644 905 693 inscripta
922 643 1070 679 nomina
1083 642 1218 691 septem
1236 642 1451 679 familiarum
1464 642 1690 680 Judaicarum
1705 671 1714 686 ‚
1730 655 1808 692 quse
1829 644 1866 679 in
1883 647 1960 680 Cai-

565 694 718 742 fong-fou
742 694 934 731 versantur.
958 691 1093 729 Eadem
1116 692 1220 735 sunt,
1251 706 1330 742 quae
1355 694 1426 739 jam
1450 693 1572 730 retulit
1589 693 1690 730 Pater
1707 693 1862 736 Gozani,
1880 695 1961 730 Let-

573 755 636 778 tres
658 744 823 789 edifiantes
840 770 849 785 ‚
875 743 984 778 Tom.
1009 755 1045 788 7.
1072 755 1154 792 pag.
1184 743 1243 780 16.
1272 742 1366 778 Haec
1389 742 1469 778 sunt
1491 754 1724 780 monumenta
1751 742 1959 780 Judaeorum

573 792 791 836 Simenfium,
819 805 896 841 quae
917 792 1114 840 supersunt.
1137 792 1196 828 De
1217 793 1278 828 sua
1298 792 1475 842 religione
1497 792 1590 828 nihil
1612 792 1779 841 scripsere
1794 819 1803 834 ‚
1831 804 1960 841 praeter

573 842 760 885 libellum,
799 855 905 892 quem
929 841 1130 878 Sinensibus
1164 842 1259 891 typis
1291 842 1450 883 editum,
1474 841 1697 878 Mandarinis
1728 841 1907 886 offerunt,
1934 842 1960 878 fi

575 891 676 941 quod
699 891 792 927 forte
816 891 1005 927 discrimen
1028 891 1276 940 periculumve
1302 892 1344 927 iis
1365 891 1539 928 imminet.

627 941 684 977 De
703 953 827 977 eorum
840 941 999 977 moribus
1018 954 1135 990 pauca
1149 941 1288 978 addam.
1302 941 1423 978 Deum
1440 941 1644 984 adoraturi,
1661 941 1706 977 ad
1718 941 1960 979 Occidentem

575 1001 847 1026 convertuntur.
874 991 960 1026 Huc
985 1004 1130 1040 quoque
1155 991 1286 1040 speaat
1307 1004 1434 1028 eorum
1456 993 1618 1038 Li-pai-se.
1642 991 1721 1028 Nec
1743 991 1844 1028 aliter
1870 992 1961 1028 olim

573 1040 713 1076 versum
741 1040 915 1088 templum
941 1040 1328 1090 Hierosolymitanum.
1354 1042 1396 1078 In
1425 1042 1564 1091 templo
1590 1041 1704 1076 nullas
1729 1041 1863 1078 habent
1884 1041 1963 1078 ves-

518 1108 521 1110 ·
573 1100 626 1125 tes
647 1090 769 1125 sacras.
787 1089 914 1126 Solum
946 1091 983 1126 in
1006 1091 1272 1140 supplicatione
1296 1093 1480 1140 Ta-Kings‚
1511 1091 1555 1128 de
1581 1091 1652 1140 qua
1673 1090 1804 1126 distum
1831 1091 1879 1128 est
1904 1091 1962 1127 su-

573 1140 637 1187 pra
660 1152 741 1188 pag.
768 1151 843 1187 575
861 1168 870 1183 ,
893 1141 1136 1189 Tclzang-Kiao,
1156 1141 1213 1178 seu
1230 1143 1344 1178 rec‘tor
1363 1142 1567 1191 Synagogae
1588 1139 1731 1190 insignis
1755 1152 1829 1177 erat
1852 1140 1963 1177 serica

574 1188 753 1237 rubeaque
772 1189 912 1236 fascia(
931 1204 989 1225 une
1013 1192 1140 1237 e'charpe
1164 1198 1178 1235 )
1202 1191 1246 1227 ab
1270 1191 1422 1227 humero
1446 1191 1572 1227 dextro
1599 1190 1691 1226 infra
1714 1189 1885 1226 sinistrum
1904 1190 1963 1226 de-

574 1238 690 1286 pressa
711 1239 887 1289 nodoque
911 1240 1072 1289 religata.
1096 1240 1213 1278 Immo
1238 1253 1323 1291 gens
1347 1241 1438 1277 adeo
1464 1240 1605 1277 decoris
1629 1240 1811 1276 incuriosa
1827 1268 1837 1284 ,
1862 1250 1902 1276 ut
1924 1240 1963 1277 in

574 1287 690 1324 aestate
707 1316 715 1331 ‚
745 1288 794 1325 ob
820 1289 899 1325 caeli
922 1290 1124 1334 fervorem,
1153 1291 1239 1326 solis
1261 1290 1497 1339 subligaribus
1521 1290 1602 1327 testi
1618 1321 1626 1332 ,
1655 1290 1811 1327 ceterum
1841 1289 1930 1326 nudi
1951 1316 1962 1332 ‚

574 1349 650 1373 non
675 1338 786 1374 modo
811 1339 911 1375 dorni
934 1340 1138 1384 versentur,
1169 1340 1230 1377 sed
1254 1341 1290 1375 in
1315 1341 1394 1389 ipso
1419 1340 1527 1377 etiam
1547 1339 1685 1388 templo
1711 1339 1880 1376 intersint.
1907 1339 1965 1375 Sa-

575 1399 670 1422 cram
699 1387 918 1436 Scripturam
942 1390 1135 1439 precesque
1159 1401 1330 1431 cantant,
1361 1390 1449 1426 sicut
1472 1390 1510 1425 in
1531 1389 1636 1425 Italia
1661 1389 1804 1426 Iudaeos
1827 1390 1864 1425 in
1894 1391 1963 1438 Sy-

573 1436 727 1486 nagogis
761 1438 829 1473 suis
861 1450 1044 1475 cantantes
1072 1439 1258 1475 audiverat
1282 1439 1319 1475 P.
1354 1439 1508 1475 Gozani.
1536 1438 1723 1483 Credunt,
1747 1439 1832 1475 teste
1859 1440 1964 1476 Patre

575 1486 710 1522 Gaubil
726 1514 736 1530 ,
769 1488 1017 1536 purgatorium
1032 1516 1041 1531 ‚
1072 1489 1206 1524 inferos
1220 1516 1230 1531 ‚
1261 1488 1435 1535 judicium
1451 1516 1460 1531 ‚
1488 1488 1688 1536 paradisum
1703 1514 1712 1528 ‚
1737 1489 1964 1524 resurrectio-

575 1548 656 1571 nem
678 1548 906 1572 mortuorum
938 1537 1085 1574 Norunt
1104 1538 1290 1586 Ange103‚
1317 1537 1534 1580 Cherubim,
1558 1537 1755 1585 Seraphim.
1778 1538 1964 1574 Peculiare

575 1585 659 1622 fidei
682 1586 884 1634 symbolum
908 1600 984 1623 non
1008 1586 1153 1623 habent.
1173 1587 1294 1624 Sortes
1315 1587 1452 1623 ducunt
1469 1599 1512 1623 ex
1536 1586 1606 1622 suis
1629 1586 1735 1622 sacris
1758 1586 1868 1622 libris.
1887 1587 1962 1623 Cir-

576 1635 828 1672 cumcifionem
855 1639 988 1673 octavo
1012 1636 1070 1673 die
1095 1637 1287 1673 observant
1307 1638 1331 1673 ¹.
1351 1636 1603 1673 Sanctiffimum
1630 1635 1727 1685 apud
1751 1649 1815 1672 eos
1846 1639 1879 1672 δε
1909 1637 1963 1672 in—

576 1684 751 1721 violabile
775 1685 987 1722 sabbatum:
1015 1699 1061 1723 eo
1087 1687 1146 1723 die
1181 1686 1303 1736 ignem
1338 1699 1417 1723 non
1447 1686 1675 1723 accendunt:
1711 1685 1815 1723 cibos
1848 1686 1966 1735 pridie

577 1745 761 1781 apparant.
787 1734 899 1771 Nulla
920 1736 983 1771 nisi
1005 1736 1098 1773 inter
1120 1736 1156 1772 se
1179 1737 1364 1773 connubia
1386 1737 1523 1773 ineunt.
1546 1736 1793 1786 Propagandae
1815 1736 1885 1771 suae
1908 1749 1964 1773 re-

576 1783 725 1832 ligionis
751 1785 850 1820 nulla
874 1786 918 1821 iis
941 1798 1048 1822 cura:
1075 1786 1255 1823 neminem
1281 1786 1520 1836 alienigenam
1536 1786 1575 1822 in
1602 1786 1663 1822 sua
1686 1785 1783 1822 saera
1805 1786 1963 1822 trahunt.

576 1833 729 1870 Juraturi
746 1860 755 1875 ‚
785 1846 916 1871 cavent
945 1849 991 1872 ne
1019 1836 1153 1884 templa
1187 1836 1371 1873 idolorum
1400 1836 1539 1873 adeant.
1586 1836 1663 1882 Qui
1694 1835 1792 1884 apud
1826 1848 1889 1872 eos
1918 1836 1965 1871 ad

577 1883 774 1919 Sinenfium
802 1884 983 1921 literarum
1014 1886 1143 1936 gradus
1170 1885 1250 1922 sunt
1273 1886 1385 1924 evesti
1402 1915 1411 1930 ‚
1439 1885 1660 1923 Confucium
1681 1886 1831 1928 colunt3
1853 1898 1965 1922 cunc-

577 1933 677 1981 tique
714 1934 898 1971 defunctos
936 1935 1017 1972 suos
1047 1936 1300 1985 progenitores
1322 1948 1561 1979 venerantur,
1597 1948 1794 1985 eorumque
1815 1934 1965 1972 tabellas

577 1981 719 2018 servant
739 1996 840 2020 more
864 1984 988 2021 Sinico
1016 1987 1042 2021 ².
1073 1985 1182 2022 Unde
1203 1997 1303 2034 patet
1325 1999 1390 2032 eos
1422 1986 1466 2022 ad
1491 1986 1653 2022 Sinenses
1680 1986 1760 2021 usus
1793 1985 1965 2021 nonnihil

579 2031 765 2069 deflexisse.
783 2033 935 2084 Legem,
957 2035 1016 2071 seu
1037 2035 1196 2084 quinque
1214 2035 1326 2072 libros
1344 2035 1479 2085 Moysis
1495 2063 1505 2079 ,
1527 2035 1660 2072 affiduo
1675 2035 1737 2070 usu
1755 2034 1890 2083 plerum
1917 2047 1966 2071 ue

578 2080 786 2131 intelligunt
809 2097 817 2118 π
845 2084 941 2119 haud
966 2084 1016 2120 ita
1049 2085 1155 2133 periti
1178 2085 1215 2121 in
1243 2097 1445 2123 ceterorum
1477 2085 1653 2121 librorum
1680 2085 1858 2128 lectione,
1927 2097 1966 2121 e-

579 2129 710 2167 braicae
726 2131 858 2182 linguae
873 2134 954 2170 satis
969 2134 1084 2171 rudes.
1097 2134 1275 2171 Excusant
1285 2136 1338 2179 se,
1355 2135 1454 2186 quod
1467 2134 1678 2184 jampridem
1690 2136 1964 2182 Tou-King-puen‚

595 2246 600 2250 ι
616 2218 624 2230 ¹
645 2214 715 2237 Tunc
737 2215 882 2239 Hebraicnm
901 2217 1087 2241 circumcisionis
1104 2226 1196 2242 nomen
1214 2226 1250 2242 ac·

581 2247 680 2276 cipiunt.
693 2249 727 2270 Fx
736 2248 764 2271 iis
776 2256 836 2272 unus
848 2251 869 2272 se
882 2251 905 2274 in
915 2251 1094 2276 circumcifione
1105 2253 1250 2284 appellatum

579 2280 646 2303 fuiffi:
657 2281 813 2306 Manriiokum
826 2301 832 2309 ,
848 2283 872 2306 id
885 2285 916 2307 est
931 2286 1090 2309 Maxhaxhiam
1102 2303 1109 2312 ,
1130 2286 1198 2310 dixir-

615 2319 626 2331 2
646 2314 759 2345 Ipfiffima
778 2317 832 2339 sunt
850 2317 922 2341 Patris
943 2319 1038 2342 Gonni
1053 2320 1123 2342 verba
1135 2337 1140 2346 ,
1162 2321 1204 2352 qui
1224 2320 1250 2343 in

579 2347 670 2370 Lazinis
689 2349 733 2371 suis
754 2349 825 2373 literis
835 2351 922 2382 scriptis
939 2361 965 2380 ις
979 2353 1066 2383 Aprilis
1080 2362 1144 2381 ¹7¹·—
1164 2356 1197 2377 ita
1208 2355 1249 2376 ha.

580 2381 619 2404 bet
631 2390 637 2403 ι
649 2381 735 2405 Eat-mn
745 2383 835 2407 literati
845 2385 870 2408 ἐν
881 2386 993 2416 gradum
1004 2387 1139 2417 Confircium
1149 2388 1227 2411 colunt
1238 2396 1249 2415 ;

579 2415 612 2436 uzi
631 2414 654 2438 ἐν
670 2424 747 2440 omnes
767 2418 844 2441 colunt
855 2419 1018 2450 progenitores
1033 2420 1088 2450 fiaes
1106 2420 1223 2451 defunblos
1239 2438 1247 2448 ‚

579 2455 673 2478 quoi-zm
683 2449 782 2476 tabellas
794 2451 893 2484 servant
912 2460 975 2478 more
987 2453 1077 2480 Smico.
1103 2453 1170 2480 Intra
1179 2453 1249 2487 septa

1285 2218 1418 2251 ijagogae
1447 2218 1476 2242 ad
1496 2217 1557 2241 larus
1576 2217 1661 2242 hahent
1681 2217 1789 2242 Su-ram
1801 2235 1808 2245 ,
1822 2217 1867 2248 fin
1885 2217 1964 2241 aulam

1291 2255 1405 2283 majorum
1421 2260 1464 2283 pro
1477 2251 1588 2282 defundis
1603 2251 1784 2282 benefaHor-ihus
1799 2259 1851 2276 cnm
1865 2251 1915 2282 suis
1926 2258 1963 2275 ra·

1291 2285 1368 2309 bellis.
1388 2287 1558 2308 Verumtamen
1578 2286 1632 2309 cum
1654 2288 1769 2318 imagines
1787 2293 1841 2309 non
1858 2286 1963 2308 habeant

1290 2320 1366 2343 Judaei
1377 2337 1384 2346 ,
1403 2319 1542 2343 crediderim
1558 2320 1621 2343 iniis
1635 2320 1727 2343 tabellis
1739 2320 1849 2350 inscripta
1867 2317 1960 2342 tanturn

1291 2352 1334 2376 csse
1353 2353 1521 2377 defundorum
1536 2356 1645 2377 nomina.
1667 2353 1744 2385 quue
1766 2353 1864 2376 suadent
1887 2352 1961 2374 liter-“2

1291 2387 1393 2415 ejusdem
1405 2388 1476 2410 Patris
1488 2388 1583 2411 Gozani
1595 2388 1656 2411 datae
1669 2396 1678 2417 ς
1694 2387 1835 2411 Novembris
1848 2393 1924 2413 ¹704,
1936 2387 1962 2409 Sc

1291 2422 1357 2444 editae
1373 2422 1398 2444 in
1411 2421 1472 2445 libro
1487 2421 1556 2452 supra
1570 2421 1669 2447 laudato
1681 2438 1688 2449 ,
1710 2421 1800 2446 Len-res
1810 2419 1938 2452 Edifiantes
1949 2435 1961 2446 .-

1290 2456 1362 2482 Tom.
1374 2455 1432 2479 vu.
1443 2462 1497 2488 pag.
1506 2462 1546 2479 ιο.
