2209 3047
612 190 702 237 4¹6
862 180 1057 221 NOTAE
1094 177 1178 220 ET
1211 177 1736 223 EMENDATIONES

670 259 960 294 PosrULAssENT
991 259 1008 301 ]
1035 256 1132 292 Bene
1156 256 1231 291 Mss.
1251 255 1349 291 Flor.
1378 255 1466 305 Reg.
1486 255 1598 292 Corb.
1626 256 1740 294 editio
1771 258 1936 310 princeps
1959 265 1993 300 δε

617 308 844 345 recentiores.
872 306 913 341 ln
943 306 1019 342 Mff.
1039 305 1142 343 Harl.
1169 305 1276 341 Bodl.
1304 305 1372 341 Jes.
1397 308 1431 341 ὃς
1451 306 1690 350 Puteolanus,
1710 310 1897 353 postularet.

664 360 827 394 INVisuM
858 369 906 392 AC
937 368 1150 392 NOCENTEM
1179 360 1195 400 ]
1224 355 1329 390 Reae
1364 354 1481 390 adhuc
1516 356 1593 392 Mff.
1621 356 1707 406 Reg.
1734 358 1845 393 Corb.
1880 358 1992 395 editio

614 408 780 457 princeps
805 409 838 442 ὃς
855 406 1080 442 recentiores,
1104 406 1146 441 In
1174 404 1248 439 Mff.
1274 404 1377 440 Harl.
1404 404 1507 441 Bodl.
1526 405 1593 442 Jes.
1624 406 1744 442 Guelf.
1762 411 1795 443 &
1823 407 1996 444 Puteola-

613 471 698 500 nus,
727 457 892 505 itfirmum
914 457 949 492 ξφ
973 468 1143 492 nocentem.
1172 454 1216 489 In
1243 454 1403 504 margine
1429 455 1495 491 Ms.
1522 455 1630 492 Bodl.
1660 457 1807 503 invisum.

667 556 776 593 CAP.
802 556 863 592 XI.
894 556 1012 592 ΜΕΤΑ
1040 566 1205 591 mmmm
1234 558 1251 600 ]
1283 554 1338 590 Ita
1368 555 1445 591 Mss'.
1476 558 1508 591 ὃς
1539 554 1623 591 libri
1647 556 1757 600 editi,
1789 566 1914 606 practer
1940 556 1997 594 se-

616 607 770 644 cundam
793 606 958 642 Rhenani
982 605 1180 641 editionem
1195 632 1204 646 ,
1233 604 1270 640 in
1296 605 1365 654 qua
1389 605 1550 641 omissum
1567 634 1575 648 ‚
1605 610 1744 642 inierim.

670 657 699 693 E
726 656 941 692 DALMATIA
969 659 986 700 ]
1008 656 1103 691 Bene
1125 653 1285 703 Ryckius
1302 668 1321 692 e
1339 655 1416 691 Mff.
1436 654 1532 691 Flor.
1554 658 1587 691 ὃς
1606 657 1695 706 Agr.
1714 655 1998 700 Freinshemius,

618 720 639 744 a
662 706 846 742 Dalmatid.

666 756 872 792 PRAEOEPUA
902 765 1006 789 FAMA
1037 765 1405 796 QUARTADECUMANI
1431 758 1448 799 ]
1471 755 1543 791 ΜΠ.
1568 755 1671 791 Harl.
1693 755 1799 791 Bodl.
1819 755 1884 793 Jes.
1905 755 1998 791 Bud.

615 806 705 854 Reg.
729 804 849 840 Guelf.
875 806 907 838 ὃς
932 804 1147 846 Rhenanus,
1174 807 1336 850 praecipui.
1358 805 1401 839 In
1425 803 1493 839 Ms.
1515 805 1627 841 Corb.
1658 808 1691 841 <Sc
1709 805 1870 842 editione
1898 806 1999 854 prin-

614 856 722 903 cipe,
754 856 913 900 praecipua
936 854 1033 899 fama
1066 854 1313 901 quartadecima.
1350 853 1590 894 Puteolanus,
1623 856 1922 902 quartadecumana.
1955 855 1999 890 In

615 904 694 941 Mff.
721 903 821 939 Harl.
848 902 954 938 Bodl.
976 902 1042 939 Jes.
1068 913 1108 938 ut
1128 904 1198 950 jam
1224 901 1353 938 dicium
1368 931 1378 947 ‚
1407 907 1558 950 praecipui
1572 904 1666 951 fama
1685 905 1803 939 XHIP
1825 903 1884 940 vel
1908 917 2001 952 quar-

617 956 792 991 tadecuma.
816 951 885 989 Sed
909 952 947 988 in
971 952 1130 1002 margine
1156 951 1233 988 ΜΠ.
1260 952 1363 989 Harl.
1391 952 1498 989 Bodl.
1526 953 1778 997 emendatum,
1807 954 2002 1003 quartadeci-

616 1007 716 1041 mani.

669 1055 815 1090 AGMEN
842 1064 1046 1090 LEGIONUM
1073 1059 1091 1101 ]
1117 1053 1160 1093 In
1183 1053 1248 1090 Ms.
1274 1053 1362 1104 Reg.
1393 1056 1427 1090 ὃς
1451 1054 1614 1091 editione
1638 1053 1824 1102 principe,
1857 1051 1898 1090 a²c
1928 1053 2002 1090 Be-

618 1103 763 1140 roaldus
777 1132 786 1147 ,
811 1117 843 1139 eo
869 1116 981 1151 agmen
1001 1105 1173 1150 legionum.
1193 1104 1410 1140 Puteolanus
1429 1105 1519 1141 recte
1540 1103 1656 1140 omisit
1674 1118 1718 1139 eo.
1739 1104 1781 1142 In
1799 1103 1875 1139 Mss,
1896 1102 2002 1140 Harl.

620 1157 654 1190 ὃς
685 1153 803 1190 Guelf.
835 1152 944 1190 altera
969 1155 1108 1189 tantum
1132 1166 1240 1189 manu
1266 1153 1438 1190 additum.

668 1203 880 1239 VEsTmmo
907 1202 1105 1240 SPURINNA
1134 1207 1152 1249 ]
1179 1203 1277 1239 Inter
1300 1215 1432 1240 ceteras
1453 1203 1641 1253 Spurinnae
1670 1204 1855 1241 sementis
1881 1201 2003 1239 laudes

614 1253 691 1289 vim
705 1255 779 1301 ejus
798 1252 1150 1302 poeticam‘celebtat
1161 1253 1295 1288 Plinius
1310 1281 1318 1296 ,
1344 1254 1400 1289 III
1414 1282 1423 1297 ,
1442 1254 1508 1303 Ep.
1528 1267 1559 1290 1.
1575 1256 1691 1290 Scribit
1703 1258 1784 1290 enim
1800 1253 1976 1302 Spurinna
1991 1280 2002 1296 ,
2022 1298 2025 1299 ⁷

615 1303 653 1339 θ’
677 1304 800 1352 quidem
823 1302 954 1351 utraque
978 1304 1090 1351 linguei
1104 1334 1112 1346 ‚
1137 1305 1238 1352 lyrica
1259 1304 1438 1350 dofliffi'mt‘.
1463 1306 1552 1340 Mira
1572 1306 1638 1339 illis
1661 1305 1789 1340 dulcedo
1803 1335 1811 1347 ‚
1831 1306 1913 1338 mira
1926 1304 2005 1349 fi‘a·

614 1356 724 1396 vitas,
754 1355 836 1388 mira
860 1354 1037 1387 hilaritas:
1067 1357 1153 1401 cujus
1176 1356 1319 1403 gratiam
1345 1355 1487 1389 cumulat
1509 1355 1666 1400 fiznb‘t'itas
1688 1355 1866 1401 scribentis.
1893 1352 2004 1402 Frag-

615 1412 736 1439 menta
756 1404 830 1451 ejus
851 1402 1001 1438 odarum
1022 1402 1180 1451 quinque
1197 1402 1312 1439 edidit
1333 1399 1470 1451 G'aspar
1487 1403 1674 1446 Barthius,
1696 1403 1788 1440 inter
1806 1403 2004 1439 venaticos

617 1452 817 1501 Scriptores
842 1480 850 1495 ‚
877 1465 961 1487 mox
996 1452 1033 1486 in
1057 1451 1280 1488 Adversariis
1300 1480 1309 1494 ‚
1339 1452 1429 1495 XV,
1464 1464 1494 1500 ς.
1526 1453 1577 1488 Ea
1597 1452 1728 1489 deinde
1753 1451 1951 1489 accuratius
1969 1454 2003 1487 &

614 1514 696 1538 cum
726 1501 872 1538 eruditis
906 1501 1015 1537 Notis
1045 1501 1173 1538 iterum
1209 1501 1323 1538 edidit
1356 1502 1514 1538 eruditus
1540 1502 1695 1551 Bayerus
1721 1530 1730 1546 ,
1774 1503 2005 1538 commentarii

614 1553 796 1587 Academiae
820 1553 1030 1587 scientiarum
1052 1552 1298 1597 Petropolitanae
1314 1578 1323 1594 ,
1352 1551 1461 1587 Tom.
1484 1550 1545 1588 XI.
1570 1564 1653 1600 pag.
1686 1563 1753 1600 311
1783 1554 1816 1587 &
1842 1551 1937 1600 seqq.
1955 1551 2004 1587 At

618 1602 713 1638 certe
740 1601 794 1637 his
816 1601 1030 1637 carminibus
1053 1614 1127 1637 non
1153 1600 1241 1637 inest
1265 1613 1307 1637 ea
1329 1600 1506 1644 dulcedo,
1533 1614 1574 1638 ea
1600 1601 1777 1643 suavitas,
1806 1613 1848 1637 ea
1877 1600 2004 1636 hilari-

619 1662 670 1688 tas
686 1680 694 1696 ,
724 1665 830 1701 quam
854 1651 1085 1687 commendat
1099 1651 1254 1694 Plinius,
1276 1650 1336 1687 sed
1360 1651 1515 1700 operosa
1540 1650 1680 1687 tantum
1697 1651 1890 1688 verborum
1912 1663 2005 1687 con-

619 1702 812 1738 catenatio.
836 1701 946 1737 Unde
970 1701 1117 1737 minime
1142 1701 1355 1738 crediderim
1380 1701 1538 1737 carmina
1562 1701 1625 1736 illa
1649 1701 1714 1738 effe
1737 1701 1922 1750 Spurinnae
1950 1701 2005 1737 fe-

618 1762 704 1787 tum.
728 1751 769 1787 In
796 1751 862 1787 Ms.
883 1751 1171 1800 Martispurgenfi
1188 1780 1197 1793 ,
1229 1764 1248 1788 e
1270 1764 1343 1801 quo
1365 1751 1462 1788 edita
1480 1752 1560 1788 sunt
1575 1780 1582 1794 ,
1610 1751 1851 1786 inscribuntur
1870 1752 2005 1797 Vefhra-

617 1805 655 1836 tii
681 1802 722 1837 ad
744 1803 914 1837 Martium.
933 1801 1147 1837 Divinarum
1171 1800 1219 1837 est
1246 1814 1288 1837 ea
1311 1801 1377 1837 effe
1394 1801 1556 1838 Vestricii
1573 1801 1759 1850 Spurinnae
1787 1800 1831 1836 ad
1848 1799 2005 1836 Marium

619 1851 782 1894 Celsum,
811 1850 995 1887 consulem
1017 1851 1259 1900 designatum,
1294 1850 1338 1887 de
1362 1864 1436 1899 quo
1471 1852 1562 1900 saepe
1589 1851 1704 1901 agitur
1729 1851 1765 1886 in
1798 1850 1851 1886 his
1882 1850 2006 1885 Taciti

620 1901 861 1937 Historiarum
884 1900 994 1937 libris.
1018 1901 1053 1936 Si
1078 1901 1155 1950 quis
1182 1911 1299 1936 autem
1319 1901 1478 1937 voluerit
1501 1900 1619 1937 crudae
1641 1913 1682 1937 ac
1707 1900 1831 1936 viridis
1853 1899 2005 1936 senectu-

619 1950 664 1985 tis
693 1951 894 1999 exemplum
917 1951 1138 2000 cognoscere
1167 1978 1177 1994 ‚
1218 1950 1395 1999 integram
1415 1951 1510 2000 legat
1532 1950 1641 1987 Plinii
1665 1950 1873 2000 epistolam,
1898 1962 2006 1999 quam

622 1999 734 2036 modo
759 1999 928 2044 laudavi,
959 2004 992 2036 ὃς
1015 2001 1229 2049 Spurinnam
1255 2000 1424 2037 imitetur.

674 2049 802 2086 INTRA
829 2052 995 2086 GALLrAs
1025 2055 1042 2097 ]
1071 2051 1168 2087 Bene
1189 2050 1371 2086 MffiFlor.
1394 2049 1496 2086 Harl.
1519 2049 1626 2087 Bodl.
1645 2050 1711 2088 Jes.
1727 2050 1847 2087 Guelf.
1869 2049 2007 2086 Puteo-

619 2098 721 2134 lanus
735 2103 767 2135 δε
781 2099 1024 2136 Recentiores.
1040 2100 1138 2136 Male
1163 2100 1241 2137 Mss.
1263 2100 1375 2137 Corb.
1391 2099 1480 2149 Reg.
1498 2103 1530 2136 ὃς
1554 2099 1668 2138 editio
1691 2100 1858 2148 princeps
1873 2127 1882 2142 ,
1911 2102 2004 2137 inter.

673 2149 768 2184 Usus
799 2163 862 2185 nsT
891 2155 907 2196 ]
939 2151 992 2186 Ita
1018 2150 1093 2186 Mss.
1122 2150 1219 2186 Flor.
1247 2151 1334 2198 Reg.
1361 2150 1539 2187 editiones
1561 2161 1697 2187 veteres
1717 2154 1750 2187 δε
1775 2149 2004 2188 recentiores-

622 2197 666 2236 In
690 2197 767 2234 Mss.
785 2198 886 2235 Harl.
917 2199 1024 2235 Bodl.
1053 2199 1120 2237 Jes.
1149 2203 1182 2236 ὃς
1206 2199 1398 2237 Rhenanus
1422 2199 1561 2236 tantum
1576 2227 1586 2244 ‚
1616 2202 1698 2247 usus.

666 2298 772 2335 CAP.
800 2298 882 2334 XII.
912 2299 1297 2343 ADGREDIENDAEQUE
1325 2305 1343 2347 ]
1364 2300 1461 2337 Bene
1487 2300 1563 2336 ΜΠ.
1582 2298 1723 2336 Fames.
1742 2297 1852 2334 Corb.
1870 2296 2006 2344 Lipfius

615 2350 651 2397 βε
678 2346 916 2385 Recentiores.
936 2348 979 2383 In
1003 2349 1080 2386 Mss.
1109 2351 1197 2400 Reg.
1222 2350 1325 2388 Harl.
1354 2350 1464 2388 Bodl.
1493 2349 1562 2388 Jes.
1588 2353 1621 2386 &
1649 2347 1872 2386 editionibus
1901 2357 2006 2382 vete-

620 2396 740 2443 ribus,
767 2398 1053 2447 aggrediendisqice.

1805 2468 2005 2511 MitiTuM
