2209 3047
325 171 406 213 AD
432 172 657 214 LIBRUM
688 171 719 212 I.
749 169 895 212 HIST.
928 169 976 209 C.
1006 169 1185 210 CORN.
1217 164 1428 208 TACITI.
1485 181 1566 218 393

241 249 376 286 PAvon
408 262 629 286 ExTERRmT
651 253 668 296 ]
694 249 749 285 Ita
771 248 847 284 ΜΠ.
874 248 963 295 Reg.
996 246 1110 281 Corb.
1144 249 1177 282 ὃς
1208 245 1290 280 libri
1309 257 1433 281 omnes
1453 243 1570 286 editi,

185 310 314 346 praeter
333 299 362 336 J.
385 300 616 337 Gronovium
634 328 642 341 ,
665 300 725 349 qui
747 296 952 336 emendavit
971 308 990 331 e
1005 295 1069 330 Ms.
1086 294 1182 330 Flor.
1203 297 1328 331 terruit.
1350 295 1409 330 Sic
1425 306 1573 343 quoque

185 348 319 385 habent
337 350 414 386 Mis.
434 351 534 386 Harl.
550 349 658 386 Bodl.
677 349 743 386 Jes.
766 348 888 386 Guelf.
906 344 975 383 Sed
994 344 1032 380 in
1047 344 1113 380 Ms.
1136 344 1237 380 Harl.
1263 344 1490 381 emendatum
1510 358 1570 380 ex-

185 410 312 435 terruit.
1606 430 1609 433 ,

236 448 449 485 SpotxANm
477 461 663 486 cummim
681 451 692 495 ]
712 450 810 484 Bene
834 448 909 484 Mss.
927 446 1038 483 Corb.
1058 444 1145 493 Reg.
1165 444 1253 492 Agr.
1272 445 1385 481 editio
1401 444 1568 493 princeps

183 500 217 534 ὃς
233 498 461 536 recentiores.
492 500 535 535 In
558 499 632 535 Mff.
654 498 757 534 Harl.
776 498 881 533 Bodl.
899 497 966 534 Jes.
986 500 1019 533 &
1039 493 1274 532 Puteolanus,
1296 496 1483 540 cupidinem.

234 548 346 585 CAESA
372 561 510 585 TAMEN
541 543 594 585 Ab
624 560 814 591 QUATUOR
833 551 849 593 ]
878 549 929 582 Ad
944 545 1038 582 abest
1055 558 1075 580 a
1092 544 1157 581 Ms.
1179 542 1293 578 Corb.

235 598 327 635 CUM
358 610 665 635 MAGisTssArissus
693 609 741 633 ET
770 600 985 642 PREcrssus]
1014 595 1105 631 Haec
1132 593 1278 643 quidem
1310 591 1434 627 absunt
1454 605 1473 627 a
1502 592 1567 627 Ms.

185 648 305 685 Guelf.
327 650 377 685 At
402 662 444 685 ea
462 649 597 685 habent
615 647 724 684 ceteri
741 647 834 683 libri.
854 647 970 682 Multa
985 646 1022 682 id
1043 657 1153 694 genus
1170 644 1208 678 in
1230 642 1306 678 Mss.
1324 641 1444 677 Taciti
1461 642 1570 678 omis-

183 698 231 734 sa.
257 698 337 735 Nec
361 698 558 741 redundat,
582 699 618 734 ἐπ’
641 699 784 743 precibus
799 725 808 739 ,
829 707 869 732 ut
885 695 1059 733 existimat
1081 694 1138 731 Cl.
1160 691 1336 729 Ernestus.

236 749 375 783 Primus
405 760 631 788 FEMINISQUE
647 750 664 792 ]
682 747 724 782 In
739 747 815 784 Mff.
839 746 937 782 Flor.
955 746 1181 795 Agr.feminis
1193 744 1369 790 pueri‘fique.

236 796 544 835 TENDEBANTUR
562 800 579 843 ]
606 796 650 832 In
665 797 742 833 Mff.
770 796 857 846 Reg.
879 796 994 834 Corb.
1013 795 1097 844 Agr.
1131 797 1165 830 ὃς
1196 792 1359 829 editione
1380 790 1569 839 principe,

183 847 364 883 tendebant.

233 947 343 984 CAP.
374 947 500 984 LXIV.
530 948 576 985 IN
605 959 815 992 GAUDIUM,
845 959 925 984 Ati-r
960 956 1209 983 FORMIDINEM
1243 949 1260 991 ]
1297 943 1364 980 Ms.
1397 942 1509 980 Corb.
1537 945 1571 978 &

182 998 298 1035 editio
324 998 513 1047 princeps,
536 1002 569 1034 in
590 1000 710 1047 gaudio
726 1026 735 1042 ,
756 998 1011 1046 aut-formidine.

235 1048 399 1084 BELLUM
427 1060 634 1085 votvEBAT
653 1053 669 1094 ]
688 1049 780 1084 Haec
798 1048 889 1085 reste
916 1046 1074 1083 distinxit
1088 1045 1246 1082 eruditus
1262 1044 1446 1087 Graevius,
1465 1055 1571 1092 quem

183 1097 419 1135 Recentiores
443 1098 570 1136 merito
597 1099 678 1135 sunt
702 1098 826 1136 secuti.
851 1098 970 1135 Antea
1001 1110 1082 1134 curn
1105 1094 1349 1145 superioribus
1376 1095 1573 1143 conjunge-¹

184 1148 326 1186 bantur.

233 1198 377 1236 JURGIA
404 1211 558 1236 PRIMUM
578 1203 595 1245 ]
624 1199 723 1235 Male
742 1198 1026 1241 Freinshemius,
1045 1199 1165 1244 jurgio.

236 1247 465 1285 COHORTEM
495 1253 880 1295 DUODEVlCESIMAM]
914 1249 969 1285 Ita
993 1247 1058 1285 Ms.
1083 1247 1111 1282 A
1145 1259 1169 1282 r.
1197 1244 1359 1294 Ryckius
1381 1247 1415 1280 ὃς
1436 1243 1574 1280 Recen-

184 1298 307 1335 tiores.
330 1298 408 1335 Mff.
427 1298 525 1335 Flor.
543 1299 628 1349 Reg.
654 1299 767 1336 Corb.
793 1301 947 1334 cohortem
972 1299 1103 1333 XVIII.
1157 1295 1248 1331 ditio
1269 1295 1457 1343 princeps,
1485 1296 1574 1329 οὲἶα-

112 1353 116 1357 ’
183 1363 260 1384 vam
284 1349 449 1384 decimam.
471 1349 660 1397 Pei-peram
674 1351 711 1384 in
731 1349 809 1385 Mff.
824 1348 926 1384 Harl.
944 1347 1052 1383 Bodl.
1069 1346 1137 1383 Jes.
1157 1349 1190 1382 &
1207 1345 1426 1381 Puteolanus
1442 1372 1450 1387 ,
1467 1347 1575 1379 cohor-

184 1411 230 1434 tes
242 1399 368 1434 XVIII.
395 1400 440 1433 al.
466 1398 574 1442 Idest
598 1399 636 1434 in
661 1399 735 1434 alio
759 1398 825 1434 Ms.
851 1399 948 1433 XIII.
978 1396 1062 1432 Una
1094 1395 1201 1432 enim
1218 1395 1351 1431 cohors
1375 1393 1574 1443 praesidium

184 1446 356 1498 Lugduni
382 1448 563 1497 agitabat,
586 1459 627 1484 ut
651 1448 783 1485 dietum
806 1447 854 1484 est
877 1447 981 1496 supra
1001 1445 1133 1482 Annal.
1155 1444 1236 1486 ΙΙΙ,
1261 1458 1325 1492 41.
1350 1445 1442 1481 Mox
1461 1457 1481 1480 a
1503 1443 1572 1480 Ms.

187 1497 257 1535 Jes.
280 1496 375 1534 abest
391 1499 567 1545 Lugduni:
591 1497 681 1533 illud
704 1511 851 1548 quoque
869 1497 1032 1533 omissum
1055 1495 1205 1532 volebat
1219 1494 1366 1543 Lipsius.

240 1547 389 1584 SoL1T1s
417 1560 483 1583 s1131
502 1553 520 1595 ]
538 1547 752 1592 Rhenanus,
767 1546 1038 1596 fhlitisila1'3sed
1066 1545 1335 1582 adversantibus
1361 1544 1472 1582 libris.

196 1638 205 1644 ¹
239 1647 349 1684 CAP.
379 1646 490 1683 LXV.
518 1647 714 1685 FORTUNA
743 1658 906 1684 CONTRA
934 1658 1068 1683 DARET
1093 1649 1111 1692 ]
1149 1646 1301 1695 Optime
1340 1645 1574 1682 Puteolanus.

185 1697 369 1746 Corrupt'e
395 1697 472 1733 Mss.
499 1697 723 1735 Flor.Corb.
755 1698 964 1733 contraderet.
998 1696 1108 1733 Unde
1128 1696 1166 1732 in
1193 1695 1262 1731 Ms.
1281 1696 1371 1747 Agr.
1398 1695 1508 1731 contrd
1525 1709 1575 1731 ce-

186 1748 284 1784 deret.
307 1748 350 1783 ln
367 1747 434 1784 Ms.
458 1748 548 1798 Reg.
564 1751 597 1785 δε
614 1748 777 1785 editione
789 1747 976 1797 principe,
1001 1746 1240 1783 contradiceret.

239 1846 348 1885 CAP.
376 1847 503 1884 LXVI.
529 1847 588 1884 NE
618 1860 760 1885 LEGATI
788 1860 940 1890 QUIDEM
961 1850 978 1894 ]
1004 1847 1102 1885 Bene
1126 1846 1351 1884 Gronovius,
1381 1844 1425 1881 In
1448 1844 1575 1882 Mm&

188 1897 369 1936 veteribus
399 1898 642 1943 editionibus,
671 1913 724 1934 nec
740 1900 839 1944 legati
864 1899 1000 1948 quidem.

237 1947 511 1996 PRENSANDo]
535 1948 633 1986 Bene
658 1949 723 1986 Ms.
749 1948 848 1986 Flor.
874 1949 918 1984 In
937 1947 1014 1984 aliis
1035 1946 1113 1983 Mss'.
1138 1946 1236 1983 suetzi.
1255 1944 1409 1981 librariis
1431 1944 1579 1982 diversi-

193 2006 265 2034 tate
276 2025 285 2041 ,
297 1998 460 2046 preffizndo
476 1999 532 2036 vel
543 2000 769 2046 prelzensando.

243 2047 454 2085 TRECENos
481 2053 736 2096 sEsTERTms]
764 2048 821 2084 Ita
843 2048 919 2084 Mff.
937 2048 1035 2085 Flor.
1056 2046 1170 2083 Corb.
1188 2046 1273 2093 Agr.
1292 2044 1445 2093 Hispan.
1468 2046 1501 2080 δε
1522 2057 1579 2082 re«

191 2097 370 2134 centiores
389 2098 580 2136 editiones
606 2099 694 2136 Non
720 2100 771 2135 ita
796 2099 888 2135 bene
908 2098 984 2134 Mff.
1016 2096 1119 2134 Harl.
1142 2095 1250 2133 Bodl.
1269 2094 1336 2133 Jes.
1357 2097 1389 2130 ὃς
1407 2093 1580 2131 Puteola-

189 2160 276 2191 nus,
298 2150 441 2186 tricenos.
464 2151 499 2186 A
524 2149 590 2186 Ms.
618 2149 706 2200 Reg.
735 2153 769 2186 ὃς
789 2149 952 2186 editione
973 2148 1138 2196 principe
1164 2145 1260 2182 abest
1286 2157 1463 2181 numerus.

243 2197 405 2234 Srupms
436 2211 484 2235 ET
516 2203 784 2246 ADULTERns]
806 2198 894 2235 Non
916 2198 967 2235 ita
982 2198 1072 2235 bene
1091 2196 1168 2234 ΜΠ.
1192 2194 1295 2233 Harl.
1311 2193 1420 2233 Bodl.
1445 2207 1486 2231 ac
1513 2192 1579 2230 Pu-

193 2247 381 2292 teolanus,
403 2249 440 2284 ἐπ’
455 2249 588 2297 stupris.

242 2347 351 2385 CAP.
382 2349 531 2386 LXVII.
560 2350 667 2386 Omm
698 2353 845 2395 ARMIS]
868 2349 965 2386 Bene
994 2348 1188 2386 Rhenanus
1213 2359 1255 2383 ac
1270 2345 1514 2383 Recentiores.
1542 2342 1586 2377 In

194 2395 270 2434 ΜΠ.
289 2397 394 2436 Harl.
419 2399 528 2437 Bodl.
549 2399 671 2440 Guelf.
697 2403 731 2437 δε
747 2399 970 2437 editionibus
987 2398 1192 2445 veteribus,
1213 2399 1278 2446 soli
1305 2400 1336 2432 in
1361 2397 1469 2430 armis.

293 2470 400 2513 Tom.
432 2473 511 2516 III.
1274 2468 1315 2509 D
1332 2467 1357 2507 d
1374 2466 1400 2507 d
