2230 3047
461 310 575 336 A...UC

482 360 553 390 822.

484 412 508 434 J.
521 412 550 435 C.

493 461 546 493 69.

605 196 687 233 ιη
847 181 895 221 c
961 181 1362 224 CORNELII
1425 179 1732 223 TAchr

599 261 814 302 clamatum
834 261 999 316 repente
1025 278 1047 299 (<
1068 263 1445 333 quartamdecimam
1468 260 1702 332 legionem,
1724 260 1871 301 verso‘
1861 258 1977 302 itine-

599 341 619 361 »
631 328 698 362 re¹
712 352 724 372 ,
740 323 786 363 ad
803 322 992 378 proelium
1006 326 1142 366 venire
1158 343 1197 365 ιε)
1215 326 1281 366 sed
1297 337 1408 366 erant
1424 326 1591 378 agminis
1609 325 1838 365 coa&ores²
1849 325 1979 378 :agni-

599 387 656 435 ti,
677 385 883 440 dempsere
897 385 1222 428 sollicitudinem.
1240 388 1405 427 Interim
1425 387 1609 441 Verginii
1631 387 1764 427 servus
1786 386 1889 426 forte
1907 384 1978 426 ob·-

599 449 712 498 vius,
736 461 781 488 ut
804 464 826 484 c<
847 450 1047 504 percuffor
1060 449 1218 491 Vitellii
1240 455 1249 478 ³
1273 467 1294 486 >›
1316 448 1582 490 infimulatur:
1609 454 1649 490 &
1665 448 1803 489 ruebat
1821 449 1869 488 ad
1884 463 1978 489 con-

598 512 754 551 vivium
774 510 887 552 miles
900 542 912 562 ,
942 530 963 549 «
986 526 1157 553 mortem
1177 513 1360 566 Verginii
1375 518 1393 541 4
1409 530 1429 549 »
1451 512 1684 568 exposcens.
1701 514 1768 553 Ne
1787 509 1976 552 Vitellius
2034 518 2056 558 5

599 573 786 628 quidem,
814 589 1050 629 quamquam
1074 576 1120 615 ad
1144 589 1282 615 omnes
1303 574 1546 631 suspiciones
1567 575 1732 631 pavidus
1746 604 1758 625 ,
1788 574 1837 614 de
1859 574 1979 614 inno-

601 635 734 678 centia
756 635 839 688 ejus
861 637 1080 678 dubitavit:
1108 653 1208 692 aegre
1231 651 1363 678 tamen
1393 638 1590 688 cohibiti,
1618 639 1685 692 qui
1707 638 1874 679 exitium
1906 636 1982 675 viri

603 698 846 750 consularis,
873 705 913 740 ὅ(
937 701 1138 754 quondam
1157 701 1268 740 ducis
1289 700 1347 740 sui
1369 700 1613 755 flagitabant.
1629 702 1721 741 Nec
1742 713 1981 754 quemquam

600 762 738 818 saepius
752 792 764 812 ,
792 762 908 816 quam
931 764 1195 817 Verginium,
1223 764 1352 803 omnis
1383 763 1525 803 seditio
1550 763 1768 804 infestavit:
1796 760 1981 802 manebat

601 826 811 866 admiratio
832 827 934 876 viri,
959 829 999 865 ὅ(
1020 825 1149 871 fama3
1178 825 1243 865 sed
1267 826 1457 875 oderant,
1487 839 1531 866 ut
1550 826 1710 867 fastiditi
1733 831 1761 865 5.
2011 834 2061 861 10

666 887 839 928 LXIX.
866 889 1095 929 PosTERo
1112 889 1197 938 die,
1217 887 1427 939 Vitellius,
1447 889 1600 930 senatfis
1620 888 1845 943 legatione,
1865 901 1983 940 quam

601 949 658 991 ibi
673 951 847 1006 opperiri
861 949 1018 1003 jusserat
1030 980 1043 1001 ,
1064 950 1195 991 audita
1208 980 1221 1000 ,
1242 951 1496 1005 transgressus
1512 953 1553 991 in
1570 952 1690 992 castra
1701 981 1714 1002 ,
1736 949 1843 990 ultro
1860 966 1881 985 «
1898 950 1984 1005 pie-

603 1026 758 1054 »tatem
774 1011 946 1053 militum
970 1030 991 1050 »
1013 1011 1279 1053 collaudavit:
1300 1013 1559 1054 frementibus
1579 1013 1736 1054 auxiliis
1749 1043 1762 1063 ,
1786 1029 1807 1048 <c
1827 1024 1983 1053 tantum

602 1076 883 1132 »impunitatis
902 1090 1019 1130 atque
1035 1077 1265 1130 arrogantiae
1281 1075 1510 1130 legionariis
1523 1076 1746 1118 accessiffe»
1758 1107 1766 1116 .
1783 1075 1983 1116 Cohortes

603 1139 848 1179 Batavorum
861 1169 874 1190 ,
900 1154 950 1180 ne
967 1139 1062 1193 quid
1082 1138 1346 1179 truculentius
1363 1139 1574 1190 auderent,
1595 1141 1636 1179 in
1652 1140 1909 1180 Germaniam
1924 1152 1983 1178 re·
2014 1148 2025 1172 1
2040 1146 2060 1185 5

603 1201 720 1242 miffae
735 1215 746 1248 ς
769 1203 1010 1258 principium
1027 1202 1186 1242 interno
1201 1200 1314 1241 simul
1329 1215 1574 1256 externoque
1588 1201 1699 1243 bello
1722 1201 1739 1223 ⁶
1759 1200 1986 1258 parantibus

605 1264 708 1305 fatis.
730 1265 906 1305 Reddita
926 1264 1152 1306 civitatibus
1174 1264 1387 1305 Gallorum
1411 1265 1584 1315 auxilia,
1607 1267 1748 1320 ingens
1769 1278 1954 1305 numerus
1971 1292 1985 1313 ,

606 1332 647 1368 ὅ(
669 1324 793 1382 primii
816 1329 943 1368 statim
961 1327 1182 1368 defefflone
1196 1357 1208 1378 ,
1233 1329 1335 1368 inter
1358 1330 1489 1369 inania
1504 1327 1602 1368 belli
1619 1333 1633 1355 ⁷
1649 1328 1891 1384 adsumptus.
1908 1326 1986 1367 Ce-

605 1391 760 1439 terum,
785 1404 830 1431 ut
849 1389 1126 1445 largitionibus
1149 1391 1304 1431 adfe&ae
1325 1389 1404 1442 jam
1426 1392 1583 1447 imperii
1605 1406 1700 1446 opes
1727 1390 1955 1431 sufficerent
1970 1418 1984 1440 ,

614 1470 636 1490 «
659 1454 854 1508 amputari
875 1452 1083 1508 legionum
1103 1450 1117 1474 ⁸
1139 1452 1458 1509 auxiliorumque
1479 1469 1666 1494 numeros
1685 1471 1706 1490 >³
1727 1452 1838 1505 jubet
1851 1483 1863 1503 ,
1889 1454 1986 1493 veti-
2009 1463 2063 1489 20

607 1518 658 1557 tis
680 1515 988 1571 supplementis:
1015 1521 1055 1557 ὅ(
1073 1516 1305 1572 promiscuae
1326 1517 1522 1558 misfiones
1541 1516 1829 1558 offerebantur:
1852 1517 1986 1556 exitia-

607 1577 690 1620 bile
706 1578 746 1618 id
761 1578 1008 1635 reipublicae,
1022 1580 1222 1633 ingratum
1235 1575 1376 1631 militi',
1390 1582 1456 1621 cui
1471 1580 1609 1621 eadem
1625 1581 1760 1620 munia
1776 1582 1879 1620 inter
1895 1593 1987 1634 pau-

610 1657 680 1682 cos
694 1670 706 1691 ‚
726 1640 981 1696 periculaque
1003 1657 1048 1682 ac
1067 1641 1179 1682 labor
1201 1641 1374 1683 crebrius
1393 1642 1596 1683 redibant:
1617 1646 1658 1683 ὅ(
1672 1644 1774 1683 vires
1791 1641 1887 1682 luxu
1904 1657 1988 1682 cor-

609 1703 895 1759 rumpebantur
909 1734 922 1754 ,
948 1717 1087 1745 contra
1102 1719 1278 1746 veterem
1299 1705 1551 1761 disciplinam
1564 1735 1578 1756 ,
1609 1710 1650 1746 ὅ(
1665 1707 1839 1746 instituta
1859 1703 1986 1755 majo-

609 1782 697 1807 rum
713 1796 724 1816 ‚
751 1767 856 1823 apud
876 1781 974 1821 quos
995 1769 1169 1818 virtute,
1193 1767 1311 1822 quam
1332 1767 1503 1826 pecunia
1515 1798 1529 1820 ,
1556 1784 1618 1811 res
1639 1770 1827 1811 Romana
1846 1767 1986 1809 melius
2009 1776 2062 1815 25

610 1831 727 1870 stetit.

652 1911 792 1940 ¹VERso
808 1912 959 1949 mmmm]
973 1911 1052 1942 Vide
1063 1910 1149 1948 supra
1158 1920 1223 1949 cap.
1232 1913 1281 1942 66.
1319 1909 1486 1941 vianorum
1498 1934 1506 1947 ‚
1531 1920 1662 1942 externo
1679 1910 1792 1942 Civilis
1803 1934 1813 1949 ,
1835 1910 1886 1942 seu
1901 1912 1987 1941 Bata-

651 1951 824 1979 ²AGM1NIS
848 1961 1030 1981 coacToREs
1045 1951 1059 1987 ]
1082 1951 1220 1980 Extremi
1234 1961 1282 1990 ag·
1320 1960 1451 1986 vorum,
1469 1951 1568 1981 bello.

612 1986 727 2024 minis,
743 1987 770 2016 Ia
786 1999 867 2026 queue
888 1989 1061 2026 ἀεῖάνηιέε,
1085 1989 1224 2020 ductores
1247 1992 1281 2020 ὅ(
1359 1995 1372 2014 7
1394 1991 1489 2019 lmen
1508 2001 1615 2020 mama
1636 2001 1724 2020 num
1744 1991 1759 2027 ]
1788 1989 1888 2020 Prima
1912 1988 1986 2028 qui-

611 2029 790 2065 coac‘tores;
813 2038 890 2066 quos
914 2029 1012 2059 Graeci
1036 2032 1071 2058 ο·’
1061 2042 1152 2066 μαγις
1174 2029 1281 2068 appel—
1319 2028 1390 2058 dem
1407 2028 1582 2059 defectione
1602 2030 1766 2060 Gallorum
1787 2028 1904 2060 auxilia
1927 2029 1986 2058 ad—

611 2066 727 2096 labant.
1318 2067 1440 2111 sumpfit
1449 2068 1607 2112 Vitellius:
1635 2069 1795 2108 ingentem
1805 2078 1986 2104 numerum,

652 2110 661 2130 3
685 2106 863 2136 Peneussok
878 2106 1186 2144 V1TELL11]Vitellii
1200 2117 1280 2138 mor·
1317 2114 1348 2136 at
1363 2106 1444 2137 inter
1462 2107 1676 2145 inaniabelli;
1693 2108 1777 2146 quod
1797 2107 1902 2144 Galli,
1916 2115 1984 2137 tum

610 2151 675 2174 tem
694 2144 896 2175 machinatus.
913 2145 995 2175 Infra
1007 2155 1073 2184 cap.
1093 2156 1140 2185 75.
1157 2157 1280 2177 memo-
1317 2145 1422 2185 segnes
1446 2155 1531 2176 erant
1561 2147 1595 2177 &c
1617 2147 1769 2177 imbelle&
1791 2147 1871 2178 Vide
1898 2146 1985 2185 supra

610 2190 692 2213 ratur
715 2184 917 2223 Volaginius‚
937 2184 1136 2216 Scriboniani
1158 2186 1279 2224 percus-
1317 2185 1429 2215 Annal.
1448 2187 1507 2221 XI,
1526 2188 1572 2217 18.
1586 2186 1619 2218 ὅτ
1631 2186 1712 2216 infra
1725 2186 1788 2218 Vit.
1800 2186 1902 2226 Agric.
1917 2195 1984 2224 cap.

611 2223 670 2253 sor.
1322 2234 1368 2254 11.

647 2265 663 2284 4
684 2263 868 2298 Vfincnul]
901 2263 967 2291 Jam
998 2263 1164 2294 memorati
1192 2263 1278 2303 supra
1355 2263 1367 2282 ⁸
1389 2264 1560 2295 Arnum-AR}
1584 2265 1776 2301 ιεσιοΝυΜ]
1813 2264 1850 2292 In
1878 2262 1982 2294 nostro

609 2310 675 2338 cap.
693 2311 752 2338 493
769 2301 802 2331 &
820 2301 893 2330 alias
911 2301 998 2339 saepe.
1316 2302 1439 2333 Gallico
1470 2303 1523 2333 usu
1552 2312 1711 2342 amputare
1737 2312 1884 2333 numeros
1907 2301 1982 2331 dici-

651 2345 659 2365 5
684 2339 850 2370 FAsrmrn
870 2344 880 2374 J
905 2341 985 2370 Cum
1008 2341 1174 2380 imperium
1201 2344 1278 2373 Ver-
1314 2351 1401 2377 mus,
1424 2341 1550 2379 reformet
1573 2341 1620 2370 des
1648 2341 1856 2380 Compagnies:
1877 2349 1981 2371 vetare

608 2377 697 2416 ginio
711 2379 901 2409 obtulerant.
1315 2380 1542 2419 supplementa,
1565 2380 1690 2418 defendre
1718 2381 1757 2410 les
1783 2390 1875 2409 recrue
1877 2390 1906 2411 s:
1929 2379 1982 2411 of-

646 2418 658 2436 ⁶
679 2418 896 2456 Emmoqve
920 2421 1047 2457 nuto]
1063 2420 1191 2451 Interno
1205 2419 1275 2453 Fla·
1314 2418 1392 2451 ferre
1406 2420 1579 2459 miffiones,
1598 2419 1676 2460 offrir
1691 2419 1739 2450 des
1757 2419 1864 2460 congds.
