<?xml version="1.0" encoding="UTF-8"?>
<!DOCTYPE html PUBLIC "-//W3C//DTD XHTML 1.0 Transitional//EN"
    "http://www.w3.org/TR/xhtml1/DTD/xhtml1-transitional.dtd">
<html xmlns="http://www.w3.org/1999/xhtml" xml:lang="en" lang="en">
 <head>
  <title>
</title>
<meta http-equiv="Content-Type" content="text/html;charset=utf-8" />
  <meta name='ocr-system' content='tesseract 3.04.00' />
  <meta name='ocr-capabilities' content='ocr_page ocr_carea ocr_par ocr_line ocrx_word'/>
</head>
<body>
  <div class='ocr_page' id='page_1' title='image "./operabro03taciuoft_0491.png"; bbox 0 0 2209 3047; ppageno 0'>
   <div class='ocr_carea' id='block_1_1' title="bbox 340 172 1600 227">
    <p class='ocr_par' dir='ltr' id='par_1_1' title="bbox 340 172 1600 227">
     <span class='ocr_line' id='line_1_1' title="bbox 340 172 1600 227; baseline 0.001 -11"><span class='ocrx_word' id='word_1_1' title='bbox 340 172 423 216; x_wconf 87' lang='lat' dir='ltr'>AD</span> <span class='ocrx_word' id='word_1_2' title='bbox 442 174 668 217; x_wconf 84' lang='lat' dir='ltr'><strong>LIBRUM</strong></span> <span class='ocrx_word' id='word_1_3' title='bbox 689 173 764 215; x_wconf 91' lang='lat' dir='ltr'>III.</span> <span class='ocrx_word' id='word_1_4' title='bbox 790 173 934 215; x_wconf 87' lang='lat' dir='ltr'>HIST.</span> <span class='ocrx_word' id='word_1_5' title='bbox 968 173 1015 213; x_wconf 90' lang='lat' dir='ltr'>C.</span> <span class='ocrx_word' id='word_1_6' title='bbox 1041 173 1220 215; x_wconf 86' lang='lat' dir='ltr'>CORN.</span> <span class='ocrx_word' id='word_1_7' title='bbox 1246 172 1454 216; x_wconf 89' lang='lat' dir='ltr'>TACITI.</span> <span class='ocrx_word' id='word_1_8' title='bbox 1509 190 1600 227; x_wconf 76' lang='lat'>477</span> 
     </span>
    </p>
   </div>
   <div class='ocr_carea' id='block_1_2' title="bbox 194 250 1600 2453">
    <p class='ocr_par' dir='ltr' id='par_1_2' title="bbox 211 250 1600 402">
     <span class='ocr_line' id='line_1_2' title="bbox 211 250 1600 301; baseline 0 -11"><span class='ocrx_word' id='word_1_9' title='bbox 211 253 291 297; x_wconf 88' lang='grc' dir='ltr'>ΙΙΙ,</span> <span class='ocrx_word' id='word_1_10' title='bbox 317 264 367 301; x_wconf 76' lang='lat'>49</span> <span class='ocrx_word' id='word_1_11' title='bbox 384 256 418 290; x_wconf 66' lang='grc' dir='ltr'>ὃς</span> <span class='ocrx_word' id='word_1_12' title='bbox 437 254 499 299; x_wconf 88' lang='lat'>69.</span> <span class='ocrx_word' id='word_1_13' title='bbox 526 252 596 289; x_wconf 71' lang='lat' dir='ltr'>Hcc</span> <span class='ocrx_word' id='word_1_14' title='bbox 619 252 699 288; x_wconf 88' lang='lat' dir='ltr'>sunt</span> <span class='ocrx_word' id='word_1_15' title='bbox 724 250 996 287; x_wconf 69' lang='lat' dir='ltr'>substruaiones</span> <span class='ocrx_word' id='word_1_16' title='bbox 1017 279 1024 291; x_wconf 90' lang='lat'>,</span> <span class='ocrx_word' id='word_1_17' title='bbox 1048 264 1133 298; x_wconf 88' lang='lat' dir='ltr'>quas</span> <span class='ocrx_word' id='word_1_18' title='bbox 1154 251 1288 287; x_wconf 80' lang='lat' dir='ltr'>Plinius</span> <span class='ocrx_word' id='word_1_19' title='bbox 1315 252 1489 296; x_wconf 85' lang='lat' dir='ltr'>XXXVI,</span> <span class='ocrx_word' id='word_1_20' title='bbox 1532 266 1546 290; x_wconf 88' lang='lat'>1</span> <span class='ocrx_word' id='word_1_21' title='bbox 1561 264 1600 300; x_wconf 82' lang='grc' dir='ltr'>ς,</span> 
     </span>
     <span class='ocr_line' id='line_1_3' title="bbox 211 301 1598 352; baseline 0.001 -13"><span class='ocrx_word' id='word_1_22' title='bbox 211 305 340 350; x_wconf 81' lang='lat' dir='ltr'>insanas</span> <span class='ocrx_word' id='word_1_23' title='bbox 363 303 521 352; x_wconf 83' lang='lat' dir='ltr'>appellat</span> <span class='ocrx_word' id='word_1_24' title='bbox 534 330 543 345; x_wconf 87' lang='lat'>,</span> <span class='ocrx_word' id='word_1_25' title='bbox 566 303 615 339; x_wconf 94' lang='lat' dir='ltr'>ob</span> <span class='ocrx_word' id='word_1_26' title='bbox 635 301 886 339; x_wconf 82' lang='lat' dir='ltr'>incredibilem</span> <span class='ocrx_word' id='word_1_27' title='bbox 905 311 1056 350; x_wconf 88' lang='lat' dir='ltr'>operum</span> <span class='ocrx_word' id='word_1_28' title='bbox 1076 301 1321 339; x_wconf 85' lang='lat' dir='ltr'>difficultatem</span> <span class='ocrx_word' id='word_1_29' title='bbox 1337 331 1348 347; x_wconf 93' lang='lat'>,</span> <span class='ocrx_word' id='word_1_30' title='bbox 1366 302 1598 340; x_wconf 85' lang='lat' dir='ltr'>&amp;immensas</span> 
     </span>
     <span class='ocr_line' id='line_1_4' title="bbox 211 353 517 402; baseline -0.007 -12"><span class='ocrx_word' id='word_1_31' title='bbox 211 353 375 402; x_wconf 76' lang='lat' dir='ltr'>lapidum</span> <span class='ocrx_word' id='word_1_32' title='bbox 393 353 517 389; x_wconf 83' lang='lat' dir='ltr'>moles.</span> 
     </span>
    </p>

    <p class='ocr_par' dir='ltr' id='par_1_3' title="bbox 205 401 1599 942">
     <span class='ocr_line' id='line_1_5' title="bbox 261 401 1597 453; baseline -0.001 -14"><span class='ocrx_word' id='word_1_33' title='bbox 261 404 403 440; x_wconf 80' lang='lat' dir='ltr'>Servius</span> <span class='ocrx_word' id='word_1_34' title='bbox 417 402 560 438; x_wconf 89' lang='lat' dir='ltr'>Tullius</span> <span class='ocrx_word' id='word_1_35' title='bbox 578 405 611 438; x_wconf 70' lang='grc' dir='ltr'>ὅτ,</span> <span class='ocrx_word' id='word_1_36' title='bbox 624 403 843 453; x_wconf 80' lang='lat' dir='ltr'>Tarquinius</span> <span class='ocrx_word' id='word_1_37' title='bbox 868 402 1046 449; x_wconf 80' lang='lat' dir='ltr'>Superbus</span> <span class='ocrx_word' id='word_1_38' title='bbox 1062 428 1070 443; x_wconf 90' lang='lat'>,</span> <span class='ocrx_word' id='word_1_39' title='bbox 1099 402 1232 449; x_wconf 83' lang='lat' dir='ltr'>grande</span> <span class='ocrx_word' id='word_1_40' title='bbox 1267 416 1358 450; x_wconf 81' lang='lat' dir='ltr'>opus</span> <span class='ocrx_word' id='word_1_41' title='bbox 1385 401 1566 451; x_wconf 83' lang='lat' dir='ltr'>prosecuti</span> <span class='ocrx_word' id='word_1_42' title='bbox 1584 430 1597 447; x_wconf 90' lang='lat'>,</span> 
     </span>
     <span class='ocr_line' id='line_1_6' title="bbox 213 450 1599 501; baseline 0 -13"><span class='ocrx_word' id='word_1_43' title='bbox 213 453 387 500; x_wconf 83' lang='lat' dir='ltr'>templum</span> <span class='ocrx_word' id='word_1_44' title='bbox 409 452 617 488; x_wconf 78' lang='lat' dir='ltr'>exstruxere.</span> <span class='ocrx_word' id='word_1_45' title='bbox 645 452 847 488; x_wconf 76' lang='lat' dir='ltr'>Fundatum</span> <span class='ocrx_word' id='word_1_46' title='bbox 875 450 923 487; x_wconf 91' lang='lat' dir='ltr'>est</span> <span class='ocrx_word' id='word_1_47' title='bbox 950 451 986 486; x_wconf 90' lang='lat' dir='ltr'>in</span> <span class='ocrx_word' id='word_1_48' title='bbox 1006 450 1076 486; x_wconf 71' lang='lat' dir='ltr'>alta</span> <span class='ocrx_word' id='word_1_49' title='bbox 1097 451 1303 498; x_wconf 79' lang='lat' dir='ltr'>crepidine,</span> <span class='ocrx_word' id='word_1_50' title='bbox 1329 455 1411 488; x_wconf 58' lang='lat' dir='ltr'>octo</span> <span class='ocrx_word' id='word_1_51' title='bbox 1434 454 1599 501; x_wconf 80' lang='lat' dir='ltr'>jugerum</span> 
     </span>
     <span class='ocr_line' id='line_1_7' title="bbox 211 499 1598 551; baseline 0.001 -14"><span class='ocrx_word' id='word_1_52' title='bbox 211 503 349 538; x_wconf 88' lang='lat' dir='ltr'>ambitu</span> <span class='ocrx_word' id='word_1_53' title='bbox 364 531 373 545; x_wconf 93' lang='lat'>‚</span> <span class='ocrx_word' id='word_1_54' title='bbox 406 502 568 539; x_wconf 90' lang='lat' dir='ltr'>ducentis</span> <span class='ocrx_word' id='word_1_55' title='bbox 594 502 702 538; x_wconf 89' lang='lat' dir='ltr'>ferme</span> <span class='ocrx_word' id='word_1_56' title='bbox 723 501 874 549; x_wconf 85' lang='lat' dir='ltr'>pedibus</span> <span class='ocrx_word' id='word_1_57' title='bbox 903 512 1026 549; x_wconf 83' lang='lat' dir='ltr'>patens</span> <span class='ocrx_word' id='word_1_58' title='bbox 1048 512 1111 549; x_wconf 86' lang='lat' dir='ltr'>per</span> <span class='ocrx_word' id='word_1_59' title='bbox 1133 499 1243 536; x_wconf 84' lang='lat' dir='ltr'>latera</span> <span class='ocrx_word' id='word_1_60' title='bbox 1265 501 1397 550; x_wconf 84' lang='lat' dir='ltr'>singula</span> <span class='ocrx_word' id='word_1_61' title='bbox 1418 530 1427 545; x_wconf 94' lang='lat'>,</span> <span class='ocrx_word' id='word_1_62' title='bbox 1467 502 1598 551; x_wconf 75' lang='lat' dir='ltr'>exigua.</span> 
     </span>
     <span class='ocr_line' id='line_1_8' title="bbox 212 550 1595 601; baseline 0.001 -13"><span class='ocrx_word' id='word_1_63' title='bbox 212 552 413 588; x_wconf 80' lang='lat' dir='ltr'>latitudinis</span> <span class='ocrx_word' id='word_1_64' title='bbox 438 555 471 588; x_wconf 74' lang='grc' dir='ltr'>ἀ</span> <span class='ocrx_word' id='word_1_65' title='bbox 495 552 734 601; x_wconf 76' lang='lat' dir='ltr'>longitudinis</span> <span class='ocrx_word' id='word_1_66' title='bbox 763 550 963 587; x_wconf 74' lang='lat' dir='ltr'>differentia</span> <span class='ocrx_word' id='word_1_67' title='bbox 983 565 990 587; x_wconf 89' lang='lat'>:</span> <span class='ocrx_word' id='word_1_68' title='bbox 1012 550 1165 587; x_wconf 82' lang='lat' dir='ltr'>latitudo</span> <span class='ocrx_word' id='word_1_69' title='bbox 1200 550 1295 586; x_wconf 87' lang='lat' dir='ltr'>enim</span> <span class='ocrx_word' id='word_1_70' title='bbox 1321 563 1340 585; x_wconf 86' lang='lat' dir='ltr'>a</span> <span class='ocrx_word' id='word_1_71' title='bbox 1364 552 1595 601; x_wconf 85' lang='lat' dir='ltr'>longitudine</span> 
     </span>
     <span class='ocr_line' id='line_1_9' title="bbox 213 600 1594 651; baseline 0 -13"><span class='ocrx_word' id='word_1_72' title='bbox 213 614 290 638; x_wconf 88' lang='lat' dir='ltr'>non</span> <span class='ocrx_word' id='word_1_73' title='bbox 311 602 398 639; x_wconf 89' lang='lat' dir='ltr'>totis</span> <span class='ocrx_word' id='word_1_74' title='bbox 419 602 625 651; x_wconf 86' lang='lat' dir='ltr'>quindecim</span> <span class='ocrx_word' id='word_1_75' title='bbox 654 600 805 648; x_wconf 88' lang='lat' dir='ltr'>pedibus</span> <span class='ocrx_word' id='word_1_76' title='bbox 832 600 1073 647; x_wconf 70' lang='lat' dir='ltr'>superabatur.</span> <span class='ocrx_word' id='word_1_77' title='bbox 1107 601 1160 636; x_wconf 84' lang='lat' dir='ltr'>Ex</span> <span class='ocrx_word' id='word_1_78' title='bbox 1183 601 1225 637; x_wconf 72' lang='lat' dir='ltr'>ea</span> <span class='ocrx_word' id='word_1_79' title='bbox 1247 611 1370 648; x_wconf 83' lang='lat' dir='ltr'>parte,</span> <span class='ocrx_word' id='word_1_80' title='bbox 1401 604 1471 650; x_wconf 71' lang='lat' dir='ltr'>qua</span> <span class='ocrx_word' id='word_1_81' title='bbox 1494 603 1594 638; x_wconf 87' lang='lat' dir='ltr'>frons</span> 
     </span>
     <span class='ocr_line' id='line_1_10' title="bbox 209 649 1591 700; baseline -0.001 -11"><span class='ocrx_word' id='word_1_82' title='bbox 209 652 336 700; x_wconf 88' lang='lat' dir='ltr'>templi</span> <span class='ocrx_word' id='word_1_83' title='bbox 354 652 540 688; x_wconf 81' lang='lat' dir='ltr'>meridiem</span> <span class='ocrx_word' id='word_1_84' title='bbox 556 650 736 699; x_wconf 60' lang='lat' dir='ltr'>spectabat</span> <span class='ocrx_word' id='word_1_85' title='bbox 751 677 761 693; x_wconf 89' lang='lat'>,</span> <span class='ocrx_word' id='word_1_86' title='bbox 786 650 922 698; x_wconf 86' lang='lat' dir='ltr'>triplici</span> <span class='ocrx_word' id='word_1_87' title='bbox 941 651 1190 687; x_wconf 88' lang='lat' dir='ltr'>columnarum</span> <span class='ocrx_word' id='word_1_88' title='bbox 1213 649 1341 687; x_wconf 85' lang='lat' dir='ltr'>ordine</span> <span class='ocrx_word' id='word_1_89' title='bbox 1359 650 1591 699; x_wconf 82' lang='lat' dir='ltr'>cingebatur,</span> 
     </span>
     <span class='ocr_line' id='line_1_11' title="bbox 209 699 1593 750; baseline -0.001 -12"><span class='ocrx_word' id='word_1_90' title='bbox 209 714 231 738; x_wconf 83' lang='lat' dir='ltr'>a</span> <span class='ocrx_word' id='word_1_91' title='bbox 264 702 430 738; x_wconf 86' lang='lat' dir='ltr'>lateribus</span> <span class='ocrx_word' id='word_1_92' title='bbox 458 701 544 738; x_wconf 77' lang='lat' dir='ltr'>vero</span> <span class='ocrx_word' id='word_1_93' title='bbox 585 699 733 748; x_wconf 85' lang='lat' dir='ltr'>duplici.</span> <span class='ocrx_word' id='word_1_94' title='bbox 764 700 864 736; x_wconf 83' lang='lat' dir='ltr'>Intus</span> <span class='ocrx_word' id='word_1_95' title='bbox 894 710 961 737; x_wconf 90' lang='lat' dir='ltr'>tres</span> <span class='ocrx_word' id='word_1_96' title='bbox 988 712 1087 736; x_wconf 87' lang='lat' dir='ltr'>erant</span> <span class='ocrx_word' id='word_1_97' title='bbox 1119 700 1220 737; x_wconf 73' lang='lat' dir='ltr'>cellae</span> <span class='ocrx_word' id='word_1_98' title='bbox 1238 729 1247 744; x_wconf 84' lang='lat'>‚</span> <span class='ocrx_word' id='word_1_99' title='bbox 1275 712 1353 750; x_wconf 75' lang='lat' dir='ltr'>quae</span> <span class='ocrx_word' id='word_1_100' title='bbox 1371 701 1500 748; x_wconf 72' lang='lat' dir='ltr'>aequali</span> <span class='ocrx_word' id='word_1_101' title='bbox 1527 702 1593 737; x_wconf 89' lang='lat' dir='ltr'>dis-</span> 
     </span>
     <span class='ocr_line' id='line_1_12' title="bbox 207 749 1591 788; baseline 0.001 -1"><span class='ocrx_word' id='word_1_102' title='bbox 207 752 322 787; x_wconf 66' lang='lat' dir='ltr'>tantia</span> <span class='ocrx_word' id='word_1_103' title='bbox 346 750 598 787; x_wconf 86' lang='lat' dir='ltr'>communibus</span> <span class='ocrx_word' id='word_1_104' title='bbox 623 749 792 786; x_wconf 84' lang='lat' dir='ltr'>lateribus</span> <span class='ocrx_word' id='word_1_105' title='bbox 827 750 1134 787; x_wconf 81' lang='lat' dir='ltr'>continebantur:</span> <span class='ocrx_word' id='word_1_106' title='bbox 1160 750 1277 786; x_wconf 88' lang='lat' dir='ltr'>media</span> <span class='ocrx_word' id='word_1_107' title='bbox 1305 760 1379 786; x_wconf 88' lang='lat' dir='ltr'>erat</span> <span class='ocrx_word' id='word_1_108' title='bbox 1403 750 1505 787; x_wconf 82' lang='lat' dir='ltr'>Jovis</span> <span class='ocrx_word' id='word_1_109' title='bbox 1535 765 1545 786; x_wconf 79' lang='lat'>.-</span> <span class='ocrx_word' id='word_1_110' title='bbox 1571 765 1591 788; x_wconf 88' lang='lat' dir='ltr'>a</span> 
     </span>
     <span class='ocr_line' id='line_1_13' title="bbox 207 799 1591 849; baseline 0 -12"><span class='ocrx_word' id='word_1_111' title='bbox 207 800 377 837; x_wconf 86' lang='lat' dir='ltr'>lateribus</span> <span class='ocrx_word' id='word_1_112' title='bbox 411 800 521 836; x_wconf 81' lang='lat' dir='ltr'>altera</span> <span class='ocrx_word' id='word_1_113' title='bbox 542 799 695 837; x_wconf 70' lang='lat' dir='ltr'>„lunonis</span> <span class='ocrx_word' id='word_1_114' title='bbox 717 828 726 843; x_wconf 89' lang='lat'>‚</span> <span class='ocrx_word' id='word_1_115' title='bbox 764 799 872 836; x_wconf 86' lang='lat' dir='ltr'>altera</span> <span class='ocrx_word' id='word_1_116' title='bbox 900 800 1077 835; x_wconf 72' lang='lat' dir='ltr'>Minervce</span> <span class='ocrx_word' id='word_1_117' title='bbox 1102 827 1111 842; x_wconf 87' lang='grc'>,</span> <span class='ocrx_word' id='word_1_118' title='bbox 1143 804 1176 836; x_wconf 86' lang='lat'>&amp;</span> <span class='ocrx_word' id='word_1_119' title='bbox 1196 801 1259 836; x_wconf 90' lang='lat' dir='ltr'>sub</span> <span class='ocrx_word' id='word_1_120' title='bbox 1287 812 1362 836; x_wconf 89' lang='lat' dir='ltr'>uno</span> <span class='ocrx_word' id='word_1_121' title='bbox 1390 799 1591 849; x_wconf 83' lang='lat' dir='ltr'>eodemque</span> 
     </span>
     <span class='ocr_line' id='line_1_14' title="bbox 205 849 1589 900; baseline -0.001 -13"><span class='ocrx_word' id='word_1_122' title='bbox 205 852 301 887; x_wconf 54' lang='lat' dir='ltr'>tecto</span> <span class='ocrx_word' id='word_1_123' title='bbox 329 849 738 900; x_wconf 85' lang='lat' dir='ltr'>comprehendebantur.</span> <span class='ocrx_word' id='word_1_124' title='bbox 770 850 864 886; x_wconf 79' lang='lat' dir='ltr'>Haec</span> <span class='ocrx_word' id='word_1_125' title='bbox 886 849 1083 899; x_wconf 84' lang='lat' dir='ltr'>Dionysius</span> <span class='ocrx_word' id='word_1_126' title='bbox 1108 849 1342 887; x_wconf 83' lang='lat' dir='ltr'>Halicarnaff.</span> <span class='ocrx_word' id='word_1_127' title='bbox 1368 851 1478 899; x_wconf 86' lang='lat' dir='ltr'>Antiq.</span> <span class='ocrx_word' id='word_1_128' title='bbox 1499 854 1589 887; x_wconf 84' lang='lat' dir='ltr'>Rom.</span> 
     </span>
     <span class='ocr_line' id='line_1_15' title="bbox 207 901 381 942; baseline -0.011 -4"><span class='ocrx_word' id='word_1_129' title='bbox 207 901 284 942; x_wconf 92' lang='lat' dir='ltr'>IV,</span> <span class='ocrx_word' id='word_1_130' title='bbox 321 902 381 937; x_wconf 88' lang='lat'>61.</span> 
     </span>
    </p>

    <p class='ocr_par' dir='ltr' id='par_1_4' title="bbox 201 949 1590 1301">
     <span class='ocr_line' id='line_1_16' title="bbox 253 949 1589 999; baseline 0.001 -13"><span class='ocrx_word' id='word_1_131' title='bbox 253 952 442 998; x_wconf 87' lang='lat' dir='ltr'>Quantum</span> <span class='ocrx_word' id='word_1_132' title='bbox 477 961 595 987; x_wconf 86' lang='lat' dir='ltr'>autem</span> <span class='ocrx_word' id='word_1_133' title='bbox 629 949 869 999; x_wconf 83' lang='lat' dir='ltr'>impensarum</span> <span class='ocrx_word' id='word_1_134' title='bbox 902 951 939 985; x_wconf 88' lang='lat' dir='ltr'>in</span> <span class='ocrx_word' id='word_1_135' title='bbox 969 950 1044 986; x_wconf 89' lang='lat' dir='ltr'>hoc</span> <span class='ocrx_word' id='word_1_136' title='bbox 1065 949 1204 999; x_wconf 88' lang='lat' dir='ltr'>templo</span> <span class='ocrx_word' id='word_1_137' title='bbox 1237 950 1453 987; x_wconf 68' lang='lat' dir='ltr'>aedificando</span> <span class='ocrx_word' id='word_1_138' title='bbox 1480 950 1589 988; x_wconf 82' lang='lat' dir='ltr'>fuerit</span> 
     </span>
     <span class='ocr_line' id='line_1_17' title="bbox 203 999 1589 1050; baseline 0 -14"><span class='ocrx_word' id='word_1_139' title='bbox 203 1000 334 1037; x_wconf 62' lang='lat' dir='ltr'>facium</span> <span class='ocrx_word' id='word_1_140' title='bbox 359 1000 521 1037; x_wconf 82' lang='lat' dir='ltr'>aestimari</span> <span class='ocrx_word' id='word_1_141' title='bbox 544 999 679 1049; x_wconf 85' lang='lat' dir='ltr'>potest,</span> <span class='ocrx_word' id='word_1_142' title='bbox 704 1000 787 1036; x_wconf 72' lang='lat' dir='ltr'>cum</span> <span class='ocrx_word' id='word_1_143' title='bbox 806 1029 816 1044; x_wconf 88' lang='lat'>,</span> <span class='ocrx_word' id='word_1_144' title='bbox 850 999 934 1036; x_wconf 87' lang='lat' dir='ltr'>teste</span> <span class='ocrx_word' id='word_1_145' title='bbox 965 999 1072 1036; x_wconf 88' lang='lat' dir='ltr'>Livio</span> <span class='ocrx_word' id='word_1_146' title='bbox 1088 1028 1096 1044; x_wconf 82' lang='grc'>,</span> <span class='ocrx_word' id='word_1_147' title='bbox 1115 1001 1131 1036; x_wconf 93' lang='grc' dir='ltr'>Ι</span> <span class='ocrx_word' id='word_1_148' title='bbox 1151 1028 1160 1043; x_wconf 83' lang='grc'>,</span> <span class='ocrx_word' id='word_1_149' title='bbox 1190 1011 1260 1049; x_wconf 82' lang='lat'>55,</span> <span class='ocrx_word' id='word_1_150' title='bbox 1286 1002 1516 1050; x_wconf 81' lang='lat' dir='ltr'>quadringenta</span> <span class='ocrx_word' id='word_1_151' title='bbox 1537 1014 1589 1036; x_wconf 85' lang='lat' dir='ltr'>ta-</span> 
     </span>
     <span class='ocr_line' id='line_1_18' title="bbox 203 1049 1588 1098; baseline 0 -12"><span class='ocrx_word' id='word_1_152' title='bbox 203 1052 311 1094; x_wconf 84' lang='lat' dir='ltr'>lenta,</span> <span class='ocrx_word' id='word_1_153' title='bbox 341 1050 493 1086; x_wconf 73' lang='lat' dir='ltr'>Gallicae</span> <span class='ocrx_word' id='word_1_154' title='bbox 509 1061 665 1087; x_wconf 72' lang='lat' dir='ltr'>,monetae</span> <span class='ocrx_word' id='word_1_155' title='bbox 694 1049 795 1086; x_wconf 76' lang='lat' dir='ltr'>librce</span> <span class='ocrx_word' id='word_1_156' title='bbox 818 1053 1031 1098; x_wconf 76' lang='lat'>2,178,750</span> <span class='ocrx_word' id='word_1_157' title='bbox 1048 1081 1056 1093; x_wconf 95' lang='lat'>‚</span> <span class='ocrx_word' id='word_1_158' title='bbox 1082 1053 1142 1085; x_wconf 74' lang='lat' dir='ltr'>vix</span> <span class='ocrx_word' id='word_1_159' title='bbox 1162 1053 1194 1085; x_wconf 86' lang='lat' dir='ltr'>in</span> <span class='ocrx_word' id='word_1_160' title='bbox 1208 1051 1423 1097; x_wconf 77' lang='lat' dir='ltr'>fundamenta</span> <span class='ocrx_word' id='word_1_161' title='bbox 1435 1052 1588 1098; x_wconf 79' lang='lat' dir='ltr'>suppedi-</span> 
     </span>
     <span class='ocr_line' id='line_1_19' title="bbox 202 1099 1585 1149; baseline 0.001 -13"><span class='ocrx_word' id='word_1_162' title='bbox 202 1111 323 1137; x_wconf 76' lang='lat' dir='ltr'>tavere.</span> <span class='ocrx_word' id='word_1_163' title='bbox 345 1101 390 1136; x_wconf 87' lang='lat' dir='ltr'>In</span> <span class='ocrx_word' id='word_1_164' title='bbox 412 1100 490 1136; x_wconf 78' lang='lat' dir='ltr'>haec</span> <span class='ocrx_word' id='word_1_165' title='bbox 507 1100 740 1136; x_wconf 83' lang='lat' dir='ltr'>fundamenta</span> <span class='ocrx_word' id='word_1_166' title='bbox 759 1100 919 1149; x_wconf 89' lang='lat' dir='ltr'>impensa</span> <span class='ocrx_word' id='word_1_167' title='bbox 941 1100 1039 1136; x_wconf 82' lang='lat' dir='ltr'>fuisse</span> <span class='ocrx_word' id='word_1_168' title='bbox 1062 1099 1298 1149; x_wconf 84' lang='lat' dir='ltr'>quadraginta</span> <span class='ocrx_word' id='word_1_169' title='bbox 1326 1101 1439 1136; x_wconf 86' lang='lat' dir='ltr'>millia</span> <span class='ocrx_word' id='word_1_170' title='bbox 1456 1101 1585 1149; x_wconf 88' lang='lat' dir='ltr'>pondo</span> 
     </span>
     <span class='ocr_line' id='line_1_20' title="bbox 201 1149 1590 1199; baseline 0.001 -13"><span class='ocrx_word' id='word_1_171' title='bbox 201 1150 366 1199; x_wconf 80' lang='lat' dir='ltr'>argenti,</span> <span class='ocrx_word' id='word_1_172' title='bbox 397 1150 551 1187; x_wconf 75' lang='lat' dir='ltr'>Gallicae</span> <span class='ocrx_word' id='word_1_173' title='bbox 583 1161 739 1187; x_wconf 64' lang='lat' dir='ltr'>monetae</span> <span class='ocrx_word' id='word_1_174' title='bbox 774 1150 882 1186; x_wconf 88' lang='lat' dir='ltr'>libras</span> <span class='ocrx_word' id='word_1_175' title='bbox 915 1160 1145 1198; x_wconf 76' lang='lat' dir='ltr'>2‚514,5oo,</span> <span class='ocrx_word' id='word_1_176' title='bbox 1166 1149 1273 1185; x_wconf 87' lang='lat' dir='ltr'>tradit</span> <span class='ocrx_word' id='word_1_177' title='bbox 1294 1150 1526 1195; x_wconf 81' lang='lat' dir='ltr'>Plutarchus,</span> <span class='ocrx_word' id='word_1_178' title='bbox 1551 1152 1590 1188; x_wconf 87' lang='lat' dir='ltr'>in</span> 
     </span>
     <span class='ocr_line' id='line_1_21' title="bbox 202 1199 1590 1252; baseline 0.001 -16"><span class='ocrx_word' id='word_1_179' title='bbox 202 1199 420 1249; x_wconf 46' lang='lat' dir='ltr'>Poplicola,</span> <span class='ocrx_word' id='word_1_180' title='bbox 435 1213 516 1251; x_wconf 86' lang='lat' dir='ltr'>pag.</span> <span class='ocrx_word' id='word_1_181' title='bbox 537 1211 622 1250; x_wconf 80' lang='lat'>105.</span> <span class='ocrx_word' id='word_1_182' title='bbox 639 1208 770 1246; x_wconf 63' lang='grc' dir='ltr'>Λέγεται</span> <span class='ocrx_word' id='word_1_183' title='bbox 785 1205 816 1237; x_wconf 54' lang='grc' dir='ltr'>δὲ</span> <span class='ocrx_word' id='word_1_184' title='bbox 833 1212 990 1251; x_wconf 76' lang='grc' dir='ltr'><em>Ταρκυνιον</em></span> <span class='ocrx_word' id='word_1_185' title='bbox 1009 1206 1047 1240; x_wconf 80' lang='grc' dir='ltr'>εἷς</span> <span class='ocrx_word' id='word_1_186' title='bbox 1073 1201 1127 1240; x_wconf 61' lang='lat' dir='ltr'>‘nir</span> <span class='ocrx_word' id='word_1_187' title='bbox 1151 1204 1286 1245; x_wconf 70' lang='grc' dir='ltr'>θεμελίεςς</span> <span class='ocrx_word' id='word_1_188' title='bbox 1306 1204 1462 1238; x_wconf 50' lang='lat' dir='ltr'>drama-as</span> <span class='ocrx_word' id='word_1_189' title='bbox 1483 1207 1590 1252; x_wconf 78' lang='grc' dir='ltr'><strong><em>λίτρας</em></strong></span> 
     </span>
     <span class='ocr_line' id='line_1_22' title="bbox 201 1254 617 1301; baseline 0.005 -16"><span class='ocrx_word' id='word_1_190' title='bbox 201 1254 331 1300; x_wconf 63' lang='grc' dir='ltr'>ἐργορίε</span> <span class='ocrx_word' id='word_1_191' title='bbox 350 1256 617 1301; x_wconf 71' lang='grc' dir='ltr'>τετρακισμυρίας.</span> 
     </span>
    </p>

    <p class='ocr_par' dir='ltr' id='par_1_5' title="bbox 198 1300 1589 1698">
     <span class='ocr_line' id='line_1_23' title="bbox 256 1300 1587 1349; baseline 0.003 -13"><span class='ocrx_word' id='word_1_192' title='bbox 256 1301 377 1337; x_wconf 88' lang='lat' dir='ltr'>Tanta</span> <span class='ocrx_word' id='word_1_193' title='bbox 402 1312 521 1338; x_wconf 86' lang='lat' dir='ltr'>autem</span> <span class='ocrx_word' id='word_1_194' title='bbox 538 1302 632 1338; x_wconf 88' lang='lat' dir='ltr'>aedes</span> <span class='ocrx_word' id='word_1_195' title='bbox 654 1305 668 1348; x_wconf 89' lang='lat'><strong>(</strong></span> <span class='ocrx_word' id='word_1_196' title='bbox 684 1314 725 1338; x_wconf 91' lang='lat' dir='ltr'>ea</span> <span class='ocrx_word' id='word_1_197' title='bbox 744 1311 822 1338; x_wconf 89' lang='lat' dir='ltr'>tum</span> <span class='ocrx_word' id='word_1_198' title='bbox 846 1311 920 1339; x_wconf 86' lang='lat' dir='ltr'>erat</span> <span class='ocrx_word' id='word_1_199' title='bbox 937 1314 1078 1337; x_wconf 87' lang='lat' dir='ltr'>morum</span> <span class='ocrx_word' id='word_1_200' title='bbox 1096 1300 1299 1349; x_wconf 84' lang='lat' dir='ltr'>simplicitas</span> <span class='ocrx_word' id='word_1_201' title='bbox 1317 1303 1331 1347; x_wconf 94' lang='lat'>)</span> <span class='ocrx_word' id='word_1_202' title='bbox 1365 1302 1587 1340; x_wconf 76' lang='lat' dir='ltr'>excedificata</span> 
     </span>
     <span class='ocr_line' id='line_1_24' title="bbox 201 1350 1589 1400; baseline 0.001 -12"><span class='ocrx_word' id='word_1_203' title='bbox 201 1350 252 1388; x_wconf 84' lang='lat' dir='ltr'>est</span> <span class='ocrx_word' id='word_1_204' title='bbox 267 1379 276 1394; x_wconf 95' lang='lat'>,</span> <span class='ocrx_word' id='word_1_205' title='bbox 306 1362 345 1387; x_wconf 87' lang='lat' dir='ltr'>ut</span> <span class='ocrx_word' id='word_1_206' title='bbox 369 1351 482 1387; x_wconf 65' lang='lat' dir='ltr'>fiailis</span> <span class='ocrx_word' id='word_1_207' title='bbox 509 1351 641 1400; x_wconf 84' lang='lat' dir='ltr'>effigies</span> <span class='ocrx_word' id='word_1_208' title='bbox 664 1353 765 1388; x_wconf 88' lang='lat' dir='ltr'>Jovis</span> <span class='ocrx_word' id='word_1_209' title='bbox 784 1352 821 1387; x_wconf 88' lang='lat' dir='ltr'>in</span> <span class='ocrx_word' id='word_1_210' title='bbox 837 1351 1026 1399; x_wconf 84' lang='lat' dir='ltr'>Capitolio</span> <span class='ocrx_word' id='word_1_211' title='bbox 1050 1351 1242 1387; x_wconf 87' lang='lat' dir='ltr'>locaretur.</span> <span class='ocrx_word' id='word_1_212' title='bbox 1278 1352 1415 1387; x_wconf 85' lang='lat' dir='ltr'>Aurum</span> <span class='ocrx_word' id='word_1_213' title='bbox 1439 1353 1535 1389; x_wconf 90' lang='lat' dir='ltr'>enirn</span> <span class='ocrx_word' id='word_1_214' title='bbox 1555 1357 1589 1391; x_wconf 81' lang='grc' dir='ltr'>δε</span> 
     </span>
     <span class='ocr_line' id='line_1_25' title="bbox 199 1400 1588 1450; baseline 0.002 -14"><span class='ocrx_word' id='word_1_215' title='bbox 199 1411 387 1450; x_wconf 84' lang='lat' dir='ltr'>argentum</span> <span class='ocrx_word' id='word_1_216' title='bbox 419 1414 465 1437; x_wconf 89' lang='lat' dir='ltr'>ne</span> <span class='ocrx_word' id='word_1_217' title='bbox 498 1400 564 1436; x_wconf 87' lang='lat' dir='ltr'>diis</span> <span class='ocrx_word' id='word_1_218' title='bbox 589 1401 734 1449; x_wconf 87' lang='lat' dir='ltr'>quidem</span> <span class='ocrx_word' id='word_1_219' title='bbox 759 1401 1031 1437; x_wconf 84' lang='lat' dir='ltr'>conficiebatur.</span> <span class='ocrx_word' id='word_1_220' title='bbox 1063 1400 1199 1436; x_wconf 35' lang='lat' dir='ltr'>Fiailisf</span> <span class='ocrx_word' id='word_1_221' title='bbox 1223 1401 1364 1437; x_wconf 76' lang='lat' dir='ltr'>tantum</span> <span class='ocrx_word' id='word_1_222' title='bbox 1398 1403 1588 1439; x_wconf 85' lang='lat' dir='ltr'>colebatur</span> 
     </span>
     <span class='ocr_line' id='line_1_26' title="bbox 198 1450 1587 1501; baseline 0.001 -13"><span class='ocrx_word' id='word_1_223' title='bbox 198 1450 361 1499; x_wconf 86' lang='lat' dir='ltr'>Jupiter,</span> <span class='ocrx_word' id='word_1_224' title='bbox 392 1450 529 1487; x_wconf 88' lang='lat' dir='ltr'>&amp;ideo</span> <span class='ocrx_word' id='word_1_225' title='bbox 553 1450 695 1487; x_wconf 87' lang='lat' dir='ltr'>miniari</span> <span class='ocrx_word' id='word_1_226' title='bbox 718 1451 843 1487; x_wconf 84' lang='lat' dir='ltr'>solitus</span> <span class='ocrx_word' id='word_1_227' title='bbox 865 1464 874 1486; x_wconf 87' lang='lat'><strong>:</strong></span> <span class='ocrx_word' id='word_1_228' title='bbox 894 1450 1016 1487; x_wconf 72' lang='lat' dir='ltr'>fifflles</span> <span class='ocrx_word' id='word_1_229' title='bbox 1042 1463 1187 1500; x_wconf 87' lang='lat' dir='ltr'>quoque</span> <span class='ocrx_word' id='word_1_230' title='bbox 1215 1451 1253 1486; x_wconf 87' lang='lat' dir='ltr'>in</span> <span class='ocrx_word' id='word_1_231' title='bbox 1280 1451 1421 1501; x_wconf 84' lang='lat' dir='ltr'>fastigio</span> <span class='ocrx_word' id='word_1_232' title='bbox 1459 1453 1587 1501; x_wconf 89' lang='lat' dir='ltr'>templi</span> 
     </span>
     <span class='ocr_line' id='line_1_27' title="bbox 199 1499 1585 1551; baseline 0.003 -16"><span class='ocrx_word' id='word_1_233' title='bbox 199 1500 396 1550; x_wconf 69' lang='lat' dir='ltr'>quadrigae.</span> <span class='ocrx_word' id='word_1_234' title='bbox 436 1499 528 1536; x_wconf 90' lang='lat' dir='ltr'>Plin.</span> <span class='ocrx_word' id='word_1_235' title='bbox 551 1500 707 1543; x_wconf 88' lang='lat' dir='ltr'>XXXV,</span> <span class='ocrx_word' id='word_1_236' title='bbox 740 1513 798 1536; x_wconf 87' lang='lat'>12.</span> <span class='ocrx_word' id='word_1_237' title='bbox 838 1501 881 1536; x_wconf 91' lang='lat' dir='ltr'>In</span> <span class='ocrx_word' id='word_1_238' title='bbox 911 1500 981 1536; x_wconf 86' lang='lat' dir='ltr'>hac</span> <span class='ocrx_word' id='word_1_239' title='bbox 1005 1510 1123 1536; x_wconf 88' lang='lat' dir='ltr'>tamen</span> <span class='ocrx_word' id='word_1_240' title='bbox 1158 1500 1235 1537; x_wconf 76' lang='lat' dir='ltr'>aede</span> <span class='ocrx_word' id='word_1_241' title='bbox 1255 1501 1357 1538; x_wconf 86' lang='lat' dir='ltr'>Jovis</span> <span class='ocrx_word' id='word_1_242' title='bbox 1381 1502 1585 1551; x_wconf 84' lang='lat' dir='ltr'>Capitolini</span> 
     </span>
     <span class='ocr_line' id='line_1_28' title="bbox 198 1549 1584 1599; baseline 0.003 -13"><span class='ocrx_word' id='word_1_243' title='bbox 198 1549 455 1598; x_wconf 79' lang='lat' dir='ltr'>scalpturarum</span> <span class='ocrx_word' id='word_1_244' title='bbox 478 1550 723 1599; x_wconf 84' lang='lat' dir='ltr'>pavimentum</span> <span class='ocrx_word' id='word_1_245' title='bbox 744 1550 899 1598; x_wconf 88' lang='lat' dir='ltr'>primum</span> <span class='ocrx_word' id='word_1_246' title='bbox 924 1550 1053 1586; x_wconf 67' lang='lat' dir='ltr'>factum</span> <span class='ocrx_word' id='word_1_247' title='bbox 1074 1549 1121 1587; x_wconf 83' lang='lat' dir='ltr'>est</span> <span class='ocrx_word' id='word_1_248' title='bbox 1140 1550 1221 1599; x_wconf 86' lang='lat' dir='ltr'>post</span> <span class='ocrx_word' id='word_1_249' title='bbox 1241 1552 1384 1587; x_wconf 87' lang='lat' dir='ltr'>tertium</span> <span class='ocrx_word' id='word_1_250' title='bbox 1408 1551 1584 1590; x_wconf 88' lang='lat' dir='ltr'>Punicum</span> 
     </span>
     <span class='ocr_line' id='line_1_29' title="bbox 199 1599 1586 1651; baseline 0.003 -14"><span class='ocrx_word' id='word_1_251' title='bbox 199 1599 337 1637; x_wconf 86' lang='lat' dir='ltr'>bellum</span> <span class='ocrx_word' id='word_1_252' title='bbox 364 1599 505 1637; x_wconf 89' lang='lat' dir='ltr'>initum.</span> <span class='ocrx_word' id='word_1_253' title='bbox 536 1600 628 1636; x_wconf 87' lang='lat' dir='ltr'>Plin.</span> <span class='ocrx_word' id='word_1_254' title='bbox 656 1600 831 1643; x_wconf 87' lang='lat' dir='ltr'>XXXVI,</span> <span class='ocrx_word' id='word_1_255' title='bbox 852 1611 913 1650; x_wconf 78' lang='lat'>25.</span> <span class='ocrx_word' id='word_1_256' title='bbox 938 1599 1021 1648; x_wconf 85' lang='lat' dir='ltr'>Ejus</span> <span class='ocrx_word' id='word_1_257' title='bbox 1052 1611 1171 1636; x_wconf 88' lang='lat' dir='ltr'>autern</span> <span class='ocrx_word' id='word_1_258' title='bbox 1190 1601 1371 1651; x_wconf 80' lang='lat' dir='ltr'>laquearia</span> <span class='ocrx_word' id='word_1_259' title='bbox 1392 1602 1472 1651; x_wconf 90' lang='lat' dir='ltr'>post</span> <span class='ocrx_word' id='word_1_260' title='bbox 1497 1603 1586 1640; x_wconf 85' lang='lat' dir='ltr'>Car-</span> 
     </span>
     <span class='ocr_line' id='line_1_30' title="bbox 198 1649 1246 1698; baseline 0.001 -11"><span class='ocrx_word' id='word_1_261' title='bbox 198 1649 386 1698; x_wconf 80' lang='lat' dir='ltr'>thaginem</span> <span class='ocrx_word' id='word_1_262' title='bbox 409 1650 566 1687; x_wconf 86' lang='lat' dir='ltr'>eversam</span> <span class='ocrx_word' id='word_1_263' title='bbox 589 1650 749 1686; x_wconf 84' lang='lat' dir='ltr'>inaurata</span> <span class='ocrx_word' id='word_1_264' title='bbox 774 1650 864 1686; x_wconf 87' lang='lat' dir='ltr'>sunt.</span> <span class='ocrx_word' id='word_1_265' title='bbox 892 1649 983 1686; x_wconf 90' lang='lat' dir='ltr'>Plin.</span> <span class='ocrx_word' id='word_1_266' title='bbox 1015 1650 1193 1695; x_wconf 87' lang='lat' dir='ltr'>XXXIII,</span> <span class='ocrx_word' id='word_1_267' title='bbox 1214 1663 1246 1698; x_wconf 81' lang='lat'>3.</span> 
     </span>
    </p>

    <p class='ocr_par' dir='ltr' id='par_1_6' title="bbox 194 1699 1587 2400">
     <span class='ocr_line' id='line_1_31' title="bbox 250 1699 1586 1750; baseline 0.002 -13"><span class='ocrx_word' id='word_1_268' title='bbox 250 1700 502 1750; x_wconf 86' lang='lat' dir='ltr'>Conflagravit</span> <span class='ocrx_word' id='word_1_269' title='bbox 528 1699 618 1736; x_wconf 89' lang='lat' dir='ltr'>istud</span> <span class='ocrx_word' id='word_1_270' title='bbox 645 1700 837 1749; x_wconf 88' lang='lat' dir='ltr'>templum,</span> <span class='ocrx_word' id='word_1_271' title='bbox 855 1700 1005 1749; x_wconf 85' lang='lat' dir='ltr'>Syllano</span> <span class='ocrx_word' id='word_1_272' title='bbox 1028 1699 1127 1736; x_wconf 89' lang='lat' dir='ltr'>bello</span> <span class='ocrx_word' id='word_1_273' title='bbox 1153 1728 1162 1743; x_wconf 94' lang='lat'>,</span> <span class='ocrx_word' id='word_1_274' title='bbox 1189 1714 1286 1737; x_wconf 89' lang='lat' dir='ltr'>anno</span> <span class='ocrx_word' id='word_1_275' title='bbox 1300 1701 1410 1738; x_wconf 87' lang='lat' dir='ltr'>Urbis</span> <span class='ocrx_word' id='word_1_276' title='bbox 1427 1702 1586 1740; x_wconf 72' lang='lat' dir='ltr'>conditce</span> 
     </span>
     <span class='ocr_line' id='line_1_32' title="bbox 199 1749 1587 1799; baseline 0.001 -12"><span class='ocrx_word' id='word_1_277' title='bbox 199 1762 355 1787; x_wconf 81' lang='lat' dir='ltr'>Dchxr.</span> <span class='ocrx_word' id='word_1_278' title='bbox 390 1751 482 1787; x_wconf 84' lang='lat' dir='ltr'>Mox</span> <span class='ocrx_word' id='word_1_279' title='bbox 510 1749 636 1787; x_wconf 90' lang='lat' dir='ltr'>iisdem</span> <span class='ocrx_word' id='word_1_280' title='bbox 673 1750 786 1786; x_wconf 87' lang='lat' dir='ltr'>rursus</span> <span class='ocrx_word' id='word_1_281' title='bbox 819 1749 975 1799; x_wconf 86' lang='lat' dir='ltr'>vestigiis</span> <span class='ocrx_word' id='word_1_282' title='bbox 1007 1749 1107 1786; x_wconf 87' lang='lat' dir='ltr'>s1tum</span> <span class='ocrx_word' id='word_1_283' title='bbox 1141 1750 1199 1787; x_wconf 86' lang='lat' dir='ltr'>est.</span> <span class='ocrx_word' id='word_1_284' title='bbox 1239 1751 1308 1787; x_wconf 87' lang='lat' dir='ltr'>Sed</span> <span class='ocrx_word' id='word_1_285' title='bbox 1342 1752 1426 1788; x_wconf 75' lang='lat' dir='ltr'>cum</span> <span class='ocrx_word' id='word_1_286' title='bbox 1448 1752 1587 1790; x_wconf 85' lang='lat' dir='ltr'>luxuria</span> 
     </span>
     <span class='ocr_line' id='line_1_33' title="bbox 198 1800 1587 1851; baseline 0.003 -15"><span class='ocrx_word' id='word_1_287' title='bbox 198 1810 287 1837; x_wconf 81' lang='lat' dir='ltr'>tunc</span> <span class='ocrx_word' id='word_1_288' title='bbox 302 1800 525 1838; x_wconf 84' lang='lat' dir='ltr'>adolesceret</span> <span class='ocrx_word' id='word_1_289' title='bbox 544 1828 553 1844; x_wconf 96' lang='lat'>,</span> <span class='ocrx_word' id='word_1_290' title='bbox 581 1811 753 1837; x_wconf 88' lang='lat' dir='ltr'>certatum</span> <span class='ocrx_word' id='word_1_291' title='bbox 775 1801 823 1838; x_wconf 83' lang='lat' dir='ltr'>est</span> <span class='ocrx_word' id='word_1_292' title='bbox 844 1811 883 1836; x_wconf 90' lang='lat' dir='ltr'>ut</span> <span class='ocrx_word' id='word_1_293' title='bbox 907 1801 1191 1850; x_wconf 85' lang='lat' dir='ltr'>Tarquiniorum</span> <span class='ocrx_word' id='word_1_294' title='bbox 1210 1814 1302 1850; x_wconf 90' lang='lat' dir='ltr'>opus</span> <span class='ocrx_word' id='word_1_295' title='bbox 1318 1802 1587 1851; x_wconf 64' lang='lat' dir='ltr'>magnificentia</span> 
     </span>
     <span class='ocr_line' id='line_1_34' title="bbox 197 1850 1586 1903; baseline 0.002 -17"><span class='ocrx_word' id='word_1_296' title='bbox 197 1850 414 1887; x_wconf 88' lang='lat' dir='ltr'>vinceretur.</span> <span class='ocrx_word' id='word_1_297' title='bbox 429 1850 527 1900; x_wconf 89' lang='lat' dir='ltr'>Sy-lla</span> <span class='ocrx_word' id='word_1_298' title='bbox 542 1878 550 1894; x_wconf 92' lang='lat'>,</span> <span class='ocrx_word' id='word_1_299' title='bbox 572 1850 821 1887; x_wconf 85' lang='lat' dir='ltr'>Romanorum</span> <span class='ocrx_word' id='word_1_300' title='bbox 847 1851 1029 1887; x_wconf 74' lang='lat' dir='ltr'>ditissimus</span> <span class='ocrx_word' id='word_1_301' title='bbox 1049 1879 1057 1894; x_wconf 95' lang='lat'>‚</span> <span class='ocrx_word' id='word_1_302' title='bbox 1080 1851 1232 1887; x_wconf 87' lang='lat' dir='ltr'>Athenis</span> <span class='ocrx_word' id='word_1_303' title='bbox 1247 1866 1289 1888; x_wconf 78' lang='lat' dir='ltr'>ex</span> <span class='ocrx_word' id='word_1_304' title='bbox 1303 1853 1404 1889; x_wconf 89' lang='lat' dir='ltr'>Jovis</span> <span class='ocrx_word' id='word_1_305' title='bbox 1419 1852 1586 1903; x_wconf 87' lang='lat' dir='ltr'>Olympii</span> 
     </span>
     <span class='ocr_line' id='line_1_35' title="bbox 198 1900 1586 1950; baseline 0.003 -14"><span class='ocrx_word' id='word_1_306' title='bbox 198 1901 338 1949; x_wconf 84' lang='lat' dir='ltr'>templo</span> <span class='ocrx_word' id='word_1_307' title='bbox 376 1900 561 1937; x_wconf 86' lang='lat' dir='ltr'>columnas</span> <span class='ocrx_word' id='word_1_308' title='bbox 590 1900 812 1950; x_wconf 85' lang='lat' dir='ltr'>Capitolinis</span> <span class='ocrx_word' id='word_1_309' title='bbox 846 1901 982 1937; x_wconf 73' lang='lat' dir='ltr'>aedibus</span> <span class='ocrx_word' id='word_1_310' title='bbox 1017 1901 1173 1937; x_wconf 84' lang='lat' dir='ltr'>advexit.</span> <span class='ocrx_word' id='word_1_311' title='bbox 1209 1902 1302 1938; x_wconf 83' lang='lat' dir='ltr'>Plin.</span> <span class='ocrx_word' id='word_1_312' title='bbox 1331 1903 1483 1940; x_wconf 85' lang='lat' dir='ltr'>XXXVI</span> <span class='ocrx_word' id='word_1_313' title='bbox 1502 1931 1511 1946; x_wconf 87' lang='lat'>,</span> <span class='ocrx_word' id='word_1_314' title='bbox 1551 1904 1586 1942; x_wconf 91' lang='lat'>6.</span> 
     </span>
     <span class='ocr_line' id='line_1_36' title="bbox 199 1949 1586 2001; baseline 0.004 -15"><span class='ocrx_word' id='word_1_315' title='bbox 199 1949 350 1987; x_wconf 88' lang='lat' dir='ltr'>Catulus</span> <span class='ocrx_word' id='word_1_316' title='bbox 374 1951 511 2001; x_wconf 86' lang='lat' dir='ltr'>tegulas</span> <span class='ocrx_word' id='word_1_317' title='bbox 538 1963 644 1988; x_wconf 80' lang='lat' dir='ltr'>aereas</span> <span class='ocrx_word' id='word_1_318' title='bbox 662 1951 852 1988; x_wconf 83' lang='lat' dir='ltr'>inauravit.</span> <span class='ocrx_word' id='word_1_319' title='bbox 874 1950 965 1987; x_wconf 88' lang='lat' dir='ltr'>Plin.</span> <span class='ocrx_word' id='word_1_320' title='bbox 991 1950 1172 1994; x_wconf 84' lang='lat' dir='ltr'>XXXIII,</span> <span class='ocrx_word' id='word_1_321' title='bbox 1196 1963 1228 1998; x_wconf 84' lang='lat'>3.</span> <span class='ocrx_word' id='word_1_322' title='bbox 1258 1953 1388 1989; x_wconf 85' lang='lat' dir='ltr'>Cetera</span> <span class='ocrx_word' id='word_1_323' title='bbox 1422 1954 1495 1999; x_wconf 78' lang='lat' dir='ltr'>ejus</span> <span class='ocrx_word' id='word_1_324' title='bbox 1523 1953 1586 1991; x_wconf 90' lang='lat' dir='ltr'>de-</span> 
     </span>
     <span class='ocr_line' id='line_1_37' title="bbox 198 2001 1585 2052; baseline 0.003 -16"><span class='ocrx_word' id='word_1_325' title='bbox 198 2012 306 2045; x_wconf 86' lang='lat' dir='ltr'>cora,</span> <span class='ocrx_word' id='word_1_326' title='bbox 324 2001 403 2036; x_wconf 85' lang='lat' dir='ltr'>aliis</span> <span class='ocrx_word' id='word_1_327' title='bbox 424 2001 515 2050; x_wconf 75' lang='lat' dir='ltr'>sccpe</span> <span class='ocrx_word' id='word_1_328' title='bbox 534 2012 749 2045; x_wconf 85' lang='lat' dir='ltr'>memorata,</span> <span class='ocrx_word' id='word_1_329' title='bbox 778 2001 865 2050; x_wconf 89' lang='lat' dir='ltr'>quid</span> <span class='ocrx_word' id='word_1_330' title='bbox 892 2010 1051 2049; x_wconf 83' lang='lat' dir='ltr'>repetam</span> <span class='ocrx_word' id='word_1_331' title='bbox 1081 2001 1094 2037; x_wconf 83' lang='lat'>?</span> <span class='ocrx_word' id='word_1_332' title='bbox 1121 2001 1211 2037; x_wconf 81' lang='lat' dir='ltr'>Satis</span> <span class='ocrx_word' id='word_1_333' title='bbox 1238 2001 1277 2037; x_wconf 84' lang='lat' dir='ltr'>fit</span> <span class='ocrx_word' id='word_1_334' title='bbox 1298 2002 1495 2039; x_wconf 84' lang='lat' dir='ltr'>observaffe</span> <span class='ocrx_word' id='word_1_335' title='bbox 1511 2005 1585 2052; x_wconf 86' lang='lat' dir='ltr'>ejus</span> 
     </span>
     <span class='ocr_line' id='line_1_38' title="bbox 197 2050 1584 2102; baseline 0.002 -16"><span class='ocrx_word' id='word_1_336' title='bbox 197 2062 288 2098; x_wconf 89' lang='lat' dir='ltr'>opes</span> <span class='ocrx_word' id='word_1_337' title='bbox 313 2050 350 2086; x_wconf 90' lang='lat' dir='ltr'>in</span> <span class='ocrx_word' id='word_1_338' title='bbox 376 2051 585 2087; x_wconf 87' lang='lat' dir='ltr'>immensum</span> <span class='ocrx_word' id='word_1_339' title='bbox 610 2051 708 2088; x_wconf 82' lang='lat' dir='ltr'>fuiffe</span> <span class='ocrx_word' id='word_1_340' title='bbox 733 2053 848 2087; x_wconf 63' lang='lat' dir='ltr'>auctas</span> <span class='ocrx_word' id='word_1_341' title='bbox 871 2051 1188 2100; x_wconf 84' lang='lat' dir='ltr'>triumphantium,</span> <span class='ocrx_word' id='word_1_342' title='bbox 1213 2051 1500 2102; x_wconf 84' lang='lat' dir='ltr'>magistratuum,</span> <span class='ocrx_word' id='word_1_343' title='bbox 1527 2066 1584 2089; x_wconf 87' lang='lat' dir='ltr'>ur-</span> 
     </span>
     <span class='ocr_line' id='line_1_39' title="bbox 196 2099 1583 2153; baseline 0.002 -16"><span class='ocrx_word' id='word_1_344' title='bbox 196 2099 320 2143; x_wconf 85' lang='lat' dir='ltr'>bium,</span> <span class='ocrx_word' id='word_1_345' title='bbox 343 2101 612 2149; x_wconf 84' lang='lat' dir='ltr'>provinciarum</span> <span class='ocrx_word' id='word_1_346' title='bbox 634 2129 643 2144; x_wconf 95' lang='lat'>‚</span> <span class='ocrx_word' id='word_1_347' title='bbox 678 2102 901 2151; x_wconf 85' lang='lat' dir='ltr'>populorum</span> <span class='ocrx_word' id='word_1_348' title='bbox 930 2129 940 2145; x_wconf 88' lang='lat'>,</span> <span class='ocrx_word' id='word_1_349' title='bbox 982 2112 1186 2138; x_wconf 85' lang='lat' dir='ltr'>exterorum</span> <span class='ocrx_word' id='word_1_350' title='bbox 1214 2103 1323 2139; x_wconf 87' lang='lat' dir='ltr'>etiam</span> <span class='ocrx_word' id='word_1_351' title='bbox 1346 2116 1468 2153; x_wconf 86' lang='lat' dir='ltr'>regum</span> <span class='ocrx_word' id='word_1_352' title='bbox 1494 2131 1502 2146; x_wconf 90' lang='lat'>,</span> <span class='ocrx_word' id='word_1_353' title='bbox 1540 2116 1583 2140; x_wconf 84' lang='lat' dir='ltr'>ac</span> 
     </span>
     <span class='ocr_line' id='line_1_40' title="bbox 197 2149 1582 2200; baseline 0.002 -15"><span class='ocrx_word' id='word_1_354' title='bbox 197 2149 342 2186; x_wconf 87' lang='lat' dir='ltr'>demum</span> <span class='ocrx_word' id='word_1_355' title='bbox 366 2150 546 2187; x_wconf 77' lang='lat' dir='ltr'>Caesarum</span> <span class='ocrx_word' id='word_1_356' title='bbox 577 2151 746 2187; x_wconf 85' lang='lat' dir='ltr'>donariis.</span> <span class='ocrx_word' id='word_1_357' title='bbox 772 2151 954 2200; x_wconf 87' lang='lat' dir='ltr'>Principes</span> <span class='ocrx_word' id='word_1_358' title='bbox 971 2150 1008 2186; x_wconf 87' lang='lat' dir='ltr'>in</span> <span class='ocrx_word' id='word_1_359' title='bbox 1033 2151 1332 2190; x_wconf 85' lang='lat' dir='ltr'>easliberalitates</span> <span class='ocrx_word' id='word_1_360' title='bbox 1344 2153 1436 2190; x_wconf 87' lang='lat' dir='ltr'>adeo</span> <span class='ocrx_word' id='word_1_361' title='bbox 1455 2153 1550 2189; x_wconf 82' lang='lat' dir='ltr'>effusi</span> <span class='ocrx_word' id='word_1_362' title='bbox 1571 2180 1582 2196; x_wconf 92' lang='lat'>,</span> 
     </span>
     <span class='ocr_line' id='line_1_41' title="bbox 198 2200 1581 2250; baseline 0.004 -16"><span class='ocrx_word' id='word_1_363' title='bbox 198 2212 235 2234; x_wconf 79' lang='lat' dir='ltr'>ut</span> <span class='ocrx_word' id='word_1_364' title='bbox 250 2203 283 2234; x_wconf 86' lang='lat' dir='ltr'>in</span> <span class='ocrx_word' id='word_1_365' title='bbox 302 2200 414 2235; x_wconf 79' lang='lat' dir='ltr'>cellam</span> <span class='ocrx_word' id='word_1_366' title='bbox 439 2203 613 2246; x_wconf 85' lang='lat' dir='ltr'>Capitolini</span> <span class='ocrx_word' id='word_1_367' title='bbox 630 2202 719 2237; x_wconf 77' lang='lat' dir='ltr'>Iovis</span> <span class='ocrx_word' id='word_1_368' title='bbox 731 2202 865 2250; x_wconf 77' lang='lat' dir='ltr'>sedecim</span> <span class='ocrx_word' id='word_1_369' title='bbox 886 2203 992 2237; x_wconf 83' lang='lat' dir='ltr'>millia</span> <span class='ocrx_word' id='word_1_370' title='bbox 1007 2203 1112 2248; x_wconf 83' lang='lat' dir='ltr'>pondo</span> <span class='ocrx_word' id='word_1_371' title='bbox 1135 2206 1208 2238; x_wconf 80' lang='lat' dir='ltr'>auri</span> <span class='ocrx_word' id='word_1_372' title='bbox 1222 2231 1230 2247; x_wconf 91' lang='lat'><strong>‚</strong></span> <span class='ocrx_word' id='word_1_373' title='bbox 1257 2203 1409 2240; x_wconf 77' lang='lat' dir='ltr'>Gallicae</span> <span class='ocrx_word' id='word_1_374' title='bbox 1427 2213 1581 2239; x_wconf 70' lang='lat' dir='ltr'>monetat</span> 
     </span>
     <span class='ocr_line' id='line_1_42' title="bbox 194 2249 1581 2301; baseline 0.001 -15"><span class='ocrx_word' id='word_1_375' title='bbox 194 2249 324 2293; x_wconf 78' lang='lat' dir='ltr'>libras,</span> <span class='ocrx_word' id='word_1_376' title='bbox 346 2262 578 2299; x_wconf 83' lang='lat' dir='ltr'>15,120,ooo</span> <span class='ocrx_word' id='word_1_377' title='bbox 593 2279 601 2294; x_wconf 91' lang='lat'>,</span> <span class='ocrx_word' id='word_1_378' title='bbox 623 2266 763 2299; x_wconf 79' lang='lat' dir='ltr'>gemmas</span> <span class='ocrx_word' id='word_1_379' title='bbox 788 2266 823 2287; x_wconf 88' lang='lat' dir='ltr'>ac</span> <span class='ocrx_word' id='word_1_380' title='bbox 847 2254 1040 2299; x_wconf 79' lang='lat' dir='ltr'>margaritas</span> <span class='ocrx_word' id='word_1_381' title='bbox 1063 2255 1258 2301; x_wconf 70' lang='lat' dir='ltr'>quingenties</span> <span class='ocrx_word' id='word_1_382' title='bbox 1271 2253 1451 2301; x_wconf 63' lang='lat' dir='ltr'>fiaestertiiim</span> <span class='ocrx_word' id='word_1_383' title='bbox 1465 2279 1473 2294; x_wconf 89' lang='lat'>,</span> <span class='ocrx_word' id='word_1_384' title='bbox 1490 2253 1581 2288; x_wconf 88' lang='lat' dir='ltr'>Gal-</span> 
     </span>
     <span class='ocr_line' id='line_1_43' title="bbox 196 2299 1579 2353; baseline 0 -16"><span class='ocrx_word' id='word_1_385' title='bbox 196 2299 278 2337; x_wconf 78' lang='lat' dir='ltr'>lieae</span> <span class='ocrx_word' id='word_1_386' title='bbox 306 2310 460 2336; x_wconf 75' lang='lat' dir='ltr'>monetae</span> <span class='ocrx_word' id='word_1_387' title='bbox 490 2300 596 2336; x_wconf 84' lang='lat' dir='ltr'>libras</span> <span class='ocrx_word' id='word_1_388' title='bbox 623 2313 835 2349; x_wconf 83' lang='lat'>9,727,512</span> <span class='ocrx_word' id='word_1_389' title='bbox 860 2330 870 2345; x_wconf 93' lang='lat'>,</span> <span class='ocrx_word' id='word_1_390' title='bbox 896 2302 960 2336; x_wconf 71' lang='lat' dir='ltr'>und</span> <span class='ocrx_word' id='word_1_391' title='bbox 982 2303 1148 2338; x_wconf 84' lang='lat' dir='ltr'>donatione</span> <span class='ocrx_word' id='word_1_392' title='bbox 1185 2307 1354 2340; x_wconf 76' lang='lat' dir='ltr'>contulerit</span> <span class='ocrx_word' id='word_1_393' title='bbox 1392 2302 1579 2353; x_wconf 78' lang='lat' dir='ltr'>Augustus.</span> 
     </span>
     <span class='ocr_line' id='line_1_44' title="bbox 199 2348 636 2400; baseline 0.002 -15"><span class='ocrx_word' id='word_1_394' title='bbox 199 2348 336 2386; x_wconf 88' lang='lat' dir='ltr'>Sueton</span> <span class='ocrx_word' id='word_1_395' title='bbox 358 2350 393 2385; x_wconf 87' lang='lat' dir='ltr'>in</span> <span class='ocrx_word' id='word_1_396' title='bbox 413 2351 510 2400; x_wconf 88' lang='lat' dir='ltr'>Aug.</span> <span class='ocrx_word' id='word_1_397' title='bbox 525 2350 636 2386; x_wconf 89' lang='lat' dir='ltr'>XXX.</span> 
     </span>
    </p>

    <p class='ocr_par' dir='ltr' id='par_1_7' title="bbox 252 2399 1582 2453">
     <span class='ocr_line' id='line_1_45' title="bbox 252 2399 1582 2453; baseline 0.003 -18"><span class='ocrx_word' id='word_1_398' title='bbox 252 2399 452 2451; x_wconf 83' lang='lat' dir='ltr'>Imaginare</span> <span class='ocrx_word' id='word_1_399' title='bbox 465 2413 563 2440; x_wconf 88' lang='lat' dir='ltr'>nunc</span> <span class='ocrx_word' id='word_1_400' title='bbox 576 2401 747 2452; x_wconf 62' lang='lat' dir='ltr'>picturas,</span> <span class='ocrx_word' id='word_1_401' title='bbox 775 2401 901 2439; x_wconf 82' lang='lat' dir='ltr'>statuas</span> <span class='ocrx_word' id='word_1_402' title='bbox 914 2429 925 2449; x_wconf 89' lang='lat'>‚</span> <span class='ocrx_word' id='word_1_403' title='bbox 950 2405 985 2440; x_wconf 69' lang='grc' dir='ltr'>ὃς</span> <span class='ocrx_word' id='word_1_404' title='bbox 1012 2402 1289 2453; x_wconf 72' lang='lat' dir='ltr'>proestantfflima</span> <span class='ocrx_word' id='word_1_405' title='bbox 1322 2403 1450 2440; x_wconf 82' lang='lat' dir='ltr'>artium</span> <span class='ocrx_word' id='word_1_406' title='bbox 1474 2401 1582 2439; x_wconf 81' lang='lat' dir='ltr'>mira-</span> 
     </span>
    </p>
   </div>
  </div>
 </body>
</html>
