2209 3047
72 841 131 869 Χιο
156 826 283 866 statim
316 824 494 882 profilit³
523 842 531 866 :

77 1473 134 1501 20

280 173 364 215 AD
398 172 623 214 LIBRUM
659 167 934 227 QUINTUM
967 168 1393 212 HISTORIARUM.

1458 185 1543 222 339

156 254 214 312 pli
239 255 437 296 incendiis
460 267 646 311 operatos
670 252 877 294 invadunt.
901 249 1044 292 Talem
1070 253 1337 306 pervicaciam
1363 253 1544 309 indigna·

155 332 219 360 tus
259 318 373 359 miles
413 320 655 368 Romanus,
693 316 994 358 tumultuariam
1029 314 1258 358 Judaeorum
1290 331 1451 357 manum
1490 319 1544 358 ita

154 382 356 439 perculit,
379 395 424 421 ut
446 380 540 437 fuga·
571 380 787 421 conversos
813 382 854 420 in
882 377 1078 436 templum
1105 378 1227 431 usque
1257 380 1543 434 insequeretur.
1594 401 1657 425 J‚(:,

155 446 263 486 Tum
282 460 333 486 ex
350 447 396 486 iis
417 460 539 495 unus,
560 443 744 496 injussus,
766 444 833 484 sed
853 443 992 484 divino
1012 441 1186 498 quodam
1206 443 1358 497 impetu
1383 450 1392 466 ¹
1417 446 1542 496 aetus,

105 522 129 563 5
155 522 262 550 torre
285 522 500 565 correpto,
529 508 735 562 alteroque
766 506 999 548 sublevante
1027 505 1181 555 milite,
1208 506 1388 547 incensas
1416 522 1543 548 mate-

156 574 232 613 rias
257 588 327 629 per
349 573 558 614 fenestram
590 585 775 620 auream,
803 571 910 611 unde
940 571 988 612 ad
1018 568 1140 611 cellas
1173 569 1280 609 circa
1305 570 1500 625 templum
1527 576 1544 593 ²

156 637 301 693 positas
330 639 464 678 versus
492 635 832 692 Septemtrionem
857 648 940 675 erat
967 634 1119 683 aditus,
1146 630 1289 684 injicit.
1309 633 1364 673 Ut
1385 635 1544 676 flamma

158 701 289 756 erupit
305 729 318 750 ,
345 700 502 740 auditus
527 699 782 747 judaeorum,
813 697 902 754 plus
936 696 1054 752 quam
1083 697 1360 753 pereuntium,
1379 695 1544 738 clamor.

156 763 221 804 Re
248 763 372 813 Tito,
408 764 585 816 quietem
612 762 819 818 captanti,

863 761 1033 817 propere
1062 758 1242 800 nuntiata
1264 789 1277 810 ,
1316 775 1338 800 e
1368 762 1546 800 tentorio

566 824 741 867 adcurrit
766 839 811 865 ut
837 824 1025 866 incendia
1056 824 1317 879 comprimat:
1348 824 1548 864 comitan-

155 902 221 931 tur
247 889 393 930 duces:
424 903 445 929 e
472 890 603 931 castris
627 887 813 930 omnibus
843 889 1050 929 concurrit
1075 889 1288 928 exercitus.
1311 887 1464 928 Omnia
1492 888 1548 928 in—

157 953 333 994 conditis
355 950 597 994 clamoribus
616 953 844 1008 personant.
861 952 961 993 Tito
984 965 1088 992 voce
1110 965 1309 1005 manuque
1330 955 1347 979 4
1372 967 1392 987 «
1414 952 1548 991 incen-

155 1016 299 1057 »dium
333 1017 522 1071 restingui
551 1033 572 1053 >›
600 1016 873 1071 significante,
900 1030 1020 1056 nemo
1044 1014 1202 1055 auribus
1227 1012 1408 1055 oculisve
1433 1029 1550 1055 com-

156 1093 306 1135 petere.
334 1078 561 1121 Vicloribus
587 1084 628 1120 ὃς
655 1081 764 1120 viCtis
788 1080 895 1120 idem
918 1080 1103 1135 impetus.
1128 1076 1194 1118 Illi
1226 1078 1365 1119 ardent
1394 1091 1550 1119 veteres

80 1153 130 1196 15
158 1144 200 1182 in
226 1142 396 1184 invisam
418 1156 583 1198 gentem
608 1144 682 1184 iras
710 1142 894 1200 explere:
927 1142 1081 1184 accensi
1105 1141 1266 1197 insuper
1289 1140 1461 1197 plurima
1482 1156 1551 1182 au-

158 1206 191 1246 ri
213 1207 390 1262 imagine
417 1211 457 1257 5,
488 1204 564 1262 qua
587 1206 785 1263 templum
808 1206 1052 1263 splendescit
1081 1219 1092 1252 3
1122 1203 1395 1258 majoremque
1425 1219 1550 1261 opum

158 1271 242 1311 vim
261 1271 366 1312 intus
386 1269 510 1311 latere
533 1272 620 1311 rati.
647 1272 706 1312 Hi
729 1286 812 1312 non
836 1269 915 1323 jam
939 1285 1012 1326 pro
1031 1267 1139 1319 vita,
1164 1283 1238 1324 pro
1261 1268 1432 1309 fortunis
1448 1298 1460 1318 ,
1483 1267 1552 1309 sed

160 1348 235 1389 pro
256 1333 440 1390 templo,
469 1349 542 1390 pro
567 1334 661 1375 Deo
681 1364 695 1384 ,
721 1347 893 1375 mortem
920 1331 1087 1389 superbe
1109 1344 1337 1387 provocant
1363 1348 1370 1371 :
1398 1334 1550 1386 quanto

160 1398 324 1453 propius
350 1397 398 1438 ad
422 1410 601 1438 extrema
621 1410 787 1438 ventum
803 1426 817 1447 ‚
833 1409 947 1438 tanto
974 1397 1014 1436 in
1035 1395 1177 1436 divinae
1194 1396 1286 1451 -opis
1308 1395 1416 1451 spem
1442 1409 1553 1436 erec-

161 1461 284 1502 tiores
313 1459 343 1500 6.
376 1460 557 1505 Judaicis
586 1474 685 1515 ergo
710 1459 918 1501 funeribus
932 1461 1123 1501 Romana
1145 1458 1364 1499 miscentur
1386 1458 1552 1500 funera:

161 1522 305 1580 templi
342 1525 501 1564 atrium.
527 1528 541 1551 ⁷
583 1523 761 1564 exundat
797 1523 991 1579 sanguine

1028 1539 1037 1562 :
1078 1522 1233 1563 circum
1273 1521 1397 1563 altare
1424 1519 1438 1543 ⁸
1464 1552 1477 1575 ‚
1508 1523 1552 1563 in

204 1694 214 1709 ¹
237 1689 363 1721 Drvmo
385 1699 522 1724 QUODAM
543 1698 662 1718 ιΜΡετυ
682 1690 697 1727 ]
716 1688 840 1739 Josele.
873 1690 956 1728 χρυσὲ
967 1687 1084 1727 ςιξκεριῖς
1096 1687 1284 1725 κεκαλυμμένος
1295 1684 1554 1727 πένἹοθεν.ΙοίέρΙι.

160 1728 226 1808 {gye-
245 1728 296 1760 cit.
321 1738 408 1759 num.
427 1738 453 1768 5.
470 1727 594 1767 Aatpcou'qa
616 1730 680 1769 ὃςμῇ
703 1742 748 1758 τινι
768 1743 842 1768 χρω-

206 1783 241 1800 05·

205 1811 215 1825 ²
239 1808 339 1838 Cinea
362 1818 512 1838 Temnum
534 1808 547 1845 ]
571 1807 740 1846 Templum
764 1807 841 1838 illud

163 1855 227 1879 erat
250 1846 282 1877 in
304 1847 439 1878 secundo
462 1847 581 1886 templo
610 1847 782 1885 inclusum,
810 1849 842 1879 δε

163 1887 375 1927 appellabatur
383 1889 527 1918 Sanctum
536 1897 543 1914 :
552 1886 597 1918 ibi
604 1889 746 1918 Sanctum
754 1890 843 1919 Sanc-

163 1935 278 1958 torum.
294 1927 341 1957 De
354 1926 415 1957 hoc
431 1927 550 1966 templo
575 1927 723 1966 josephus
736 1952 745 1965 ‚
765 1928 842 1958 Bell.

165 1967 234 1997 JUd.
250 1969 277 1998 V
289 1988 298 2002 ‚
322 1976 349 2006 5-
367 1977 453 1997 num.
473 1978 502 2003 4.
518 1968 603 1998 ΑὐἾσς
618 1967 646 1996 d*
659 1969 670 1996 ὁ
683 1969 737 1999 vab:
752 1991 760 2003 ‚
779 1967 843 1999 καιἾέι

165 2005 238 2044 μένον
256 2004 361 2046 κάμὸμος
371 2029 380 2042 ,
395 2007 422 2036 τὶ
443 2006 514 2042 ἅγιον
526 2007 599 2046 ἱερέν.
614 2005 759 2038 inferiori
776 2017 842 2047 par-

167 2045 191 2075 ti
203 2044 291 2083 hujus
305 2045 414 2085 templi
426 2045 569 2085 apposstae
583 2054 671 2077 erant
685 2047 780 2078 cellae.
796 2049 845 2086 Jo-

166 2083 247 2122 seph·
263 2083 340 2114 ibid.
355 2095 441 2116 num.
458 2095 487 2126 5.

208 2128 218 2150 ³
242 2124 362 2155 ΞτΑτιΜ
391 2136 536 2156 rnosmr
564 2127 580 2164 ]
605 2125 727 2166 Joseph.
764 2125 844 2157 Bell.

166 2162 236 2195 Jud.
254 2165 295 2194 VI
308 2187 316 2200 ,
338 2174 367 2202 4.
383 2174 467 2194 num.
483 2168 513 2196 6.

205 2206 222 2226 4
243 2205 332 2234 Voce
354 2214 504 2239 MANUQUE
526 2206 539 2243 ]
563 2205 684 2244 Joseph.
705 2205 783 2235 ibid.

208 2250 216 2270 ³
243 2243 326 2272 Auru
351 2253 485 2273 ιΜΑοιΝῐῑ
508 2245 521 2282 ]
544 2245 601 2275 Vel
617 2245 702 2275 enim
717 2244 780 2284 ipsa
796 2254 848 2275 ex-

127 2310 131 2316 ,
167 2281 265 2313 terior
282 2282 391 2321 templi
411 2281 504 2313 facies
522 2284 700 2322 graviffimis
717 2284 783 2314 auri
802 2285 848 2314 la—

170 2320 262 2351 minis
285 2321 327 2352 ita
351 2330 415 2352 erat
441 2323 565 2353 obtecta
578 2347 586 2359 ,
613 2332 646 2354 ut
669 2323 789 2354 animus
815 2324 849 2353 8(

171 2359 255 2389 oculi
268 2363 352 2401 aeque
367 2360 488 2400 fulgore
503 2362 787 2401 perstringerentur.
813 2364 847 2392 Τ),

171 2398 198 2428 δ’
214 2398 294 2432 ’ἔξωθεν
307 2403 370 2430 adv-E
382 2415 407 2430 π
434 2401 525 2430 ’σ-ωπον
536 2424 544 2437 ‚
562 2402 619 2432 ὲδῖν
635 2402 677 2433 ἅτε
691 2405 724 2434 εἷς
736 2403 843 2439 ψυχὶἶς,

874 1728 950 1758 Bell.
967 1727 1034 1757 Jud.
1052 1730 1094 1764 V,
1120 1737 1146 1766 5.
1164 1738 1249 1757 num.
1266 1730 1295 1756 6.

913 1769 926 1787 ⁶
948 1768 1152 1798 Entcrlonzs
1175 1769 1187 1805 ]
1212 1768 1247 1796 In
1262 1766 1340 1796 hanc
1361 1764 1445 1804 spem
1457 1763 1530 1795 elati
1545 1787 1556 1801 ‚

874 1807 907 1838 δε
935 1805 1018 1846 quast
1038 1806 1190 1837 miraculo
1213 1805 1313 1840 certi,
1341 1813 1394 1835 aut
1419 1803 1557 1844 gloriosi

873 1855 976 1878 morte
997 1846 1175 1886 oppetenda
1195 1845 1338 1885 superbi,
1360 1844 1454 1874 imam
1473 1852 1557 1874 tem-

875 1886 918 1926 pli
935 1894 1052 1925 partem
1065 1910 1073 1922 ‚
1094 1886 1145 1916 seu
1161 1886 1339 1916 Judaeorum
1360 1884 1472 1915 atrium
1485 1906 1493 1919 ‚
1512 1891 1557 1914 te-

875 1926 969 1957 nebat
989 1925 1140 1965 populus,
1163 1925 1272 1964 templi
1301 1925 1409 1964 gradus
1431 1924 1557 1954 senato-

876 1976 942 2001 res,
966 1965 999 1995 in
1017 1965 1083 2004 ipso
1112 1965 1232 2004 templo
1254 1972 1341 1994 erant
1363 1964 1558 1994 Sacerdotes.

878 2008 908 2036 ‘0
927 2005 971 2043 μὲν
992 2009 1081 2043 alliun
1102 2005 1172 2034 κάτω
1193 2006 1219 2035 ὠν
1239 2004 1275 2034 ‘nal'
1291 2004 1418 2043 πρρνάῳ,
1441 2002 1490 2041 vij
1506 2009 1558 2037 fils·

877 2046 957 2076 λευἿοὲι
978 2046 1004 2075 o'v
1025 2047 1078 2076 τοῖς
1093 2045 1268 2083 ἀναςαα-μοῖς,
1291 2047 1313 2073 οἵ
1327 2045 1353 2073 θ’
1371 2045 1438 2082 ἱερέῗς
1456 2041 1560 2080 &adn-5

878 2084 1025 2124 τῃῗμεγάρῳ
1039 2085 1182 2122 vehes-uiroc.
1195 2084 1272 2119 Dio,
1282 2084 1393 2113 LXVI.
1404 2092 1471 2120 pag·
1484 2084 1558 2120 748.

917 2129 930 2149 7
952 2125 1077 2154 Tempu
1102 2125 1304 2160 ATR1UM]In
1320 2132 1383 2162 quo
1399 2122 1494 2152 stabat
1507 2131 1558 2160 po-

878 2163 966 2203 pulus
980 2163 1100 2194 Judaeus
1112 2187 1120 2199 ,
1141 2166 1212 2194 cum
1228 2163 1259 2193 in
1275 2162 1426 2201 templum
1440 2170 1559 2192 conve-

881 2203 987 2233 niebat
1003 2227 1011 2240 ‚
1037 2204 1138 2233 Deum
1156 2204 1348 2234 adoraturus.
1550 2237 1557 2244 ι

921 2243 932 2263 ⁸
965 2244 1097 2273 Cmcum
1133 2254 1254 2273 ALTARE
1286 2245 1298 2277 ]
1330 2242 1415 2271 Inter
1451 2238 1558 2277 templ!

879 2281 992 2313 atrium
1009 2283 1042 2313 &
1067 2283 1238 2322 templum,
1264 2281 1315 2312 seu
1333 2282 1475 2311 Sanc'tum
1487 2302 1494 2313 ‚
1522 2278 1561 2308 de

881 2332 944 2362 quo
953 2323 1015 2360 jam
1027 2321 1162 2353 diximus
1179 2322 1264 2361 supra
1273 2328 1341 2352 not.
1353 2332 1381 2350 2.
1393 2327 1455 2350 erat
1466 2319 1561 2348 altare

880 2363 978 2392 altum
991 2361 1116 2393 cubitos
1131 2361 1313 2402 quindecim
1324 2384 1333 2397 ‚
1346 2359 1480 2390 totidem
1493 2358 1563 2386 lon-

881 2412 954 2440 gum
967 2426 975 2437 ,
998 2402 1094 2432 latum
1112 2402 1235 2433 cubitos
1252 2398 1488 2441 quinquaginta·
1508 2397 1566 2430 J0-,

170 2437 214 2472 ἕτε
227 2441 258 2470 εἰς
275 2440 393 2479 ὀμμάτων
405 2442 529 2476 'malmin
551 2442 670 2473 ἀπέλιπε
681 2451 688 2458 “
701 2441 847 2482 πλαξὶγὲιρ
883 2441 967 2482 seph.
981 2441 1062 2474 Bell.
1076 2441 1145 2473 Jud.
1162 2445 1187 2474 V
1202 2465 1212 2480 ‚
1236 2452 1261 2480 5.
1278 2449 1363 2470 num·
1377 2441 1408 2466 6·

1318 2478 1444 2533 Vvij

1565 271 1681 288 ==

1568 302 1598 326 A.
1609 303 1638 326 U.
1650 303 1681 326 C·

1590 351 1662 386 823.

1600 458 1652 487 70.
