2230 3047
337 161 813 206 HISTORIARUM
850 160 1050 203 LIBER
1087 160 1435 207 SECUNDUS.
1511 178 1590 217 143

209 245 504 302 Gallorumque
521 245 699 287 obnoxia
715 243 862 285 morbis
880 257 1050 299 corpora
1065 243 1240 285 fluminis
1257 246 1423 288 aviditas
1436 276 1449 298 ‚
1473 251 1515 290 &
1534 249 1595 289 aes-
1617 261 1733 303 Ξ

205 312 269 352 tus
287 311 534 368 impatientia
552 309 753 351 labefecit.
773 308 939 364 Insuper
959 306 1149 348 confusus
1164 336 1178 357 ,
1204 311 1399 363 pravitate
1422 311 1487 352 vel
1508 328 1592 354 am·
1618 295 1731 375 Ag'zh'

206 374 322 425 bitu,
347 375 448 415 ordo
469 373 632 414 militiae.
651 373 838 414 Sedecim
860 372 1046 428 proetoriae
1071 375 1079 392 ¹
1097 400 1110 421 ‚
1138 384 1307 424 quatuor
1334 373 1499 416 Urbana:
1520 393 1591 418 co-
1640 398 1662 421 J.
1680 398 1710 422 c

204 438 342 479 hortes
360 437 633 480 scribebantur
646 465 659 486 ‚
687 435 772 490 quis
794 433 944 490 singula
959 433 1085 474 millia
1101 434 1281 475 ineffent.
1297 435 1389 477 Plus
1406 439 1447 478 in
1464 455 1512 481 eo
1530 441 1593 482 de-
1649 448 1701 483 69.

154 516 179 556 5
204 498 310 542 leEm
326 500 473 543 Valens
490 498 661 542 audebat
672 528 686 549 ,
714 512 919 552 tamquam
936 498 1067 554 ipsum
1083 497 1284 539 Caecinam
1300 501 1482 555 periculo
1499 518 1593 546 exe-

203 564 361 606 miffet:
398 563 490 605 sane
515 564 691 605 adventu
717 560 800 614 ejus
823 575 954 618 partes
977 560 1267 602 convaluerant
1288 592 1301 613 ‚
1336 566 1375 603 ὃς
1403 563 1593 609 finistrum

203 626 306 669 lenti
327 629 479 669 itineris
503 631 517 648 ²
538 639 740 667 rumorem
760 625 951 681 prospero
969 624 1115 681 proelio
1139 629 1148 653 ³
1175 639 1363 667 verterat:
1385 631 1594 684 omnisque

202 691 402 732 inferioris
425 690 650 732 Germaniae
677 687 792 729 miles
814 687 1031 730 Valentem
1059 687 1349 730 adsedabatur:
1377 692 1483 743 unde
1512 697 1593 749 pri-

202 757 313 794 mum
335 754 509 796 creditur
531 754 697 795 Caecinae
717 751 814 793 fides
836 752 1016 792 fluitaffe.

114 833 178 861 «10
265 817 440 859 XCIV.
474 817 718 858 CETERUM
742 831 825 856 non
850 817 905 856 ita
926 813 1094 856 ducibus
1111 815 1272 856 indulsit
1292 816 1483 859 Vitellius
1500 848 1513 869 ,
1548 834 1593 860 ut

202 895 287 922 non
303 880 392 938 plus
408 879 526 922 militi
542 879 705 921 liceret:
732 878 801 919 fibi
818 879 982 933 quisque
1001 877 1187 919 militiam
1204 879 1424 936 sumpsere:
1454 897 1591 936 quam-

201 946 262 985 vis
291 945 504 999 indignus,
529 944 625 984 fiita
655 941 873 993 maluerat,
899 941 1066 983 Urbanae
1093 941 1243 983 militiae
1271 944 1591 987 adscribebatur:

199 1008 331 1049 rursus
347 1007 463 1049 bonis
479 1038 491 1058 ,
515 1022 719 1049 remanere
741 1008 845 1047 inter
873 1004 1118 1061 legionarios
1136 1035 1149 1057 ,
1175 1020 1243 1048 aut
1270 1007 1393 1049 alares
1416 1009 1592 1050 volenti-

198 1069 299 1122 bus,
324 1072 573 1127 permissum:
600 1086 675 1112 nec
694 1071 857 1112 deerant
873 1071 941 1124 qui
962 1068 1116 1110 vellent
1129 1100 1142 1120 ,
1168 1071 1251 1111 feffi
1266 1071 1416 1113 morbis
1431 1102 1443 1122 ‚
1470 1077 1511 1113 ὅς
1527 1075 1590 1114 in-

122 1147 171 1186 15
198 1136 436 1191 temperiem
463 1134 549 1176 caeli
576 1135 816 1176 incusantes.
833 1132 1001 1175 Robora
1027 1146 1163 1174 tamen
1182 1133 1410 1188 legionibus
1438 1135 1589 1191 alisque

200 1196 415 1240 subtrafi‘ta:
442 1197 682 1240 convulsum
698 1198 913 1239 castrorum
929 1197 1051 1238 decus
1064 1226 1077 1247 ,
1102 1198 1246 1252 viginti
1264 1198 1442 1240 millibus
1459 1215 1480 1240 e
1497 1214 1589 1241 toto

197 1263 379 1303 exercitu
391 1262 597 1319 permixtis
610 1263 758 1316 magis,
772 1260 889 1315 quam
905 1259 1051 1302 eleetis.
1065 1260 1350 1303 Concionante
1359 1261 1532 1305 Vitellio
1548 1269 1589 1314 4,

197 1324 447 1381 postulantur
467 1342 488 1362 «
502 1325 551 1367 ad
567 1324 811 1382 supplicium
827 1325 1045 1375 Afiaticus,
1065 1328 1105 1365 &
1121 1324 1307 1376 Flavius,
1328 1329 1368 1366 ὅ(
1384 1327 1556 1368 Rufinus
1571 1357 1586 1377 ,

196 1404 218 1425 ³)
229 1389 350 1430 duces
367 1387 593 1430 Galliarum
608 1419 622 1440 ,
649 1388 757 1443 quod
774 1403 846 1444 pro
862 1388 1037 1429 Vindice
1053 1386 1263 1430 bellassent
1279 1393 1292 1420 5
1310 1406 1332 1426 »
1344 1421 1353 1430 .
1369 1391 1461 1431 Nec
1478 1405 1588 1432 coer-

112 1465 170 1491 20
197 1451 314 1493 cebat
327 1451 523 1505 ejusmodi
537 1467 657 1493 voces
671 1450 862 1494 Vitellius
877 1466 888 1499 3
910 1451 1024 1508 super
1038 1451 1192 1493 insitam
1207 1454 1342 1493 animo
1357 1454 1556 1508 ignaviam
1572 1483 1588 1505 ,

195 1516 389 1558 conscius
407 1515 478 1557 fibi
497 1517 638 1557 instare
666 1516 904 1557 donativum
919 1545 932 1566 ,
964 1519 1005 1556 ὃ(
1024 1515 1152 1556 deeffe
1181 1518 1420 1572 pecuniam,
1448 1519 1586 1559 omnia

196 1577 274 1620 alia
290 1578 410 1621 militi
425 1579 681 1635 largiebatur.
700 1578 857 1620 Liberti
875 1579 1107 1635 Principum
1125 1578 1142 1600 ⁶
1154 1609 1168 1630 ‚
1192 1596 1213 1616 <c
1232 1580 1414 1621 conferre
1428 1596 1500 1636 pro
1517 1596 1586 1622 nu-

193 1657 217 1680 2)
227 1657 339 1684 mero
354 1644 650 1700 mancipiorum
664 1661 709 1694 n,
729 1656 774 1683 ut
789 1641 984 1683 tributum
1000 1672 1013 1693 ,
1036 1640 1135 1694 juffi.
1154 1642 1244 1698 Ipse
1257 1673 1270 1694 ,
1294 1642 1376 1683 sola
1392 1644 1586 1700 perdendi

196 1704 291 1747 cura
303 1736 316 1758 ,
342 1706 490 1748 stabula
508 1709 653 1762 aurigis
668 1720 871 1748 extruere:
898 1707 1053 1747 circum
1074 1710 1088 1733 ⁷
1106 1705 1373 1760 gladiatorum
1391 1707 1584 1748 ferarum-

112 1786 135 1813 2
143 1784 164 1824 5
195 1784 271 1824 que
300 1770 534 1827 spectaculis
558 1770 745 1827 opplere:
766 1782 971 1824 tamquam
990 1770 1032 1809 in
1048 1768 1200 1809 summa
1230 1768 1470 1811 abundantia
1483 1801 1496 1821 ‚
1519 1785 1584 1827 pe-

193 1835 320 1875 cuniae
344 1833 540 1876 inludere.

255 1897 401 1941 XCV.
423 1899 466 1954 Q
477 1905 563 1938 U1N'
575 1900 616 1938 &
630 1895 804 1939 natalem
817 1894 979 1938 Vitellii
992 1895 1099 1937 diem
1118 1892 1154 1948 ⁸,
1172 1896 1332 1938 Caeeina
1349 1912 1395 1937 ac
1408 1896 1582 1951 Valens,

236 2042 246 2056 ¹
270 2038 411 2068 Sanncm
432 2036 637 2073 marorum]
660 2036 741 2075 Ergo
763 2038 865 2067 auctus
904 2036 1049 2067 Vindicis
1071 2045 1169 2075 partes
1186 2036 1302 2075 secuti,
1322 2046 1340 2067 a
1362 2037 1501 2068 Neronis
1517 2038 1581 2070 fide

193 2086 351 2108 numerus.
374 2079 475 2107 Antea
493 2075 579 2106 fuere
604 2078 725 2107 tantum
745 2086 865 2106 novem
905 2076 1114 2107 desciviffent.
1162 2084 1165 2088 ·

193 2116 344 2156 praetoriae
368 2116 515 2147 cohortes
533 2139 542 2152 ‚
568 2124 628 2146 tres
659 2116 811 2153 Urbanae,
833 2124 866 2148 ut
944 2117 956 2134 ⁶
981 2117 1113 2146 Lunum
1136 2117 1335 2154 Pizmcu’um]
1353 2115 1501 2152 Claudii,
1515 2114 1581 2148 Ne-

192 2155 329 2186 vidimus
346 2155 432 2194 supra
448 2155 560 2186 Annal.
578 2157 638 2192 lv,
661 2165 688 2195 5.
904 2155 1008 2190 tonis,
1026 2156 1132 2186 Galbae
1146 2180 1153 2192 ‚
1170 2154 1326 2191 Othonis,
1350 2155 1484 2186 Vitellii.

235 2198 246 2211 ²
270 2196 371 2226 me
394 2196 558 2232 leERls]
580 2195 627 2225 De
656 2195 867 2227 cunclationi-
946 2201 957 2219 7
979 2196 1138 2233 Cmcum]
1165 2194 1291 2225 Circum
1318 2195 1501 2225 maximum.

192 2235 250 2266 bus
266 2234 406 2265 Valentis
425 2234 512 2274 supra
534 2234 606 2264 Hist.
629 2236 677 2270 ΙΙ,
706 2246 752 2272 30.
945 2234 956 2253 3
979 2235 1140 2264 NATALEM
1163 2237 1310 2266 sztru
1341 2235 1451 2271 mma]
1473 2236 1575 2265 Incer-

131 2305 136 2311 ,
234 2279 243 2299 ³
269 2275 436 2304 Puosmmo
470 2284 589 2303 ruarmo
608 2278 617 2308 ]
647 2273 865 2312 Bebriacenfi3
904 2283 951 2304 tus
960 2274 1071 2304 natalis
1084 2273 1205 2304 Vitellii
1218 2274 1299 2304 dies:
1316 2274 1387 2304 telle
1401 2274 1484 2303 enim
1497 2276 1576 2304 Suc-

191 2312 232 2343 de
253 2322 318 2353 quo
341 2313 414 2343 Hist.
439 2314 465 2342 11
480 2337 489 2350 ‚
513 2324 544 2351 31
573 2314 607 2343 ὅ(
627 2313 711 2353 seqq.
904 2313 995 2344 tonio
1011 2313 1043 2343 in
1065 2313 1174 2345 Vite-ll.
1196 2315 1257 2348 111,
1279 2313 1425 2344 Vitellius
1444 2323 1526 2342 wicus
1541 2313 1576 2351 eft

231 2357 246 2376 4
271 2354 498 2383 Conclouaurss
523 2356 679 2384 Virri-mo
709 2358 720 2388 ]
748 2353 864 2384 Milites
903 2352 993 2382 ocimo
1013 2353 1155 2382 Kalendas
1173 2352 1312 2390 Offlobris,
1329 2352 1390 2393 2jel,
1405 2362 1433 2381 ut
1448 2352 1575 2389 quidam,

191 2391 395 2431 adloquente.
895 2393 1009 2430 septimo
1028 2392 1095 2422 Idus
1117 2392 1303 2430 Septembris,
1324 2391 1416 2430 Druso
1443 2391 1551 2430 Caefizre
1564 2415 1574 2427 ‚

234 2436 242 2458 5
267 2432 330 2463 Pno
365 2434 500 2464 mecss
524 2433 752 2471 nntrssssrur]
778 2432 864 2471 Qui,
901 2432 1036 2463 Norbano
1055 2432 1154 2463 succo
1178 2432 1349 2472 rumpimus,
1369 2441 1453 2464 anno
1474 2434 1511 2463 U.
1535 2432 1574 2463 C,
