2230 3047
152 845 202 872 10

154 1157 200 1198 ¹5

150 1475 206 1501 2t3

372 182 895 226 HISTORIARUM
940 181 1155 223 LIBER
1199 182 1477 223 PRIMUS.
1556 194 1611 230 73

227 264 471 320 Aspernatus
485 266 537 306 est
554 279 715 306 omnem
731 264 1047 314 cunctationem,
1063 275 1108 302 ut
1123 263 1281 301 Neroni
1296 277 1455 315 quoque
1473 261 1612 302 exitio-

229 327 332 368 sam:
359 333 400 369 &
421 328 605 378 Caecina,
631 326 712 380 jam
732 326 857 382 Alpes
877 324 1139 379 trangressus,
1166 324 1453 366 exstimulabat.

288 391 386 431 XC.
428 392 598 431 PR1D1E
622 390 715 430 Idus
737 390 905 433 Martias
931 394 941 411 ¹
958 418 970 438 ‚
992 384 1274 428 commendata
1295 388 1468 441 patribus
1491 401 1607 442 repu-

227 451 358 503 blica,
383 453 566 507 reliquias
589 454 913 493 Neronianarum
937 451 1153 492 sefflonum
1175 453 1189 470 ²
1210 449 1391 489 nondum
1411 452 1452 489 in
1469 450 1607 490 fiscum

230 516 464 566 conversas,
488 516 685 556 revocatis
702 514 749 555 ab
766 513 904 555 exsilio
928 513 1139 555 conceffit:
1161 511 1405 564 justissimum
1428 512 1580 552 donum
1595 541 1609 562 ‚

229 583 270 619 ὅ(
292 580 333 619 in
355 579 529 634 speciem
548 578 808 633 magnificum
823 606 836 627 ‚
866 577 932 618 sed
954 573 1131 617 festinata
1157 574 1236 628 jam
1259 574 1414 630 pridem
1436 577 1611 615 6)(εᾶἰο-

232 656 282 682 ne
307 646 318 669 ³
336 670 350 692 ‚
371 641 442 680 usu
463 639 604 681 sterile.
620 641 726 681 Mox
742 638 884 681 vocata
906 641 1108 680 concione
1122 668 1135 689 ,
1167 654 1188 674 «
1206 636 1449 689 majestatem
1468 637 1613 688 Urbisj

230 720 252 741 >›
264 708 302 744 &
318 703 554 744 consensum
573 701 714 759 populi
730 719 776 744 ac
794 703 948 743 senatus
966 719 986 739 »
1014 717 1087 757 pro
1109 702 1147 741 se
1165 699 1353 742 attollens
1368 730 1380 750 ,
1403 700 1611 740 adversum

229 765 467 808 Vitellianas
486 779 615 822 partes
640 766 815 807 modeste
835 765 1031 806 disseruit:
1066 781 1087 801 (ε
1112 764 1311 804 inscitiam
1328 765 1458 818 potius
1481 761 1612 816 legio-

231 844 358 869 »num
375 858 388 879 ,
416 828 534 883 quam
555 829 761 870 audaciam
776 846 798 866 »
826 830 1035 884 increpans
1049 856 1061 877 ,
1082 825 1191 867 nulla
1210 824 1368 868 Vitellii
1385 827 1613 866 mentione:

231 892 309 933 five
328 892 443 948 ipsius
461 907 506 933 ea
528 892 777 938 moderatim
800 892 869 932 seu
886 891 1053 946 scriptor
1076 891 1267 931 orationis
1281 920 1293 940 ,
1318 889 1386 929 sibi
1403 902 1583 929 metuens
1600 897 1616 937 ,'

231 953 487 997 contumeliis
503 957 544 996 in
561 953 774 997 Vitellium
791 953 994 995 abstinuit:
1022 953 1206 1007 quando,
1232 954 1332 993 utin
1352 951 1524 993 consiliis
1546 951 1616 989 mi-

232 1017 325 1058 litiae
344 1019 541 1059 Suetonio
562 1017 748 1059 Paullino
771 1022 811 1059 &
836 1018 970 1058 Mario
992 1015 1113 1057 Celso
1130 1046 1141 1066 ,
1170 1018 1224 1057 ita
1250 1017 1291 1055 in
1310 1014 1426 1055 rebus
1444 1012 1616 1055 Urbanis

235 1080 388 1122 Galerii
404 1080 595 1122 Trachali
611 1086 629 1109 4
644 1083 810 1136 ingenio
828 1081 1038 1121 Othonem
1058 1080 1117 1119 uti
1137 1077 1394 1120 credebatur:
1418 1082 1457 1118 ὅ(
1480 1089 1617 1127 erant,

234 1145 300 1198 qui
317 1158 441 1198 genus
461 1145 589 1199 ipsum
607 1144 744 1184 orandi
763 1144 998 1193 noscerent,
1022 1141 1162 1183 crebro
1179 1141 1255 1181 fori
1275 1141 1346 1180 usu
1368 1139 1526 1181 celebre
1541 1171 1552 1190 ‚
1574 1144 1616 1181 ὅζ

232 1207 281 1248 ad
297 1205 518 1263 implendas
535 1222 646 1248 aures
660 1237 672 1257 ,
693 1206 818 1247 latum
841 1211 881 1247 ὅ(
897 1207 1053 1247 sonans.
1073 1203 1239 1245 Clamor
1255 1204 1454 1257 vocesque
1474 1201 1617 1258 vulgi,

234 1285 285 1311 ex
302 1285 412 1310 more
429 1269 643 1320 adulandi,
670 1272 799 1310 nimia:
822 1274 862 1310 ὃς
877 1268 1002 1310 falsae:
1027 1268 1132 1322 quasi
1148 1268 1380 1308 diCmtorem
1395 1266 1588 1306 Caesarem
1603 1295 1618 1316 ,

235 1347 302 1374 aut
317 1333 603 1388 Imperatorem
632 1333 855 1388 Augustum
877 1332 1233 1388 prosequerentur,
1258 1332 1312 1370 ita
1336 1329 1467 1370 studiis
1490 1329 1618 1369 votis-

235 1411 313 1451 que
332 1395 537 1438 certabant
553 1413 560 1436 :
585 1410 661 1436 nec
682 1410 792 1437 metu
808 1426 821 1446 ,
842 1409 909 1437 aut
926 1410 1059 1436 amore
1074 1424 1086 1444 ,
1114 1394 1181 1434 sed
1196 1408 1245 1434 ex
1258 1391 1423 1433 libidine
1440 1392 1587 1431 servitii
1603 1420 1618 1442 ,

235 1473 280 1500 ut
301 1460 342 1499 in
360 1458 520 1500 familiis
545 1463 585 1509 5,
613 1460 765 1514 privata
791 1461 934 1513 cuique
963 1456 1176 1497 stimulatio
1192 1487 1205 1506 ‚
1231 1460 1271 1497 ὅ(
1292 1454 1373 1495 vile
1394 1453 1472 1507 jam
1497 1454 1619 1496 decus

236 1521 457 1579 publicum.
472 1521 672 1562 Profeeius
690 1523 805 1563 Otho
827 1521 844 1543 ⁶
860 1552 872 1572 ,
894 1523 1068 1576 quietem
1086 1519 1202 1561 Urbis
1227 1518 1416 1573 curasque
1431 1519 1587 1574 imperii
1602 1545 1618 1569 ,

238 1584 375 1627 Salvio
391 1585 557 1626 Titiano
571 1615 584 1637 ,
604 1584 715 1626 fratri
727 1616 740 1637 ‚
759 1585 944 1642 permisit.

281 1713 290 1727 ¹
315 1708 430 1738 Pamin
453 1708 527 1737 Inus
560 1707 709 1738 MARTms
734 1709 748 1745 ]
780 1706 841 1737 Die
875 1715 911 1743 14
989 1710 997 1731 5
1022 1706 1070 1735 UT
1087 1715 1117 1734 IN
1134 1707 1297 1738 ramnus]
1314 1704 1397 1733 Bene
1413 1701 1618 1732 Illustr.Hue-

242 1746 359 1777 Martii.
949 1743 1009 1774 tius
1027 1753 1034 1771 :
1052 1744 1147 1781 servos
1165 1743 1291 1810 dixisses,
1308 1741 1449 1780 cujusmodi
1464 1740 1552 1779 fizlent
1569 1741 1617 1779 effe

283 1790 294 1802 ²
318 1787 584 1816 Nmommnum
613 1795 792 1815 snm-ionum
811 1787 825 1822 ]
850 1785 910 1814 Pu-
949 1782 1121 1819 infamiliis,
1138 1792 1190 1810 non
1203 1792 1218 1818 p
1232 1782 1303 1811 ebem
1315 1782 1472 1819 ingenuam.
1484 1779 1532 1810 Sic
1542 1790 1621 1818 quo-

240 1824 363 1855 blicatis
382 1824 521 1854 exsulum
542 1824 645 1854 bonis.
665 1825 712 1854 De
733 1824 830 1863 poenis
854 1834 911 1853 ex-
951 1833 1010 1861 que
1035 1822 1139 1852 locum
1166 1821 1248 1852 hunc
1280 1821 1455 1858 explicabat
1483 1819 1618 1850 eruditus

242 1865 342 1895 sulum
362 1864 476 1893 dictum
491 1863 530 1893 est
546 1863 578 1892 in
592 1863 685 1893 Notis
703 1865 737 1894 ὃ(
761 1863 913 1894 Emenda-
950 1860 1093 1892 Savilius.

242 1903 384 1934 tionibus
404 1903 443 1933 ad
466 1903 577 1932 Annal.
600 1904 693 1939 XIII,
725 1913 774 1932 22.
791 1903 838 1933 De
855 1903 913 1932 sec·
990 1903 1003 1920 ⁶
1026 1902 1205 1930 Pnosacrus
1241 1899 1334 1929 Orno
1359 1898 1373 1934 ]
1400 1896 1554 1927 ProfeStus
1579 1896 1619 1926 est

241 1942 363 1974 toribus
391 1942 477 1980 plura
503 1942 576 1972 vide
604 1942 718 1972 Annal.
741 1943 813 1972 XIII
831 1965 841 1980 ‚
863 1952 912 1978 23.
953 1939 1003 1971 die
1019 1951 1059 1977 24
1073 1939 1198 1974 Martii,
1222 1947 1255 1967 ut
1274 1945 1357 1976 patet
1378 1947 1415 1966 ex
1440 1935 1593 1966 Suetonio
1609 1959 1618 1972 ,

248 1990 319 2013 not.
339 1985 370 2012 6.
952 1979 984 2008 in
1009 1979 1156 2015 Othone,
1184 1978 1266 2008 VIII.
1297 1975 1502 2012 Expeditionem
1532 1985 1621 2003 antem

285 2026 295 2048 ³
319 2022 504 2052 ExAchomz
522 2020 535 2056 ]
549 2020 584 2049 ln
601 2019 657 2050 hac
673 2027 851 2059 temporum
864 2030 915 2049 cu—
954 2018 1065 2057 impigre
1076 2042 1084 2055 ‚
1102 2027 1180 2055 atque
1193 2017 1273 2045 etiam
1283 2017 1451 2052 praepropere
1459 2013 1597 2043 inchoavit
1610 2026 1619 2041 :

246 2059 352 2100 pidine
366 2083 374 2097 ,
391 2061 429 2090 ab
451 2059 487 2089 iis
512 2059 564 2098 qui
586 2059 660 2090 fisco
683 2068 833 2098 praeerant
853 2060 914 2097 jam
954 2057 1029 2087 nulla
1053 2067 1086 2086 ne
1108 2056 1269 2095 religionum
1291 2055 1394 2093 quidem
1421 2055 1504 2089 curii,
1520 2052 1570 2091 seri
1592 2053 1622 2082 ἰν

247 2099 369 2138 pridem
383 2098 506 2129 fuerant
517 2100 619 2128 efficia
628 2100 787 2129 bonorum
802 2098 915 2137 pretia·‚
954 2097 1033 2126 motis
1045 2096 1157 2125 necdum
1180 2094 1297 2124 conditis
1312 2092 1448 2122 ancilibus
1459 2117 1467 2129 ‚
1484 2092 1551 2131 quod
1570 2102 1623 2120 an-

247 2148 282 2169 ae
297 2137 429 2176 proinde
447 2137 550 2168 verbis
563 2138 762 2176 magnificum
774 2162 781 2173 ‚
795 2139 846 2168 usu
859 2138 915 2168 ste-
956 2136 1067 2175 tiquinis
1085 2134 1227 2173 infizustum
1250 2133 1412 2162 haberetur:
1434 2132 1463 2161 [r
1484 2132 1526 2160 die
1539 2156 1547 2168 ‚
1573 2142 1622 2169 qno

247 2177 305 2208 rile
319 2176 378 2208 fuit
399 2176 534 2208 Othonis
552 2177 671 2208 donum
683 2201 692 2215 ,
716 2177 788 2208 licet
801 2177 918 2216 justiffi-
957 2176 1072 2205 culmi-es
1090 2174 1166 2204 desim
1181 2173 1278 2202 marris
1294 2172 1440 2201 lamentari
1451 2171 1480 2200 Cr
1491 2171 1623 2210 plangere

246 2226 345 2247 murn-
957 2215 1102 2251 incipiunt.
1128 2214 1200 2244 Dies
1228 2212 1301 2249 ille,
1326 2211 1379 2250 qui
1396 2211 1546 2250 fizngiiinis
1567 2209 1626 2238 dies

284 2260 300 2279 4
321 2257 457 2286 Girumu
476 2255 646 2286 TRACHAU
662 2257 674 2293 ]
692 2258 793 2292 Quem
811 2255 920 2285 consu-
959 2254 1139 2289 dicebatur,
1164 2260 1226 2283 crat
1249 2253 1291 2281 IX
1320 2251 1473 2281 Kalendas
1496 2249 1624 2287 Apriles.

249 2294 312 2364 lculi
328 2294 563 2365 ‘32‘3f³“³51⁸¹}'ta
576 2294 607 2324 in
619 2296 842 2334 Supplernento
853 2296 919 2324 An-
959 2293 1039 2364 {lvidc
1051 2292 1246 2325 Trebellium
1269 2291 1449 2323 Pollionem
1466 2289 1498 2320 in
1513 2289 1625 2320 Claud.

253 2343 293 2365 na
308 2355 316 2364 .
422 2357 431 2370 ‚
485 2343 514 2370 ς.
1004 2356 1012 2364 .

376 2478 483 2520 Tom.
518 2479 598 2521 III.
1432 2473 1471 2515 K

1633 270 1749 292 Ξ

1633 310 1662 335 A.
1674 310 1704 332 U.
1716 309 1747 333 C.

1654 355 1726 383 822.

1653 410 1675 433 J.
1688 409 1717 433 C.

1663 454 1716 489 69.
