2209 3047
279 192 284 197 ·
321 176 798 226 HISTORIARUM
828 174 1030 218 LIBER
1064 172 1385 232 QUARTUS.
1467 184 1558 230 253·

167 263 372 305 »miorum
388 294 400 314 ,
426 265 613 318 ignotum
638 261 770 302 adhuc
793 258 1027 314 ingenium,
1053 260 1094 296 ὅ(
1120 256 1240 298 nullis
1262 257 1557 299 defensionibus
1580 275 1694 317 Ξ.

169 342 412 384 »expertum
427 356 438 376 ‚
465 327 571 366 ccede
591 323 718 365 nobili
742 322 936 363 imbuisti:
960 322 1052 361 cum
1075 333 1126 359 ex
1147 320 1285 361 funere
1306 320 1558 377 reipublicae,
1583 310 1696 388 Ag’c'

169 392 323 447 »raptis
349 388 624 431 consularibus
644 385 782 442 spoliis
805 391 814 408 ¹
831 416 844 435 ‚
859 384 1081 440 septuagies
1104 382 1279 422 sestertio
1298 387 1311 404 ²
1332 384 1555 439 saginatus,
1606 368 1676 436 λέ

171 458 247 494 »ὃζ
281 453 507 494 sacerdotio
539 450 725 504 fulgens,
755 449 944 489 innoxios
979 460 1123 502 pueros
1145 474 1159 495 ,
1191 444 1369 487 inlustres
1406 447 1518 488 senes
1545 476 1558 498 ,
1610 469 1665 498 70·

121 528 146 570 5
173 516 442 572 »conspicuas
467 514 636 555 feminas
655 510 794 553 eadem
814 509 927 551 ruina
946 510 1211 567 posterneres:
1237 510 1328 549 cum
1349 510 1561 564 segnitiam

173 581 382 621 »Neronis
402 577 628 626 incusares,
649 575 757 629 quod
779 589 848 630 per
870 573 1038 629 lingulas
1059 572 1202 613 domos
1216 601 1228 621 ‚
1253 571 1373 626 seque
1394 577 1433 612 ὃ(
1457 573 1561 615 dela-

174 659 196 681 >J
207 655 314 684 tores
337 642 542 696 fatigaret:
562 637 670 695 poffe
693 637 923 677 universum
946 637 1126 677 senatum
1148 634 1227 675 unzi
1246 649 1350 675 voce
1373 635 1561 677 subverti.

175 706 400 748 »Retinete
413 733 426 754 ,
453 716 581 758 patres
603 700 847 756 conscripti,
873 704 914 741 &
937 700 1134 740 reservate
1158 699 1367 739 hominem
1391 712 1472 738 tam
1499 714 1562 739 ex-

175 767 335 824 »pediti
363 765 518 807 consilii
531 794 544 815 ,
571 778 615 804 ut
635 765 766 804 omnis
786 776 876 804 aetas
896 763 1080 803 instru&a
1100 762 1170 808 fit3
1191 765 1233 802 ὅ(
1244 791 1258 812 ,
1281 761 1486 815 quomodo
1506 762 1563 802 se-

96 842 153 877 10
177 847 199 868 »
211 845 280 872 nes
307 830 428 870 nostri
453 826 698 869 Marcellum
715 857 728 878 ‚
768 825 955 882 Crispum
983 830 994 854 ³
1013 855 1027 876 ,
1053 823 1218 877 juvenes
1245 823 1451 879 Regulum
1476 826 1566 864 imi-

177 905 358 936 »tentuiz
374 891 538 933 Invenit
558 892 677 932 etiam
697 888 858 930 aemulos
878 887 1021 930 infelix
1037 889 1240 944 nequitia:
1262 888 1357 942 quid
1380 888 1407 927 fi
1425 888 1567 929 floreat

177 974 201 996 >2
212 957 454 1012 vigeatque?
485 954 537 996 Et
557 969 674 1008 quem
696 954 828 994 adhuc
850 953 1097 1007 quaestorium
1121 951 1326 993 offendere
1348 967 1432 993 non
1451 952 1568 993 aude-

176 1037 200 1058 2)
211 1034 297 1061 mus
311 1050 324 1070 ,
350 1019 579 1076 praetorium
608 1022 649 1058 ὅ(
678 1015 930 1059 consularem
957 1015 1079 1056 visuri
1109 1015 1241 1055 sumus
1267 1017 1314 1054 4?
1341 1016 1407 1055 An
1429 1017 1567 1056 Nero-

178 1097 330 1133 >›nem,
355 1096 580 1124 extremum
609 1081 865 1122 dominorum
893 1085 905 1112 5
933 1080 1106 1136 putatis?
1132 1078 1245 1119 Idem
1273 1078 1523 1120 crediderant
1551 1107 1565 1129 ,

104 1158 119 1187 ι
129 1158 152 1198 5
178 1148 279 1202 »qui
302 1145 495 1196 Tiberio,
523 1146 591 1199 qui
618 1144 720 1185 Caio
743 1143 964 1199 superstites
988 1143 1170 1182 fuerunt:
1201 1143 1294 1182 cum
1314 1143 1474 1182 interim
1503 1143 1567 1182 in-

177 1208 427 1252 »testabilior
453 1207 471 1230 ⁶
486 1238 500 1259 ,
529 1212 570 1248 &
594 1208 732 1248 saevior
753 1220 914 1247 exortus
937 1207 1003 1246 est.
1027 1207 1128 1246 Non
1151 1205 1338 1245 timemus
1361 1205 1569 1262 Vespasia-

180 1288 332 1315 »numz
367 1287 413 1313 ea
446 1271 643 1327 Principis
673 1284 788 1320 aetas,
813 1285 859 1311 ea
885 1270 1123 1310 moderatio.
1146 1268 1226 1308 Sed
1253 1268 1398 1309 diutius
1425 1269 1570 1310 durant

181 1334 424 1392 »exempla‚
451 1333 570 1388 quam
602 1349 732 1375 mores
768 1338 798 1373 ⁷.
830 1332 1093 1387 Elanguimus
1109 1361 1122 1382 ,
1162 1344 1291 1387 patres
1321 1332 1569 1388 conscripti;

181 1416 204 1438 2)
214 1414 292 1441 nec
314 1398 396 1452 jam
423 1396 492 1438 ille
519 1398 676 1438 senatus
695 1397 827 1437 sumus
841 1425 855 1446 ,
881 1397 948 1450 qui
962 1395 1135 1446 ‚occiso
1155 1397 1348 1445 Nerone,
1371 1394 1570 1436 delatores

96 1479 157 1514 ρο
181 1467 257 1504 »ὃς
282 1462 479 1503 ministros
493 1491 506 1511 ‚
531 1475 642 1501 more
666 1458 864 1511 majorum
884 1459 1109 1516 puniendos
1136 1457 1352 1513 flagitabat.
1378 1459 1570 1515 Optimus

184 1543 206 1565 >2
217 1527 270 1568 est
283 1555 296 1576 ,
324 1526 409 1582 post
433 1523 585 1565 malum
609 1524 866 1579 Principem,
891 1523 974 1563 dies
997 1523 1146 1578 primus
1172 1539 1216 1562 ».

247 1589 426 1630 XLIII.
459 1588 638 1628 TANTO
669 1601 762 1627 cum
786 1586 937 1627 assensu
963 1586 1119 1626 senatus
1145 1585 1300 1627 auditus
1326 1587 1379 1627 est
1404 1586 1572 1627 Montass

186 1668 286 1703 nus,
312 1666 356 1692 ut
394 1652 504 1708 spem
536 1663 696 1706 caperet
732 1648 947 1690 Helvidius
974 1646 987 1670 3
1002 1679 1015 1699 ,
1043 1649 1151 1704 posse
1179 1651 1298 1690 etiam
1327 1648 1574 1690 Marcellum

188 1716 394 1774 prosterni,
416 1715 545 1770 Igitur
566 1730 587 1755 a
609 1713 726 1754 laude
752 1712 891 1754 Cluvii
916 1713 1012 1754 Rufi
1035 1717 1051 1741 9
1078 1712 1187 1753 orsus
1200 1742 1214 1763 ,
1239 1714 1308 1767 qui
1328 1713 1493 1769 perinde
1514 1713 1574 1754 di-

227 1813 236 1828 ¹
274 1809 389 1839 RAms
430 1817 659 1839 consumamus
701 1817 816 1837 sporus
848 1806 1065 1864 ]¹tumrn0do
1093 1804 1287 1845 quaestorium
1316 1804 1476 1837 offendere
1504 1816 1573 1838 non

189 1847 380 1886 Quaestorius
405 1850 526 1878 tantum
554 1856 618 1878 erat
652 1847 806 1887 Regulus,
828 1854 862 1876 ut
898 1847 1070 1877 audemus?

191 1897 270 1918 mox
287 1887 425 1926 dicetur;
447 1898 520 1927 ergo
537 1887 679 1917 nondum
701 1872 881 1924 acceperat}
941 1892 949 1913 5
974 1887 1162 1916 EXTREMUM
1184 1886 1404 1921 DOMINORUM]
1429 1885 1495 1915 Nec
1511 1883 1572 1916 fuit

187 1926 402 1963 consulatum,
419 1927 579 1966 praemium
593 1926 797 1957 accusationis
810 1934 863 1959 ,ut
901 1934 1068 1956 extremus.
1089 1925 1314 1955 Truculentior
1337 1923 1436 1954 adhuc
1459 1924 1575 1955 Domi--

188 1966 258 1997 vult
278 1965 408 2004 Lipfius.
429 1965 613 1997 Consularia
635 1966 696 1996 haec
710 1965 809 2004 spolia
820 1964 864 1994 in-
900 1963 1080 2003 tianus‚fi1b
1100 1974 1148 2003 quo
1164 1974 1217 1992 non
1236 1964 1341 1993 minora
1350 1963 1467 2003 flagitia
1480 1974 1573 1994 com-

188 2005 297 2050 tell-ige
330 2006 368 2036 de
399 2005 492 2045 raptis
515 2004 641 2044 Orphiti
653 2026 662 2040 ‚
695 2004 863 2036 consularis
900 2004 981 2035 mifit
994 2003 1128 2043 Regulus
1145 2027 1154 2039 ‚
1169 2005 1246 2041 quim
1257 2003 1309 2042 fid>
1321 2002 1506 2042 Nerone,ftd
1518 2012 1572 2032 rec-

188 2053 276 2081 vm,
298 2044 414 2084 spoliis.
901 2046 983 2074 riom.
1014 2044 1091 2074 Plin.
1108 2045 1139 2079 1,
1164 2045 1218 2082 Ep.
1242 2054 1268 2083 5.

231 2088 244 2103 ²
271 2084 462 2115 Szerumms
491 2094 658 2115 sesnin-xo
689 2086 703 2122 ]
737 2082 864 2115 Gallica:
941 2085 953 2103 ⁶
976 2085 1251 2117 Inrssrffluon]
1279 2083 1377 2113 Nero.
1405 2081 1454 2112 Sic
1485 2082 1571 2119 supra

191 2131 329 2154 monetae
350 2123 655 2161 libris‚‚1,361,908.
903 2123 1014 2152 Annal.
1035 2124 1094 2158 VI,
1125 2133 1156 2160 51
1171 2146 1181 2159 ‚
1206 2121 1365 2161 intestabilis
1376 2121 1490 2160 saevitid
1508 2122 1577 2152 dic-

234 2168 244 2189 3
269 2162 488 2200 ΜΑκεειιυΜ,
511 2164 685 2200 Campum]
709 2163 765 2197 Et,
789 2173 866 2201 quo·
903 2172 949 2193 tus
971 2162 1012 2192 est
1029 2162 1184 2192 Tiberius.

192 2202 292 2233 modo
328 2202 455 2240 Eprium
497 2203 678 2232 Marcellum
700 2226 708 2238 ‚
736 2202 865 2232 Vibium
942 2207 954 2227 7
980 2204 1077 2238 QUAM
1101 2212 1204 2231 mous
1218 2202 1232 2237 ]
1247 2200 1370 2231 Diutius
1384 2200 1494 2231 durant
1509 2199 1572 2238 pes-

194 2241 337 2279 Crispum
359 2240 444 2271 senes
469 2242 563 2272 nostri
583 2241 698 2271 imitati
722 2241 806 2276 sunt,
828 2240 866 2270 fic
904 2241 977 2271 fima
999 2240 1200 2271 dominorum
1223 2240 1388 2276 exempla,
1409 2241 1500 2278 quam
1519 2250 1574 2277 op-

135 2310 140 2315 ,
192 2281 324 2320 juvenes
342 2280 491 2319 Regulum
513 2280 685 2311 imitentur.
905 2281 974 2311 timi
1002 2280 1151 2319 Principis
1175 2290 1287 2310 mores.
1314 2279 1393 2310 Vide
1423 2280 1521 2309 Nom
1539 2280 1574 2310 ἅτ

232 2324 248 2344 ⁴
268 2322 381 2351 visum
409 2329 511 2350 sumus
535 2322 547 2357 ]
580 2321 697 2350 Tentat
721 2319 840 2358 Lipsius
859 2341 868 2354 ‚
904 2319 1148 2350 Emendationes
1169 2320 1207 2349 ad
1230 2318 1303 2349 Hist.
1322 2320 1375 2348 lv.
1397 2330 1446 2356 42.

193 2359 400 2397 austarifiamur.
415 2361 456 2389 At
469 2361 547 2390 reste
557 2360 778 2398 eleganterque
799 2359 869 2389 dic·
947 2359 958 2379 ⁸
982 2360 1160 2390 Ηιεινιοιυε
1175 2360 1187 2396 ]
1200 2359 1248 2389 De
1257 2357 1407 2388 Helvidio
1428 2356 1527 2387 Prisco
1540 2356 1577 2386 δε.-

194 2405 263 2428 tum
276 2422 284 2434 ‚
303 2398 494 2437 viflcrifizmur.
508 2398 731 2429 Praetoriumne
751 2400 783 2429 ὅ(
793 2409 869 2429 con·
906 2399 999 2439 Eprio
1011 2399 1160 2429 Marcello
1171 2399 1233 2436 jam
1246 2397 1360 2427 dicium
1372 2396 1535 2437 suprimp.
1546 2399 1579 2424 6-

194 2436 322 2469 sularem
335 2437 430 2471 visuri
439 2438 560 2476 sumus,
579 2448 673 2478 quem
691 2437 791 2470 adhuc
804 2447 870 2470 tan-
947 2444 960 2464 9
984 2440 1102 2473 Cruvn
1115 2439 1210 2476 RUFI]
1219 2439 1284 2469 Jam
1296 2435 1580 2473 laudati,}1;st.1‚8.
