2209 3047
488 289 519 312 A.
532 290 560 312 L‘.
573 289 604 312 C.

510 336 580 372 823.

511 387 533 409 J.
547 387 577 410 C.

514 441 567 468 70.

627 166 711 201 260
857 160 905 199 C.
971 157 1396 201 CORNELII
1459 155 1761 201 TACITI

623 241 742 280 tantis
771 239 973 280 sociorum
998 239 1154 281 auxiliis
1179 240 1345 289 ambiri,
1372 253 1501 292 neque
1530 239 1723 294 indigere.
1747 241 1891 281 Gratiae
1912 245 2002 284 Vo-

624 302 766 358 logeso
790 303 878 342 aciae
891 332 905 353 ,
934 303 1270 358 mandatumque,
1299 319 1319 338 ι(
1347 315 1391 342 ut
1412 301 1567 356 legatos
1593 303 1642 342 ad
1664 302 1844 343 senatum
1867 305 2002 344 mitte-

623 379 715 406 »ret
730 395 744 416 ,
773 369 812 406 δε
836 381 976 422 pacem
999 366 1074 407 effe
1103 367 1221 407 sciret
1242 383 1282 405 ».
1306 364 1566 420 Vespasianus
1589 366 1629 405 in
1652 363 1837 415 Italiam,
1862 366 2002 419 resque

623 428 740 469 Urbis
756 429 950 479 intentus,
967 429 1168 470 adversam
1186 429 1233 468 de
1254 428 1494 468 Domitiano
1507 428 1652 468 famam
1669 429 1838 484 accipit3
1863 445 1884 465 «
1899 440 2003 468 tam-

622 507 774 545 »quam
795 493 986 533 terminos
1008 493 1128 532 :etatis
1143 522 1154 541 ‚
1181 495 1220 531 δε
1244 491 1427 532 concessa
1450 490 1534 531 filio
1558 497 1568 513 ¹
1594 491 1848 546 egrederetur
1864 508 1906 531 ».
1925 491 2002 546 Igi-
2058 507 2082 548 ς

623 567 688 595 tur
707 554 980 596 validiffimam
998 555 1194 596 exercitiis
1225 567 1379 611 partem
1402 555 1500 596 Tito
1522 555 1668 606 tradit,
1689 555 1738 596 ad
1764 553 1916 609 reliqua
1934 555 2000 598 Ju-

625 617 730 658 daici
753 617 848 659 belli
873 623 886 639 ²
915 619 1187 675 perpetranda.

685 681 787 721 LII.
820 682 949 722 TITU
963 695 1015 732 M,
1036 696 1246 735 antequam
1265 682 1558 737 digrederetur,
1577 681 1706 724 multo
1725 681 1830 738 apud
1850 694 2003 737 patrem

622 743 804 785 sermone
829 745 950 785 oraffe
974 745 1206 795 dicebatur,
1234 762 1255 782 «
1283 760 1333 786 ne
1360 747 1659 786 criminantium
1681 747 1829 786 nuntiis
1851 759 2002 785 temere

619 821 644 845 ι)
655 807 962 854 accenderetu13
990 810 1268 863 integrumque
1291 808 1330 849 se
1351 824 1397 849 ac
1425 807 1664 864 placabilem
1684 809 1771 849 filio
1794 809 2000 864 praestaret.
2034 827 2088 854 10

621 871 753 910 »Non
773 869 954 924 legiones
967 900 981 920 ‚
1004 886 1086 912 non
1106 870 1241 912 claffes
1255 901 1268 921 ‚
1287 871 1452 926 perinde
1471 872 1582 913 firma
1601 873 1759 928 imperii
1780 872 2002 910 munimen-

619 945 691 973 »ta
706 961 720 982 ,
747 931 864 986 quam
884 947 1095 974 numerum
1121 933 1351 974 liberorum.
1375 936 1484 974 Nam
1510 936 1661 976 amicos
1683 947 1892 990 tempore,
1921 933 2003 973 for-

619 994 767 1045 »tuna‚
789 995 1043 1050 cupidinibus
1066 995 1303 1050 aliquando,
1331 1010 1398 1037 aut
1418 996 1636 1047 erroribus,
1657 997 1861 1046 imminui,
1881 1009 2003 1037 trans-

618 1058 743 1098 »ferri
756 1087 769 1108 ,
796 1058 993 1099 delinere:
1024 1059 1137 1099 suum
1160 1060 1305 1113 cuique
1329 1059 1562 1114 sanguinem
1584 1060 1843 1101 indiscretum
1867 1063 1877 1087 ³
1897 1089 1910 1110 ,
1934 1059 2002 1099 sed

618 1121 824 1160 »maxime
846 1121 1123 1177 Principibus;
1149 1136 1317 1176 quorum
1341 1123 1537 1178 prosperis
1560 1127 1601 1164 ὃς
1623 1122 1690 1163 alii
1709 1123 1914 1172 fruantur,
1938 1121 2001 1162 ad-
2036 1139 2048 1165 x
2060 1137 2083 1178 ς

617 1183 762 1224 »versa
787 1184 835 1224 ad
854 1182 1109 1236 junfflssimos
1135 1186 1384 1241 pertineant:
1411 1199 1461 1225 ne
1483 1185 1668 1227 fratribus
1697 1185 1858 1240 quidem
1887 1199 2002 1225 man-

617 1245 779 1287 >2suram
804 1247 1063 1288 concordiam
1078 1279 1091 1298 ,
1121 1249 1162 1287 ni
1188 1263 1329 1304 parens
1352 1247 1582 1305 exemplum
1605 1248 1825 1305 praebuiffet
1844 1265 1886 1288 »-
1909 1247 2004 1291 Ves-

616 1308 795 1364 pafianus
809 1340 823 1360 ,
849 1310 955 1351 haud
977 1311 1085 1365 aeque
1109 1311 1349 1352 Domitiano
1372 1313 1600 1366 mitigatus,
1629 1310 1746 1366 quam
1768 1312 1853 1352 Titi
1873 1312 2002 1367 pieta-

616 1384 658 1411 te
679 1372 882 1426 gaudens,
908 1389 930 1409 «
953 1373 1064 1414 bono
1087 1374 1163 1414 esse
1190 1376 1324 1415 animo
1348 1391 1368 1411 >³
1391 1373 1528 1426 jubet,
1555 1391 1577 1411 <t
1603 1374 1791 1428 belloque
1817 1379 1856 1415 ὅ(
1884 1375 2002 1414 armis

616 1435 939 1491 »rempublicam
961 1435 1154 1477 attolere:
1185 1436 1253 1477 fibi
1282 1451 1425 1493 pacem
1449 1437 1693 1491 domumque
1722 1452 1822 1478 curae
1845 1437 1932 1477 fore
1958 1454 2002 1478 >›.
2029 1452 2086 1481 20

616 1496 726 1538 Tum
748 1497 974 1540 celerrimas
992 1501 1154 1540 navium
1169 1528 1182 1549 ‚
1209 1499 1413 1541 frumento
1435 1501 1590 1541 onustas
1605 1530 1618 1550 ‚
1643 1501 1746 1541 saevo
1770 1500 1902 1541 adhuc
1924 1515 2002 1540 ma-

616 1560 650 1599 ri
668 1562 899 1602 committit.
915 1563 1079 1619 Quippe
1094 1574 1208 1603 tanto
1223 1562 1451 1604 discrimine
1468 1562 1569 1603 Urbs
1587 1562 1751 1604 nutabat
1762 1592 1776 1613 ,
1797 1576 1842 1602 ut
1859 1562 2002 1603 decem

616 1623 724 1664 haud
743 1624 911 1680 amplius
935 1626 1088 1666 dierum
1110 1625 1356 1666 frumentum
1371 1627 1413 1667 in
1428 1627 1580 1667 horreis
1595 1626 1735 1677 fuerit,
1754 1628 1845 1667 cum
1863 1640 1884 1666 a
1900 1625 2001 1667 Ves-

616 1687 776 1741 pasiano
802 1702 1049 1730 commeatus
1072 1687 1291 1729 subvenere
1309 1694 1341 1729 4.

680 1750 810 1790 LIII.
845 1750 1028 1791 CURAM
1061 1752 1290 1792 restituendi
1325 1750 1520 1808 Capitolii
1551 1756 1563 1784 5
1600 1752 1641 1792 in
1675 1752 1725 1794 L.
1746 1753 1955 1793 Vestinum
1983 1750 2000 1774 ⁶
2029 1762 2089 1806 25.

621 1813 779 1853 confert
793 1843 806 1863 ‚
836 1815 1019 1868 equestris
1043 1815 1191 1856 ordinis
1213 1816 1343 1855 virum
1358 1845 1371 1865 ,
1399 1816 1467 1856 sed
1487 1816 1718 1856 auctoritate
1734 1815 1916 1869 famaque
1937 1817 2001 1855 in·

619 1888 679 1916 ter
702 1891 900 1933 proceres.
923 1877 987 1919 Ab
1016 1893 1066 1920 eo
1093 1879 1287 1920 contrairi
1312 1879 1566 1936 haruspices,
1589 1894 1810 1931 monuere,
1837 1896 1858 1917 «
1878 1891 1922 1919 ut
1939 1893 2000 1919 re-

636 2017 668 2055 ..¹
694 2014 857 2057 Con-crssA
879 2018 990 2054 rimo]
1009 2015 1145 2055 stupris,
1167 2017 1288 2049 adulte·
1327 2018 1380 2056 fis,
1403 2019 1588 2050 ANNONA
1616 2019 1713 2050 AVG.
1743 2018 1866 2049 CEREs
1899 2018 1998 2050 AVG.

619 2061 671 2081 nis
686 2075 694 2087 ‚
713 2053 866 2090 libidine,
888 2056 990 2086 filiurn
1005 2056 1153 2093 Principis
1167 2078 1176 2091 ,
1199 2058 1288 2087 Prin·
1328 2058 1449 2087 Annona
1468 2058 1601 2098 Augusta.
1623 2059 1708 2088 Ceres
1730 2057 1863 2097 Augusta.

619 2090 782 2135 cipemque
802 2096 911 2132 agebat
930 2095 1138 2126 Domitianus.
1155 2096 1232 2127 Vide
1246 2097 1289 2128 su·
1368 2103 1376 2124 5
1401 2098 1614 2128 Rasnwfflm
1638 2099 1833 2131 emmiu]
1862 2097 1909 2126 De
1938 2095 1998 2126 hac

619 2139 673 2168 pra
689 2131 820 2162 H1st.1v
835 2156 843 2169 ‚
865 2145 881 2163 2
897 2135 929 2165 ὃ(
955 2145 1003 2172 39.
1327 2137 1478 2175 Capitolii
1502 2137 1696 2168 restitutione
1724 2137 1809 2175 plura
1835 2143 1925 2166 erunt
1947 2134 1997 2164 di-

659 2173 672 2187 ²
694 2169 837 2213 Raram
859 2175 987 2204 πωπω
1009 2175 1211 2212 Bm1]Quae
1221 2185 1289 2206 nar·
1327 2177 1442 2213 cenda,
1456 2185 1489 2207 ut
1502 2177 1630 2206 Tacitus
1646 2201 1654 2213 ,
1671 2175 1857 2211 Suetonius,
1883 2174 1998 2204 Plutar-

619 2208 769 2238 rabuntut
785 2210 865 2240 infra
883 2212 953 2242 Hist.
976 2216 1012 2243 V.
1327 2215 1400 2246 chus
1412 2239 1422 2253 ,
1433 2226 1468 2246 ac
1488 2216 1550 2246 Dio
1563 2216 1644 2246 inter
1661 2216 1689 2246 se
1701 2214 1919 2245 concilientur.
1930 2214 1995 2243 Ita-

653 2252 671 2290 .³
698 2249 913 2292 INPISCRETUM
930 2252 1012 2289 rQui
1026 2252 1176 2289 discerni,
1193 2253 1223 2282 id
1237 2255 1287 2288 est,
1327 2265 1387 2294 que
1407 2255 1480 2285 vide
1506 2256 1604 2286 Notas
1625 2256 1658 2287 ὃς
1694 2253 1935 2284 Emendationes
1956 2251 1995 2282 ad

619 2285 747 2316 ahenam
772 2298 838 2331 non
856 2291 972 2328 potefi3
998 2300 1031 2321 ut
1051 2294 1129 2322 recle
1155 2293 1287 2331 explicat
1326 2295 1399 2324 Hist.
1422 2296 1485 2328 IV,
1508 2304 1555 2334 53.

619 2325 726 2355 Illustr.
746 2327 887 2358 Huetius.
1365 2336 1378 2353 ⁶
1401 2334 1440 2363 L.
1461 2336 1624 2364 stTmUM
1644 2334 1657 2369 ]
1681 2332 1776 2369 Cujus
1795 2330 1899 2360 laudes
1920 2329 1994 2358 vide

658 2369 672 2387 ⁴
693 2365 893 2410 COMMPATUS
914 2379 1097 2399 SUBVENERE
1116 2371 1130 2408 ]
1155 2371 1232 2401 Inde
1254 2371 1287 2400 in
1326 2373 1357 2401 in
1382 2372 1459 2402 aeteti
1475 2372 1599 2402 Claudii
1620 2370 1744 2406 tabula,
1766 2369 1849 2399 edita
1868 2369 1901 2398 in
1923 2369 1997 2398 No-

618 2409 667 2434 tot
687 2414 823 2437 numm1s
843 2406 1015 2447 Vespasiani
1026 2431 1036 2447 ,
1053 2408 1114 2440 hoc
1132 2419 1216 2441 anno
1233 2421 1287 2441 cu·
1325 2411 1362 2443 tis
1377 2412 1411 2444 ὃς
1433 2410 1654 2443 Emendation.
1677 2410 1714 2442 ad
1731 2409 1845 2441 Annal.
1865 2409 1907 2439 XI
1920 2431 1930 2446 ,
1943 2418 1995 2446 24.
