2209 3047
814 200 1036 244 NOTAE
1087 196 1172 239 ET
1221 194 1821 244 EMENDATIONES

823 275 902 306 Mais
924 283 974 306 cet
988 273 1113 314 Empire
1134 273 1283 304 immense
1297 272 1337 303 est
1356 280 1428 312 trop
1442 273 1523 304 vaste
1539 283 1619 312 pour
1638 273 1716 311 elle,

823 317 852 345 A
871 314 975 345 moins
995 324 1056 354 que
1072 315 1166 344 d'une
1187 313 1267 349 tete,
1291 323 1333 342 un
1353 311 1374 342 fi
1393 313 1490 351 grand
1506 323 1596 352 corps
1618 312 1799 353 chancelle;

822 355 862 384 Et
880 364 959 393 pour
977 353 1006 384 le
1025 363 1102 384 nom
1125 354 1177 383 des
1195 352 1257 383 rois
1273 351 1329 382 son
1345 351 1521 382 invincible
1542 351 1671 383 horrent

825 394 898 423 S’est
919 392 1072 424 d’ailleurs
1086 392 1107 422 fi
1119 392 1194 422 bien
1212 391 1287 421 faite
1306 401 1367 421 aux
1388 391 1456 421 loix
1481 391 1555 421 d'un
1574 393 1765 431 Empe1eur‚

826 432 950 469 Qu'elle
970 442 1010 462 ne
1030 440 1103 470 peut
1125 429 1246 461 souffrir
1259 453 1268 466 ‚
1287 433 1372 469 apres
1388 439 1470 461 cette
1485 429 1634 461 habitude
1646 454 1657 469 ,

823 471 869 501 Ni
887 471 990 510 pleine
1006 471 1118 502 liberte'
1130 493 1140 507 ‚
1159 469 1192 500 ni
1213 469 1318 508 pleine
1337 470 1504 500 servitude.
1528 475 1536 488 ¹

826 511 894 541 Elle
914 519 990 542 veut
1011 511 1094 541 donc
1113 519 1154 539 un
1171 508 1280 539 rnaitre
1294 532 1304 546 ‚

1326 509 1360 540 &
1374 509 1484 539 Ne'ron
1502 509 1680 540 condamne‘

823 550 895 580 Fajt
916 550 988 581 voir
1007 560 1042 580 ce
1061 549 1176 588 qu'elle
1195 556 1271 579 veut
1287 558 1327 579 en
1347 558 1389 579 un
1408 548 1495 579 front
1516 550 1690 579 couronne‘.

824 589 949 620 Vindex
963 612 972 626 ‚
991 587 1106 623 Rufus,
1122 587 1155 617 ni
1169 587 1258 623 moi,
1277 589 1408 619 n'avons
1431 588 1519 618 cause
1539 587 1567 618 sa
1587 596 1691 626 perte,

825 629 879 659 Ses
902 628 1012 660 crimes
1029 628 1105 658 seuls
1127 627 1208 657 l'ont
1224 625 1317 665 faite,
1333 627 1368 658 &
1385 627 1414 657 le
1436 627 1497 658 ciel
1519 627 1556 657 l'a
1578 627 1732 657 soufferte.
1758 630 1770 646 2

825 685 1284 698 nnnnnnnnnn

1325 685 1687 697 oooooooo

827 745 953 784 Jusques
971 746 988 775 ἐι
1003 755 1039 775 ce
1057 744 1152 784 grand
1173 754 1255 783 coup
1267 767 1275 780 ‚
1296 753 1339 773 un
1360 743 1502 774 honteux
1524 744 1681 784 esclavage

830 784 933 815 D'une
955 783 1037 814 seule
1056 783 1177 814 maison
1197 794 1278 814 nous
1302 782 1407 813 faisoit
1432 783 1600 822 l‘he‘ritage.

817 823 919 854 Rome
946 825 1018 853 n'en
1037 833 1055 853 a
1075 823 1192 862 teptis,
1213 833 1252 853 au
1270 822 1335 853 lieu
1358 823 1397 852 de
1416 822 1549 859 liberte,

819 863 925 899 Qu'un
949 861 1033 893 droit
1049 863 1087 893 de
1110 870 1222 892 mettre
1246 861 1370 892 ailleurs
1389 861 1419 892 la
1440 861 1679 899 souverainete;
1711 867 1720 887 Ξ

820 901 860 931 Et
880 901 978 932 laiffer
997 904 1082 940 apres
1106 901 1190 937 moi,
1215 901 1290 931 dans
1311 902 1340 931 le
1357 901 1448 931 trdne
1469 911 1511 931 un
1532 901 1629 940 grand
1645 900 1773 930 homme
1786 922 1796 937 ,

819 940 899 970 C'est
917 948 989 972 tout
1009 951 1045 971 ce
1059 939 1311 979 qu'aujourd'hui
1333 941 1363 978 je
1384 940 1452 979 puis
1472 939 1548 971 faire
1570 951 1649 979 pour
1663 941 1775 970 Rome.
1798 943 1813 962 4

816 1056 885 1087 Jule
897 1080 905 1093 ‚
920 1057 954 1088 &
969 1057 998 1087 le
1018 1057 1114 1096 grand
1129 1057 1260 1096 Auguste
1279 1065 1337 1088 ont
1352 1055 1449 1087 choifi
1470 1057 1544 1086 dans
1558 1057 1624 1087 leur
1637 1055 1729 1094 sang,

817 1097 870 1125 Ou
886 1096 959 1126 dans
974 1096 1040 1127 leur
1059 1097 1211 1134 alliance,
1230 1097 1248 1126 ἑ.
1262 1096 1316 1136 qui
1337 1096 1435 1126 laiss'er
1451 1106 1485 1126 ce
1509 1106 1594 1134 tang.

817 1135 886 1165 Moi
899 1159 908 1171 ,
923 1135 987 1166 sans
1008 1135 1183 1167 confideret
1198 1145 1300 1166 aucun
1315 1136 1411 1166 noeud
1425 1134 1635 1175 domestique,
1708 1172 1714 1178 .

817 1174 875 1204 J'ai
887 1174 943 1205 fait
959 1185 995 1205 ce
1008 1175 1103 1206 choix
1119 1185 1243 1206 comme
1261 1185 1321 1206 eux
1334 1199 1343 1213 ‚
1359 1175 1435 1205 mais
1452 1175 1526 1205 dans
1546 1174 1577 1205 la
1593 1173 1797 1213 repubhque3
1821 1178 1830 1200 ἱ

817 1214 853 1243 Je
866 1213 916 1244 l’ai
937 1213 997 1244 fait
1020 1215 1058 1245 de
1072 1215 1180 1250 Pison‚
1203 1214 1273 1245 c'est
1289 1215 1319 1245 le
1338 1214 1411 1254 sang
1433 1214 1470 1244 de
1484 1213 1600 1244 Craffus
1612 1237 1623 1252 ,

819 1253 899 1283 C'est
917 1253 998 1283 celui
1015 1254 1053 1285 de
1074 1255 1228 1293 Pompele,
1241 1253 1264 1283 il
1281 1263 1320 1284 en
1333 1264 1350 1284 a
1366 1254 1410 1284 les
1431 1260 1554 1291 vertus;

818 1291 857 1322 Et
875 1292 919 1322 les
934 1291 1059 1323 fameux
1074 1293 1166 1325 he‘ros
1179 1317 1188 1330 ‚
1204 1294 1283 1323 dont
1297 1293 1320 1323 il
1344 1293 1444 1324 suivra
1463 1293 1492 1323 la
1508 1301 1590 1323 trace
1602 1316 1611 1330 ‚

819 1331 992 1363 Joindront
1006 1333 1044 1363 de
1058 1331 1080 1363 fi
1098 1333 1209 1373 grands
1229 1343 1320 1364 norns
1337 1343 1397 1364 aux
1409 1332 1520 1372 grands
1540 1342 1631 1363 noms
1651 1332 1690 1363 de
1704 1342 1754 1364 ma
1771 1341 1852 1363 racc.
1873 1332 1888 1350 ⁶

670 1401 720 1434 Ne
736 1401 931 1451 longiorfim
942 1431 952 1447 ,
979 1405 1047 1440 alia
1064 1406 1166 1439 multa
1182 1405 1336 1452 omiserim
1351 1432 1360 1448 ,
1373 1407 1501 1453 egregia
1515 1415 1619 1439 tamen
1631 1417 1645 1446 ;
1665 1417 1701 1439 ea
1717 1404 1857 1438 maxime*
1869 1430 1881 1447 ‚
1896 1403 2008 1451 quibus

622 1449 764 1486 Camilla
776 1479 785 1495 ,
805 1453 846 1488 ad
862 1454 997 1489 Othonis
1009 1481 1020 1498 ,
1040 1455 1135 1502 qudm
1150 1455 1191 1489 ad
1208 1455 1330 1501 Prfhnis
1345 1467 1483 1490 amorem
1496 1456 1629 1500 pronior
1642 1480 1652 1496 ,
1673 1454 1831 1501 utriusque
1850 1466 1947 1488 mores
1964 1465 2005 1488 ex

622 1498 732 1534 Tacito
748 1504 870 1538 Annal.
885 1504 988 1547 XIII,
1004 1507 1067 1549 46.
1083 1504 1121 1539 ξφ
1142 1503 1225 1550 Hist.
1243 1506 1280 1547 I,
1303 1515 1318 1539 1
1329 1516 1346 1551 3
1373 1504 1410 1539 ἐπ’
1436 1514 1484 1550 14
1500 1503 1609 1539 νίνὶάὲ
1625 1506 1788 1550 exprimit.
1815 1504 1865 1538 De
1882 1502 2007 1551 reliqud

623 1550 782 1597 tragoedia
792 1565 897 1598 pauca
924 1556 1047 1588 tantam
1072 1566 1108 1588 ac
1131 1555 1291 1599 praecipua
1302 1554 1454 1600 seligam.

677 1600 790 1637 Vinius
811 1603 967 1638 Othonem
981 1603 1023 1638 ad
1044 1602 1254 1650 capessendum
1273 1605 1440 1650 imperium
1454 1603 1622 1645 hortatur,
1640 1601 1720 1638 Αξῒ.
1742 1601 1806 1638 IV.
1826 1600 1928 1640 Scen.
1943 1612 1979 1637 2.

821 1669 1052 1701 Saififfez-vous
1070 1670 1145 1701 d'un
1160 1669 1251 1701 trc'me
1278 1671 1321 1701 oii
1340 1669 1369 1700 le
1390 1669 1450 1700 ciel
1471 1679 1551 1700 vous
1572 1668 1710 1699 destine:

818 1709 858 1740 Et
869 1732 878 1746 ,
891 1720 970 1749 pour
988 1708 1100 1740 choifir
1117 1709 1317 1740 vous-meme
1334 1719 1411 1740 avec
1431 1708 1485 1749 qui
1503 1708 1533 1739 le
1548 1708 1696 1747 remplir,

822 1751 850 1779 A
865 1759 922 1779 vos
939 1749 1076 1780 heureux
1092 1749 1203 1779 destins
1219 1749 1307 1780 aidez
1324 1749 1342 1779 ὲ
1356 1748 1561 1787 s'accomplir.
1583 1753 1596 1773 7

860 1789 1002 1819 L'armee
1019 1799 1035 1819 a
1049 1788 1091 1818 vir
1104 1788 1195 1819 Pison
1207 1812 1217 1825 ,
1239 1788 1316 1819 mais
1334 1798 1410 1819 avec
1431 1798 1475 1818 un
1488 1796 1644 1818 murmure

825 1827 890 1864 Qui
906 1827 1054 1858 sembloit
1072 1827 1134 1858 mal
1157 1828 1269 1867 gouter
1290 1837 1325 1859 ce
1346 1830 1445 1867 qu'on
1463 1838 1542 1858 vous
1556 1825 1612 1857 fait
1632 1824 1782 1864 d’injure3
1804 1823 1816 1845 ⁸

822 1866 923 1897 Galba
945 1877 984 1898 ne
1006 1867 1048 1898 l'a
1068 1867 1196 1906 produit
1217 1869 1347 1907 qu'avec
1363 1866 1515 1903 se've'rite'‚

820 1906 895 1937 Sans
913 1905 993 1937 faire
1012 1916 1114 1938 aucun
1135 1906 1236 1946 espoir
1259 1907 1298 1937 de
1320 1906 1485 1938 liberalite.
1509 1911 1523 1930 ⁹

662 1983 673 1996 ἵ
694 1977 777 2011 Neque
791 1977 854 2002 enim
865 1978 920 2007 hic,
940 1980 1002 2004 utin
1019 1980 1100 2004 cereris
1117 1980 1228 2013 gentibus
1247 1989 1300 2014 quae

628 2018 757 2043 regnamur
766 2030 771 2039 ‚
784 2021 847 2037 certa
856 2013 1013 2038 dominorum
1024 2014 1110 2038 domus
1121 2032 1128 2041 ,
1141 2017 1165 2039 &
1175 2015 1245 2038 cereri
1255 2016 1300 2038 ser-

628 2046 666 2069 vi:
679 2045 716 2069 sed
727 2047 882 2078 imperaturus
902 2056 924 2071 es
935 2049 1088 2076 horninibus,
1101 2049 1143 2080 qui
1160 2057 1203 2072 nec
1223 2057 1300 2072 roram

627 2079 762 2103 servitutem
784 2082 832 2112 pati
853 2080 949 2113 possunt
963 2099 970 2109 ,
993 2090 1038 2106 nec
1060 2090 1138 2108 rotam
1157 2082 1299 2106 libertatem.

628 2111 705 2138 Tacit.
716 2113 774 2144 Hist.
788 2114 814 2142 1,
830 2119 867 2140 16.

663 2151 673 2184 f
693 2148 727 2170 Sit
739 2155 793 2170 anre
804 2149 888 2174 oculos
905 2150 986 2178 Nero,
1005 2159 1077 2184 quem
1094 2150 1171 2183 longi
1183 2151 1300 2175 Caesarum

627 2180 684 2220 serre
702 2189 832 2205 tumentem
844 2200 850 2209 ‚
869 2191 921 2208 non
933 2184 1027 2208 Vindex
1039 2193 1093 2208 cum
1107 2185 1192 2209 inermi
1203 2185 1301 2216 provin·

629 2221 680 2243 cra,
694 2222 735 2238 aut
745 2223 790 2247 ego
803 2224 856 2239 curn
868 2217 916 2240 uni
925 2218 1021 2250 legione
1031 2227 1037 2247 ς
1049 2219 1087 2242 scd
1099 2220 1138 2242 sua
1150 2219 1300 2246 immanitas,

627 2248 681 2312 {tls}
690 2248 786 2306 lilixuria
806 2251 933 2274 cervicibus
961 2252 1061 2283 publicis
1080 2252 1198 2285 depulere.
1224 2251 1300 2277 Tacit.

655 2290 660 2304 1
681 2298 687 2305 .
719 2300 726 2310 ,
741 2287 779 2306 16.

667 2323 674 2339 3
696 2317 743 2340 Sub
754 2317 852 2342 Tiberio
867 2320 891 2342 ὅ(
913 2318 974 2342 Caio
995 2321 1018 2343 δε
1039 2319 1144 2344 Claudio
1157 2337 1163 2347 ,
1183 2319 1253 2343 unius
1263 2319 1298 2343 fa-

630 2349 702 2372 milia:
720 2351 785 2383 quasi
804 2351 919 2375 hereditas
936 2352 1022 2376 fuimus
1035 2362 1041 2375 :
1055 2354 1111 2378 loco
1124 2354 1237 2377 libertatis
1248 2354 1299 2380 crit,

631 2382 700 2414 qud&
709 2384 764 2416 eligi
775 2386 898 2416 coepimus.
910 2385 985 2410 Tacit.
998 2386 1056 2417 Hift.
1069 2387 1082 2410 l
1091 2404 1097 2413 ,
1119 2391 1158 2410 16.

663 2423 676 2439 4
696 2418 768 2442 Nunc
783 2418 812 2442 ed
823 2420 960 2444 neceffitaris
971 2423 1018 2450 jam
1031 2420 1121 2451 pridem
1132 2428 1232 2444 ventur-n
1251 2420 1282 2443 est
1292 2437 1299 2446 ,

630 2456 655 2473 ut
666 2458 710 2476 nec
720 2460 773 2478 mea
782 2454 886 2479 seneetus
897 2454 1004 2481 conferre
1016 2454 1069 2488 plus
1080 2454 1174 2487 populo
1183 2454 1299 2482 Romano

1340 1980 1422 2011 poffir,
1440 1979 1514 2013 quam
1534 1980 1629 2004 bonum
1648 1976 1822 2007 succefforcm3
1839 1984 1882 2001 nec
1895 1984 1935 2000 tua
1956 1977 2010 2008 plus

1338 2021 1437 2043 Juvcnra
1447 2031 1454 2041 ‚
1472 2013 1545 2047 qudm
1567 2015 1660 2039 bonum
1670 2013 1812 2044 Principem.
1827 2010 1902 2036 Tacit.
1915 2010 1972 2042 Hist.
1982 2011 2010 2038 1,

1342 2052 1379 2071 16.

1375 2087 1384 2104 5
1404 2080 1525 2113 Augustus
1537 2082 1563 2105 in
1573 2080 1650 2105 domo
1660 2079 1812 2105 successorem
1824 2078 1943 2113 quaefivir3
1964 2086 2014 2111 ego

1339 2116 1365 2140 in
1377 2115 1504 2147 republica.
1515 2114 1592 2140 Tacit.
1601 2114 1659 2146 Hift.
1676 2115 1705 2142 l,
1726 2123 1734 2138 ι
1743 2123 1764 2144 ς.

1374 2152 1385 2167 ⁶
1404 2150 1465 2173 Mihi
1477 2151 1598 2182 egregium
1615 2157 1663 2173 erar
1679 2149 1725 2173 Cn.
1737 2147 1879 2179 Pompeii&
1894 2147 1927 2170 M.
1940 2146 2012 2170 Cras-

1340 2182 1355 2206 fi
1376 2183 1484 2207 sobolem
1504 2184 1529 2207 in
1548 2191 1645 2215 penates
1669 2190 1735 2206 meos
1761 2182 1883 2205 adsciscere
1896 2189 1904 2207 ς
1925 2182 1949 2204 δε
1968 2179 2013 2203 tibi

1340 2216 1431 2249 infigne
1443 2217 1552 2248 Sulpiciae
1564 2225 1590 2241 ac
1609 2218 1709 2241 Lurariae
1725 2215 1812 2240 decora
1831 2215 1954 2239 nobilitati
1964 2220 2009 2237 ruae

1340 2249 1452 2281 adjecisse.
1463 2250 1540 2275 Tacit.
1550 2250 1646 2281 Hist.1,
1661 2258 1669 2274 1
1678 2259 1698 2279 ς.

1376 2291 1386 2307 7
1405 2285 1489 2309 Novos
1507 2292 1600 2312 motus,
1613 2287 1637 2309 δε
1648 2285 1738 2308 clarum
1750 2282 1847 2307 Othoni
1859 2288 1950 2306 annum
1962 2280 2010 2304 ob-

1339 2319 1471 2343 servatione
1483 2318 1583 2342 fiderum
1594 2318 1730 2342 adfirmant.
1743 2316 1818 2341 Tacit.
1828 2315 1886 2345 Hirr.
1897 2314 1922 2341 I,
1938 2321 1979 2350 22.-

1375 2353 1384 2369 2
1406 2353 1448 2376 Per
1459 2361 1550 2376 ceteros
1562 2352 1669 2376 maestiria
1685 2354 1709 2375 ὅ(
1720 2350 1846 2374 fiiemium.
1856 2348 1931 2372 Tacit.
1948 2345 2008 2378 Hrst.

1338 2385 1367 2412 1=
1382 2388 1418 2409 18.

1373 2425 1383 2441 9
1403 2420 1452 2443 Nec
1465 2419 1541 2443 ullum
1552 2418 1658 2442 orationi
1670 2426 1711 2442 aut
1720 2417 1871 2443 lenocinium
1882 2414 1959 2443 addit,
1971 2422 2014 2439 auc

1337 2452 1447 2485 pretium.
1459 2452 1534 2479 Tacit.
1545 2451 1604 2485 Hrst.
1617 2451 1644 2481 l,
1660 2454 1697 2476 18.
