2230 3047
639 186 659 220 8

603 196 878 305 inendacium
909 274 1033 305 cruce
1065 256 1166 305 luit.
1203 259 1411 307 LXXIII.
1450 258 1669 325 Superbia
1683 258 1978 327 socordiaque

605 343 790 391 Vitellii
808 379 822 401 ‚
860 342 912 391 ob
933 342 1132 392 adac‘lum
1152 344 1200 391 in
1221 344 1351 392 verba
1371 343 1465 410 ejus
1486 343 1731 393 Orientem.
1755 348 1975 396 LXXIV.

601 428 668 477 Ac
690 427 985 496 Vespasianus
1011 431 1170 478 bellum
1190 449 1394 497 armaque
1408 449 1556 497 parat.
1597 434 1805 480 LXXVI.
1826 431 1976 497 Quem

599 532 824 563 nutantem
838 514 992 576 firmat
1017 515 1295 582 incenditque
1329 517 1595 566 Mucianus.
1623 520 1863 566 LXXVII.
1898 518 1977 566 In-

601 601 742 650 citant
768 623 938 670 quoque
955 621 1107 651 vatum
1132 601 1278 668 respon
1301 623 1341 650 a.
1363 603 1551 651 Carmeli
1569 641 1580 661 ,
1606 604 1765 651 montis
1783 604 1939 671 deique
1961 619 1977 665 ,¹

598 708 677 737 ara
697 689 737 738 ἐξ)
764 690 1021 738 reverentia.
1041 691 1254 736 LXXIX.
1276 687 1333 736 Irz
1352 689 1587 757 AEgypto,
1609 710 1717 738 mox
1735 691 1783 737 in
1804 690 1976 757 Syriai,

597 774 842 842 Imperator
868 776 1102 841 stzlazaatr
1145 774 1199 823 V
1193 773 1453 841 espafiartus.
1498 779 1711 824 LXXXI.
1760 777 1844 824 Ad
1878 777 1975 843 ejus

589 880 739 928 partes
771 864 980 910 accedunt
1009 881 1127 930 reges
1154 861 1368 910 Sollemus
1385 900 1400 920 ,
1426 861 1676 911 Antiochus
1692 900 1705 921 ‚
1733 863 1946 931 Agrippa
1959 876 1977 922 ,'

601 948 642 998 ἃ
671 949 826 1016 regina
869 949 1097 997 Berenice.
1128 951 1363 997 LXXXII.
1402 948 1532 996 Belli
1577 948 1772 1014 constlia.
1808 948 1976 1016 Vespa-

583 1035 742 1100 sianus
776 1054 961 1103 occupat
990 1036 1279 1103 AEgyptum:
1313 1034 1439 1082 Titus
1469 1035 1636 1085 Judaeae
1668 1033 1798 1101 instat
1816 1055 1830 1082 .·
1855 1035 1975 1083 Mu-

598 1122 752 1171 cianus
774 1123 837 1170 ad
863 1123 1024 1171 bellum
1054 1121 1386 1190 prfficiscitur;
1418 1120 1749 1187 pecuniasque,
1784 1121 1890 1169 belli
1919 1121 1977 1171 ci-

596 1207 705 1257 vilis
720 1228 875 1257 nervos
890 1245 905 1269 ,
928 1209 1162 1278 conquirit.
1180 1210 1422 1257 LXXXV.
1445 1208 1643 1274 Moestcce
1666 1227 1717 1257 ac
1738 1208 1974 1257 Pannoni-

596 1312 655 1343 cae
673 1294 867 1362 legiones
889 1333 902 1355 ,
938 1294 987 1342 in
1010 1313 1161 1361 partes
1184 1292 1446 1364 transgrffe
1467 1332 1479 1353 ,
1501 1294 1819 1344 Dalmaticum
1851 1295 1975 1344 mili-

595 1398 680 1428 tem
707 1381 901 1429 trabunt.
929 1380 1057 1428 Belli
1060 1379 1194 1445 faces
1213 1381 1443 1429 Antonius
1467 1381 1648 1430 Primus
1677 1382 1717 1429 ἐξ
1747 1381 1975 1432 Cornelius

594 1466 778 1530 FuscuS.
827 1470 1114 1516 LXXXVII.
1154 1466 1371 1517 Vitellius
1387 1507 1400 1526 ,
1441 1466 1490 1514 in
1534 1468 1625 1515 dies
1652 1466 1845 1534 stgnior
1884 1488 1971 1518 cor-

595 1553 849 1620 ruptiorque
863 1591 876 1612 ‚
904 1553 1039 1620 gravi
1061 1573 1113 1603 ac
1143 1548 1401 1602 luxuriante
1420 1553 1596 1622 agmine
1616 1555 1771 1602 Romae
1782 1555 1976 1623 propin-

595 1657 716 1707 quat.
749 1642 1054 1689 LXXXVIII.
1083 1639 1191 1708 Post
1218 1640 1414 1689 militum
1431 1639 1664 1707 plebisque
1687 1643 1819 1690 credes
1834 1678 1849 1701 ‚
1882 1641 1974 1689 Ur-

595 1725 717 1783 bem,
750 1743 798 1773 ut
827 1744 1029 1792 captam,
1060 1726 1324 1794 ingreditur.
1357 1730 1463 1776 XC.
1502 1725 1805 1794 Magnificam
1838 1728 1890 1776 de
1894 1728 1976 1795 st-

596 1811 776 1878 metipsb
799 1811 1040 1861 orationem
1057 1813 1199 1862 habet.
1227 1815 1357 1863 XCI.
1380 1812 1591 1860 Humani
1612 1814 1845 1881 divinique
1857 1814 1977 1881 juris

596 1916 778 1964 exper5‚
810 1899 1007 1965 quaedam
1037 1917 1179 1949 tamen
1202 1898 1447 1967 popularia
1466 1899 1661 1968 usttrpat.
1694 1904 1843 1950 XCII.
1861 1901 1975 1949 Mu-

597 1984 675 2032 nia
702 1984 881 2052 imperii
910 1985 1081 2036 Caecina
1114 1985 1155 2036 ἃ
1189 1986 1357 2036 Valens
1395 1987 1562 2035 obeunt.
1593 1990 1760 2035 XCIII.
1794 1987 1976 2036 Militis

595 2070 643 2119 in
675 2070 789 2119 Urbe
818 2071 988 2130 otium,
1023 2072 1231 2122 libidines
1252 2111 1265 2133 ,
1304 2073 1445 2121 morbi
1476 2093 1527 2122 ac
1567 2091 1736 2122 mortes.
1772 2073 1975 2122 Sedecim

587 2156 806 2225 prcetoriae
824 2158 1014 2208 colzortes
1029 2197 1044 2217 ,
1073 2178 1263 2227 quatuor
1290 2159 1481 2208 Urbanae
1491 2158 1768 2226 scribuntur.
1793 2161 1974 2209 XCIV.

594 2242 840 2310 Insolentia
866 2244 1029 2295 militis
1046 2283 1060 2303 ‚
1087 2245 1127 2294 ἃ
1153 2247 1377 2314 paucitas.
1405 2245 1569 2314 Inopia
1593 2246 1730 2310 simul
1755 2244 1796 2294 ‹⁴3›
1814 2245 1975 2312 prodi-

590 2330 742 2397 gentia
774 2327 973 2382 Vitellii.
999 2330 1216 2399 Asiatici,
1250 2332 1425 2394 liberti,
1461 2352 1576 2401 opes.
1606 2332 1742 2382 Urbis
1770 2332 1967 2399 miseria.
