2209 3047
600 204 688 250 462
778 192 1000 235 NOTAE
1057 188 1144 230 ET
1195 188 1784 235 EMENDATIONES

600 277 682 311 dum
695 299 704 315 ,
723 272 786 306 illi.
816 271 886 305 Pro
907 268 1046 303 trabibus
1061 265 1172 303 vellet
1190 278 1335 316 quoque
1354 265 1521 302 Heinsius
1537 294 1546 309 ,
1576 268 1726 303 lateribus
1747 280 1759 309 3
1784 269 1945 309 Ernestus·
1962 299 1974 318 ‚

599 323 767 370 lapidibus.
797 318 946 354 Minime
969 316 1154 366 displicet,
1186 318 1337 352 trabibus.
1363 316 1406 351 In
1438 316 1512 352 hoc
1533 315 1687 353 militum
1717 318 1836 355 furore
1862 347 1871 363 ,
1898 334 1975 359 non

598 370 727 422 tegulis
749 368 889 405 tantum
903 397 912 412 ‚
940 367 1000 403 sed
1023 370 1056 403 &
1071 367 1228 403 trabibus
1242 365 1524 403 deturbabantur
1543 379 1833 418 propugnatores
1855 381 1867 411 3
1905 382 1977 408 tee-

601 434 707 473 taque
731 429 831 456 erant
855 418 961 455 muris
986 417 1200 466 propinqua.

653 517 760 554 CAP.
791 516 919 553 XXXI.
947 517 1306 553 GLOMERABANTUR
1330 519 1347 561 ]
1379 518 1476 554 Bene
1499 517 1575 553 Mis.
1602 516 1698 553 Flor.
1728 518 1831 555 Harl.
1869 519 1977 555 Bodl.

602 568 720 606 Guelf.
739 568 894 604 Pichena
920 570 953 603 &
974 566 1214 603 Recentiores.
1240 565 1284 601 In
1301 566 1367 601 Ms.
1380 567 1466 617 Reg.
1486 571 1518 604 ὃ(
1532 567 1711 604 veteribus
1729 568 1950 605 editionibus
1967 594 1981 615 ,

627 623 831 654 lomerantur.

600 635 622 670 g
653 669 753 704 SAxA
776 667 978 711 TELAQUE]
1007 664 1060 700 Ita
1077 665 1154 701 ΜΠ.
1171 665 1274 701 Harl.
1292 664 1358 702 Jes.
1379 665 1492 703 Corb.
1507 670 1541 703 &
1557 666 1670 704 editio
1696 669 1873 717 princeps.
1892 667 1981 705 Non

602 721 654 757 ita
666 718 757 754 bene
771 716 1007 756 Puteolanus,
1031 717 1094 749 tela
1106 716 1264 763 saxaque.

656 768 746 804 Cum
780 776 1054 802 LANGUESCERE
1080 767 1090 810 l
1131 765 1190 800 Sic
1219 764 1284 802 Ms.
1307 763 1404 801 FIor.
1427 766 1584 803 Pichena
1613 770 1646 804 δε
1673 766 1916 804 Recentiores.
1938 767 1984 803 In

604 818 681 856 Mff.
707 817 789 865 Reg.
818 815 931 850 Corb.
967 816 1000 849 ὃ(
1028 814 1190 850 editione
1214 814 1402 863 principe,
1428 818 1496 850 cum
1518 819 1759 865 languescerent.
1784 817 1858 854 ΜΠ.
1879 816 1981 853 Harl.

605 866 713 905 Bodl.
729 865 796 901 Jes.
824 867 857 900 δε
889 862 1104 900 Puteolanus
1121 893 1130 907 ‚
1161 867 1228 898 cum
1250 867 1409 911 languere.

661 917 720 952 UT
744 917 933 958 QuisQUE]
960 912 1057 949 Bene
1078 914 1152 950 Mis.
1170 913 1267 949 Flor.
1287 913 1397 950 Corb.
1419 914 1486 952 Jes.
1504 916 1592 965 Agr.
1616 915 1730 951 editio
1759 916 1925 964 princeps
1951 918 1985 951 ὃς

609 967 832 1004 recentiores.
876 963 953 998 Mis.
983 963 1088 1000 Bodl.
1121 964 1223 1000 Harl.
1246 975 1288 999 ac
1301 964 1546 1008 Puteolanus,
1580 966 1615 1000 ἓν
1642 979 1677 1001 ut
1693 970 1828 1014 quisque.
1862 965 1904 1000 ln
1917 965 1984 1000 Ms.

609 1017 719 1053 Corb.
748 1028 814 1062 quis
831 1025 896 1061 pro
913 1015 1049 1061 qicisque.

661 1065 1006 1109 REVERTERETUR]
1037 1062 1102 1099 Ms.
1118 1063 1203 1113 Agr.
1224 1063 1451 1100 revertebatur.
1480 1063 1608 1100 Urfino
1633 1076 1675 1100 ac
1696 1064 1844 1100 Mureto
1869 1062 1988 1112 place-

610 1118 669 1153 bat
687 1143 696 1157 ‚
719 1125 906 1149 verteretur.

663 1165 752 1199 Tor
774 1166 1014 1207 FORTISSIMI]
1043 1163 1139 1198 Bene
1152 1161 1326 1211 Mss.Reg.
1344 1162 1455 1198 Corb.
1475 1163 1577 1198 Harl.
1595 1163 1773 1200 editiones
1791 1172 1926 1198 veteres
1955 1164 1990 1198 δε

611 1214 843 1251 recentiores,
878 1210 955 1248 ΜΠ.
990 1211 1056 1249 Jes.
1088 1211 1206 1249 Guelf.
1229 1212 1320 1248 Bud.
1350 1215 1384 1249 &
1408 1213 1626 1258 Rhenanus,
1658 1228 1693 1250 ac
1706 1213 1886 1261 fortiffimi.
1922 1211 1989 1247 ΜΓ.

611 1264 718 1301 Bodl.
747 1276 792 1299 ar.

590 1324 593 1327 ’
661 1314 1080 1356 C1RCUMST1TERANT]
1112 1310 1154 1346 In
1180 1311 1257 1347 Mss.
1291 1312 1380 1362 Reg.
1416 1312 1530 1349 Corb.
1553 1316 1587 1349 &
1612 1312 1775 1349 editione
1806 1310 1990 1359 principe,

611 1363 889 1410 circumsteterant.
917 1361 976 1396 Sic
994 1373 1139 1409 quoque
1169 1361 1396 1397 emendatum
1419 1362 1574 1398 secunda
1605 1375 1711 1398 manu
1737 1362 1774 1397 in
1797 1361 1865 1397 Ms.
1890 1359 1991 1396 Harl.

667 1413 779 1449 OMNI
804 1414 998 1454 rfissociA]
1029 1411 1126 1445 Bene
1149 1410 1223 1445 ΜΠ.
1241 1409 1328 1460 Reg.
1350 1412 1462 1447 Corb.
1487 1411 1601 1447 editio
1619 1412 1786 1460 princeps
1813 1414 1846 1446 ὃς
1870 1423 1994 1446 recen-

615 1463 735 1499 tiores.
753 1461 829 1497 Mss.
849 1460 950 1496 Harl.
968 1459 1074 1494 Bodl.
1090 1459 1158 1495 Jes.
1171 1460 1291 1496 Guelf.
1317 1464 1350 1496 ὃς
1378 1461 1596 1497 Puteolanus
1610 1489 1621 1505 ‚
1659 1465 1742 1497 omni
1756 1460 1897 1508 fiducid.
1917 1459 1994 1495 Ad-

616 1512 731 1549 ditum
748 1510 898 1560 margini
916 1509 979 1545 Ms.
993 1507 1099 1544 Bodl.
1123 1509 1259 1553 fei-ocid.

664 1561 778 1597 Sussi'r
808 1569 1064 1596 RECORDATlo
1084 1562 1099 1604 ]
1123 1556 1221 1594 Bene
1243 1558 1311 1594 Ms.
1328 1559 1440 1595 Corb.
1467 1559 1597 1594 &libri
1615 1558 1713 1595 editi.
1738 1559 1781 1593 In
1798 1558 1871 1594 Mff.
1889 1557 1995 1594 Harl.

616 1611 724 1647 Bodl.
753 1610 819 1647 Jes.
849 1609 940 1644 Bud.
965 1607 1086 1643 Guelf.
1104 1608 1176 1653 fuit
1193 1611 1287 1643 ratio.
1316 1608 1426 1644 Unde
1453 1608 1574 1644 frustra
1595 1608 1755 1644 tentabat
1777 1607 1994 1651 Rhenanus,

608 1663 680 1709 fuit
704 1661 872 1706 miseratio.
902 1658 1024 1693 Altera
1034 1669 1142 1693 manu
1156 1658 1382 1693 emendatum
1399 1659 1435 1694 in
1449 1658 1516 1695 Ms.
1531 1658 1633 1694 Harl.
1650 1660 1834 1693 recordatio.

672 1711 869 1754 hei-sm]
900 1708 1086 1756 Perperam
1118 1706 1154 1742 in
1183 1706 1259 1744 Mff.
1281 1707 1384 1744 Harl.
1402 1708 1469 1746 Jes.
1496 1708 1619 1746 Guelf.
1643 1708 1809 1758 inceffiſjet.
1834 1705 1998 1744 Secunda

619 1772 724 1798 manu
743 1758 969 1795 emendatum
989 1757 1025 1793 in
1042 1757 1106 1792 Ms.
1122 1756 1188 1793 Jes.
1211 1758 1338 1803 inceffit.

670 1810 953 1846 OBJECTABANT
975 1811 991 1854 ]
1024 1807 1091 1842 Ms.
1114 1806 1234 1845 Guelf.
1258 1809 1426 1856 objee'lant.

669 1908 775 1944 CAP.
803 1907 954 1943 XXXII.
983 1908 1020 1942 A
1040 1907 1199 1942 cfficmA
1213 1935 1221 1942 .
1239 1935 1248 1943 .
1268 1934 1276 1942 .
1292 1910 1536 1952 EADEMQUE]
1558 1906 1853 1955 Przepofitionem
1866 1918 1885 1939 a
1900 1932 1908 1947 ‚
1936 1916 2000 1941 co-

624 1958 743 2007 pulam
759 1972 813 2006 que
835 1969 1020 2007 perperam
1045 1956 1162 1991 omisit
1175 1957 1388 2001 Rhenanus,
1404 1956 1670 1993 adversantibus
1693 1956 1791 1991 libris
1814 1953 1953 2003 scriptis
1967 1956 2002 1990 δε

624 2007 739 2044 editis.

674 2059 835 2093 MAJORE
857 2069 964 2093 opum
991 2061 1148 2102 spaera]
1180 2057 1277 2093 Bene
1299 2055 1366 2091 Ms.
1383 2055 1490 2092 Bodl.
1510 2059 1543 2091 &
1568 2055 1798 2091 Puteolanus.
1830 2053 1889 2088 Sic
1913 2065 2003 2102 quo-

625 2120 695 2158 que
728 2106 876 2143 volebat
908 2108 1078 2143 Muretus.
1111 2106 1153 2142 In
1184 2107 1259 2142 ΜΠ.
1289 2106 1399 2141 Corb.
1419 2105 1519 2141 Harl.
1552 2108 1585 2141 ὃς
1611 2105 1773 2141 editione
1802 2103 1966 2151 principe
1991 2128 2003 2145 ‚

626 2161 778 2204 majorem
806 2171 895 2202 opum
915 2159 1060 2204 speciem.
1090 2155 1282 2193 Rhenanus
1313 2155 1383 2192 sine
1405 2154 1480 2191 ulla
1497 2166 1658 2192 veterum
1675 2154 1850 2190 librorum
1880 2154 2003 2188 aucto-

627 2208 730 2244 ritate
752 2206 1019 2249 emendaverat,
1051 2211 1218 2252 majorum.

676 2256 895 2301 BALlNEAs]
926 2256 1081 2292 Picbena
1106 2270 1125 2292 e
1153 2256 1220 2291 Ms.
1237 2255 1332 2291 Flor.
1364 2253 1407 2289 In
1425 2254 1499 2290 Mss.
1518 2254 1605 2304 Reg.
1622 2254 1735 2290 Corb.
1754 2252 1844 2289 Bud.
1871 2255 1905 2288 ὃς
1925 2249 2003 2287 edi-

627 2305 729 2341 tione
746 2304 908 2353 principe
922 2333 931 2348 ,
955 2307 1078 2341 balnea.
1110 2304 1328 2341 Puteolanus
1344 2330 1354 2346 ‚
1387 2305 1527 2340 balneas.

682 2355 902 2391 ABLUENDO
928 2359 1105 2400 ermom]
1136 2356 1189 2390 Ita
1216 2354 1297 2390 libri
1317 2366 1442 2390 omnes
1457 2354 1577 2402 scripti
1596 2353 1750 2397 &editi‚
1768 2360 1895 2402 praeter
1907 2348 2004 2386 Rhe-

618 2414 782 2450 'nanum,
810 2404 872 2454 qui
893 2404 1098 2442 emendavit
1113 2431 1123 2449 ‚
1149 2418 1254 2440 cruore
1269 2431 1280 2449 ,
1308 2416 1386 2440 non
1402 2403 1604 2441 neceffario.
