2209 3047
366 159 449 202 AD
474 161 701 203 LIBRUM
725 161 777 203 V.
801 159 946 202 HIST.
966 161 1014 202 C.
1036 161 1216 203 CORN.
1238 161 1450 204 TACITI.
1531 177 1586 217 54
1600 182 1613 206 1

281 239 527 276 CARM1Nlssus
550 239 752 286 Honrfflu]
784 238 885 274 Falsa
918 237 997 274 haec
1027 239 1208 288 Solymaea
1231 240 1440 278 Judaeorum
1473 241 1580 293 origo
1609 257 1620 282 ε

232 288 469 338 expendenda
483 300 603 327 tamen
618 317 628 333 ,
649 301 690 325 ut
705 289 835 326 erroris
851 289 956 325 causa
974 288 1163 339 aperiatur.

430 379 532 435 ,De
563 379 824 455 Solymeci
853 378 1158 435 Iudaeorum
1193 383 1408 460 origine.

285 495 402 531 APUD
419 492 569 530 Graecos
586 492 847 542 Romanosque
865 492 945 529 sons
964 492 1133 530 claritatis
1148 493 1247 531 fuere
1269 494 1424 533 Homeri
1452 498 1621 536 carmina,

227 544 320 582 Ideo
337 545 431 581 clara
452 543 669 580 videbantur
685 542 893 580 Judaeorum
909 543 1012 579 initia
1024 571 1034 587 ‚
1054 543 1077 579 s1
1095 543 1274 594 originem
1295 556 1495 593 repeterent
1511 560 1531 584 a
1551 549 1622 587 So-

228 595 334 645 lymis
350 624 359 639 ,
384 593 601 631 carminibus
621 592 776 629 Homeri
794 592 974 629 celebrata
999 604 1106 643 gente
1121 622 1131 637 ‚
1159 606 1238 644 quae
1253 593 1520 646 Hierosolymae
1540 600 1623 636 urbi

228 659 249 682 e
265 646 330 682 suo
350 657 485 681 nomen
501 642 618 680 fecisse
639 642 860 680 credebatur.
889 643 1023 680 Verum
1048 644 1127 680 hacc
1145 643 1265 680 fabula
1290 643 1369 680 sola
1389 645 1521 696 linguae
1544 649 1621 688 He-

229 695 362 732 braicae
379 693 588 744 ignorantia
606 693 743 729 nititur.
775 693 870 729 Urbs
899 693 1092 730 Jerusalem
1121 694 1213 731 dista
1239 693 1288 731 est
1314 695 1469 744 primum
1485 699 1590 735 Salem
1609 727 1620 745 ‚

228 743 325 786 wa,
349 744 387 780 id
403 743 450 781 est
464 756 554 790 pax,
581 755 602 778 a
619 743 888 780 Melchisedech
901 771 910 786 ‚
940 755 980 779 ut
996 743 1105 780 fertur
1124 771 1134 786 ‚
1157 744 1318 781 condita.
1348 744 1510 789 Deinde,
1538 750 1623 786 cum

225 793 377 831 Hebraei
396 805 505 831 terras
525 793 603 830 illas
616 794 864 842 occupassent,
876 806 1072 844 pacemque
1093 794 1146 830 ibi
1159 794 1360 838 firmassent,
1376 795 1557 844 appellata
1568 800 1620 836 est

226 844 422 892 Jerusalem,
453 844 607 888 :hwa-v,
636 844 674 879 id
695 843 743 880 est
761 845 897 892 poffeffio
912 847 1013 890 pacis.
1053 843 1148 880 Urbi
1178 844 1370 883 Jerusalem
1395 858 1530 883 novam
1563 862 1620 884 ur-

227 893 310 931 bem
335 894 424 933 Sion
444 893 586 931 addidit
609 893 734 929 David
749 921 759 937 ‚
785 904 873 930 tunc
899 906 977 930 non
996 904 1136 931 mutato
1153 895 1328 939 nomine,
1358 895 1419 933 sed
1448 896 1486 932 in
1515 897 1620 936 duale

225 944 383 989 inflexo,
402 954 536 982 vocata
551 942 599 979 est
613 944 805 992 Jerusalaim
818 971 827 987 ‚
852 943 1000 983 1:⁷¹7ww'
1012 971 1022 986 ‚
1049 945 1107 981 vel
1126 945 1258 984 wawwv
1273 959 1285 989 3
1303 945 1444 983 diversa
1474 947 1620 997 quidem

225 994 424 1045 scriptura,
450 994 512 1032 sed
527 993 653 1030 eadem
675 993 990 1043 pronuntiatione.
1017 994 1138 1032 Graeci
1161 1006 1279 1032 autem
1293 1008 1426 1033 vocem
1445 996 1622 1048 interpre-

226 1044 293 1080 tati
312 1046 394 1082 sunt
409 1046 619 1095 Γεροσέλυμας
633 1047 667 1080 &
682 1072 691 1088 ,
714 1045 797 1081 cum
816 1045 891 1081 vim
906 1044 1099 1082 Hebraicae
1124 1045 1257 1095 linguae
1274 1046 1485 1094 ignorarent
1507 1075 1517 1091 ,
1553 1048 1622 1086 fin-

224 1107 309 1132 xere
336 1095 599 1144 Hierosolyma
627 1094 700 1130 dici
724 1094 769 1130 ab
800 1099 875 1145 Γερῷ
907 1095 1071 1144 templo,
1096 1099 1130 1132 &
1163 1095 1321 1144 Solymis
1344 1097 1530 1134 montibus
1550 1126 1560 1143 ,
1589 1106 1621 1136 ἐκ

225 1151 370 1191 Σολύμων
397 1152 499 1196 ὁρέων,
526 1157 682 1194 quorum
712 1145 877 1182 meminit
894 1145 1101 1189 Homerus,
1131 1145 1256 1195 Odyff.
1276 1147 1330 1189 V,
1360 1149 1451 1194 284.
1477 1148 1535 1185 De
1552 1162 1622 1198 pu-

225 1195 401 1245 gnacibus
420 1195 598 1239 Solymis,
627 1201 788 1241 Σολύμοισι
816 1199 1017 1241 awannam
1037 1223 1046 1237 ‚
1077 1195 1153 1246 agit
1180 1195 1300 1233 adhuc
1332 1197 1370 1232 in
1402 1197 1506 1234 Iliad.
1524 1199 1624 1244 VH,-

228 1248 318 1292 184.
332 1245 467 1283 Verum
487 1241 575 1283 'cum
587 1245 757 1295 Solymos
774 1246 957 1283 Homerus
979 1256 1154 1283 memorat
1179 1277 1187 1289 ‚
1224 1246 1250 1281 ii
1278 1260 1355 1284 non
1381 1248 1512 1296 populi
1539 1249 1622 1286 sunt

224 1293 358 1332 Judaeae
374 1328 381 1339 ‚
406 1297 468 1333 sed
481 1296 704 1344 AEthiopiae3
732 1309 823 1346 quos
842 1296 1001 1345 appellat
1031 1297 1173 1345 Solymos
1186 1327 1193 1338 ‚
1210 1297 1309 1345 quod
1325 1297 1490 1335 eumdem
1512 1298 1622 1338 ferme

223 1345 327 1432 ῗωηι
342 1346 516 1384 haberent
531 1346 569 1382 in
581 1346 774 1396 AEthiopia
789 1377 798 1390 ,
819 1359 927 1396 quem
940 1345 1080 1396 Solymi
1093 1346 1133 1383 in
1143 1346 1284 1386 Pisidia.
1304 1347 1395 1388 Vide
1406 1346 1622 1389 Strabonem

240 1395 307 1434 ibr.
332 1399 360 1433 I.
376 1410 460 1448 pag.
491 1407 552 1446 35.
1199 1420 1201 1423 .

276 1496 383 1533 CAP.
412 1498 483 1534 III.
512 1499 682 1534 PLumMr
711 1508 915 1534 AUCTORES
946 1501 1258 1544 CONSENTIUNT]
1301 1498 1397 1535 Cum
1427 1500 1542 1536 varias
1576 1501 1623 1538 de

222 1546 432 1584 Judaeorum
449 1548 593 1597 origine
609 1547 799 1584 sententias
813 1547 981 1586 retulisset
990 1548 1141 1585 Tacitus
1156 1576 1165 1593 ,
1184 1548 1389 1597 promiscue
1420 1549 1464 1586 de
1494 1563 1622 1588 eorum

221 1595 392 1634 institutis
414 1611 455 1634 ac
471 1599 632 1635 moribus
660 1611 705 1635 ex
730 1597 971 1647 plurimorum
989 1601 1173 1635 aquorum
1198 1599 1373 1636 consensu
1410 1599 1495 1649 agit.
1535 1600 1622 1647 Qua

223 1646 269 1684 de
293 1660 330 1684 re
356 1647 441 1684 cum
461 1649 574 1687 multa
598 1650 670 1700 jam
703 1648 743 1685 in
769 1647 879 1686 Notis
907 1648 1011 1700 supra
1036 1649 1229 1687 dixerimus
1246 1677 1257 1694 ‚
1287 1661 1403 1699 pauca
1432 1650 1621 1701 supersunt

223 1697 464 1748 explananda.

259 1787 358 1845 De
381 1789 587 1846 Iudaeis
609 1833 625 1859 ‚
660 1810 935 1867 eorumque
969 1791 1215 1867 institutis
1241 1809 1303 1846 ac
1336 1789 1585 1847 moribus,

271 1901 393 1940 ORTA
410 1917 474 1954 per
496 1905 698 1954 AEgyptum
711 1905 794 1941 tabe
808 1931 818 1948 ‚
837 1917 944 1953 quam
953 1905 1094 1952 scabiem
1117 1904 1154 1940 ἔπ’
1170 1905 1368 1951 vitiliginem
1387 1931 1397 1947 ,
1426 1903 1465 1939 id
1491 1902 1539 1940 est
1571 1902 1622 1939 le-

222 1964 324 2003 pram
339 1982 350 1998 ,
376 1954 538 2004 appellat
551 1954 705 1992 Justinus
718 1986 727 1998 ,
761 1954 917 1990 XXXVI
938 1981 948 1997 ,
969 1966 992 1990 2
1004 1982 1016 1999 ,
1039 1954 1182 1992 Judaeos
1197 1955 1361 2003 AEgypto
1383 1953 1507 2002 pulsos
1520 1953 1620 1989 fuisse

223 2003 334 2040 tradit
345 2004 497 2041 Tacitus
511 2034 521 2049 ‚
546 2005 686 2042 secutus
706 2005 982 2042 Chaeremonem
994 2032 1004 2048 ,
1032 2018 1075 2042 ac
1096 2003 1248 2041 maxime
1263 2003 1512 2053 Lyfimachum
1529 2031 1540 2047 ‚
1557 2002 1620 2052 qui

224 2053 352 2090 eadem
379 2056 534 2092 omnino
559 2056 729 2093 mentitus
752 2055 802 2092 est
824 2083 834 2100 ‚
863 2066 904 2092 ut
926 2055 1050 2094 videre
1075 2054 1124 2093 est
1151 2054 1249 2105 apud
1263 2053 1459 2103 Josephum
1473 2080 1484 2099 ,
1509 2065 1620 2089 contra

224 2107 383 2150 Apionem
399 2133 409 2148 ,
432 2106 514 2142 libr.
529 2106 547 2142 I
562 2138 569 2149 ,
596 2118 643 2155 33
665 2109 699 2143 ὃς
714 2106 811 2156 seqq.
1576 2151 1582 2157 ·

279 2154 393 2201 Quod
427 2166 546 2192 autem
573 2156 761 2193 mirificam
792 2154 1035 2193 Hebraeorum
1060 2167 1123 2205 per
1150 2167 1246 2192 mare
1262 2154 1420 2191 Rubrum
1441 2150 1617 2190 transmis-

225 2203 362 2241 sionem
379 2204 511 2242 filuerit
526 2207 676 2243 Tacitus
689 2235 698 2251 ‚
715 2206 845 2243 mirum
863 2206 976 2243 videri
991 2218 1066 2242 non
1082 2205 1188 2242 debet
1199 2233 1209 2249 ,
1230 2205 1313 2242 cum
1328 2204 1403 2254 ipse
1419 2203 1616 2258 Josephus,

225 2256 325 2303 cujus
355 2255 486 2304 scripta
510 2266 587 2293 tum
611 2257 852 2294 inclaruerant
867 2288 874 2298 ‚
901 2256 1110 2306 prodigium
1130 2255 1221 2291 illud
1251 2255 1302 2291 ita
1326 2263 1523 2291 narraverit
1540 2280 1549 2295 ‚
1576 2262 1617 2288 ut

223 2303 263 2340 id
293 2305 404 2356 magis
431 2316 606 2344 everteret
633 2336 642 2350 ‚
684 2308 791 2357 quam
827 2306 1029 2344 adstrueret.
1060 2305 1183 2343 Simile
1214 2305 1311 2342 enim
1340 2314 1548 2354 portentum
1578 2301 1617 2356 i.¹¹

224 2352 443 2406 Pamphylio
456 2358 543 2392 mari
560 2386 568 2401 ,
593 2357 676 2393 cum
696 2357 898 2394 Alexander
914 2357 1069 2406 Magnus
1078 2355 1196 2392 Persas
1207 2355 1309 2392 bello
1322 2364 1459 2406 peteret
1471 2381 1480 2395 2
1496 2361 1620 2390 conti-

224 2403 310 2454 giffe
325 2406 547 2446 adseveravit
559 2407 734 2458 Josephus
750 2439 759 2452 ,
790 2410 903 2457 Antiq.
920 2408 995 2447 Jud.
1017 2405 1067 2446 11.
1086 2418 1165 2456 cap.
1182 2405 1246 2444 ult.
