2209 3047
346 166 816 215 HISTORIARUM
858 164 1055 207 LIBER
1096 165 1394 210 TERTIUS.
1486 181 1576 218 207

189 267 282 296 »ret
297 271 318 292 »
330 286 339 295 .
352 253 433 296 Sed
446 251 635 296 Vitellius
652 247 827 292 consulis
845 253 856 270 ¹
873 245 1116 304 supplicium
1132 247 1316 302 poscenti
1333 246 1488 306 populo
1501 248 1580 290 res-
1601 261 1718 306 ἓ

190 320 274 360 titit
287 348 300 369 ,
326 317 505 374 placatus
519 347 532 367 ‚
558 332 605 358 ac
622 313 734 356 velut
750 314 883 354 vicem
897 310 1067 352 reddens
1081 339 1094 360 ,
1116 312 1224 363 quod
1240 312 1579 368 interrogantibus
1602 296 1716 374 Ag?

199 399 222 419 «
239 383 324 436 quis
340 381 589 437 Capitolium
605 376 841 419 incendiffet
856 394 876 414 »
887 405 900 427 ,
919 375 959 416 se
974 388 1086 415 reum
1102 373 1263 415 Atticus
1280 375 1491 417 obtulerat.
1504 376 1581 417 Ea·
1627 396 1649 419 J.
1663 365 1696 420 c]

192 459 271 500 que
285 445 550 494 confessione,
567 444 646 484 five
661 454 797 497 aptum
815 439 988 495 tempori
1002 437 1258 478 mendacium
1273 438 1369 489 fuit,
1385 440 1580 481 invidiam
1634 445 1685 480 69·

142 522 165 563 5
195 509 428 563 crimenque
455 506 658 563 agnovisse
671 534 685 556 ‚
712 507 753 545 &
782 518 802 544 a
823 502 998 559 partibus
1025 499 1186 543 Vitellii
1214 505 1228 522 ²
1253 501 1440 545 amolitus
1470 504 1581 546 vide-

195 570 324 614 batur.

257 633 479 676 LXXVI.
511 632 533 673 I
541 642 688 672 ISDEM
710 627 850 671 diebus
867 629 914 670 L.
934 626 1125 671 Vitellius
1141 656 1154 678 ‚
1182 628 1316 684 positis
1337 628 1441 684 apud
1457 629 1585 672 Fero*

194 700 303 740 niam
326 703 336 727 ³
361 697 493 739 castris
505 725 520 747 ,
544 693 705 736 excidio
720 694 945 734 Tarracinae
961 690 1221 739 imminebat3
1248 691 1386 733 clausis
1403 690 1488 732 illic
1505 694 1584 748 gla-

194 760 414 802 diatoribus
434 757 730 813 remigibusque
745 786 759 808 ,
783 758 851 811 qui
868 771 951 796 non
971 755 1108 811 egredi
1128 756 1278 796 moenia
1292 784 1305 805 ,
1334 770 1464 809 neque
1480 758 1587 811 peri-

117 841 168 870 10
195 822 335 866 culum
350 824 392 863 in
408 835 548 879 aperto
571 819 782 862 audebant.
808 821 975 861 Praeerat
987 848 1001 869 ,
1024 831 1069 859 ut
1086 817 1200 874 supra
1215 820 1528 860 memoravimus
1543 825 1560 847 4
1572 849 1586 870 ,

193 886 378 932 Julianus
394 883 682 941 gladiatoribus
696 913 710 935 ,
737 882 984 940 Apollinaris
1001 881 1218 937 remigibus
1231 912 1245 934 ,
1272 880 1436 924 lascivia
1454 882 1586 924 socor-

195 950 338 1005 diaque
354 948 621 1006 gladiatorum
642 948 767 1002 magis
780 976 794 998 ,
817 945 936 1002 quam
953 945 1102 987 ducum
1128 944 1285 987 ssmiles.
1306 948 1350 987 N
1354 945 1588 1002 onvigilias

194 1028 315 1070 agere
327 1043 341 1065 ,
367 1028 450 1054 non
477 1013 606 1053 intuta
635 1012 832 1052 moenium
860 1011 1016 1050 firmare
1029 1039 1043 1060 ‚
1076 1010 1197 1050 nociu
1226 1010 1369 1064 dieque
1396 1010 1495 1050 fluxi
1508 1040 1521 1061 ,
1544 1013 1587 1051 &

194 1092 356 1118 amoena
370 1076 536 1118 litorum
557 1075 814 1132 personantes
836 1079 848 1105 5
863 1103 877 1125 ‚
902 1075 944 1114 in
964 1073 1224 1113 ministerium
1240 1072 1358 1115 luxus
1374 1072 1391 1096 ⁶
1406 1073 1586 1130 dispersis

116 1158 132 1186 1
143 1157 164 1196 5
196 1139 392 1182 militibus
406 1169 419 1191 ,
444 1140 492 1180 de
508 1138 620 1180 bello
636 1141 792 1180 tantum
807 1140 911 1178 inter
928 1138 1117 1179 convivia
1134 1135 1414 1190 loquebantur.
1429 1138 1586 1178 Paucos

195 1217 289 1246 ante
302 1204 385 1245 dies
400 1202 625 1244 discesserat
641 1203 812 1258 Apinius
826 1201 952 1248 Tiro;
972 1200 1166 1255 donisque
1182 1215 1228 1241 ac
1243 1203 1425 1256 pecuniis
1442 1200 1586 1242 acerbe

196 1282 267 1324 per
287 1267 508 1323 municipia
524 1265 807 1320 conquirendis
820 1294 835 1317 ,
859 1262 947 1322 plus
972 1263 1130 1305 invidia».
1151 1262 1271 1318 quam
1291 1265 1436 1305 virium
1464 1264 1587 1321 parti-

195 1330 268 1373 bus
284 1329 466 1372 addebat.

255 1393 508 1435 LXXVII.
541 1393 758 1433 INTERIM
781 1391 829 1433 ad
848 1391 896 1432 L.
912 1388 1127 1433 Vitellium
1151 1388 1285 1431 servus
1300 1390 1487 1445 Verginii
1504 1390 1585 1433 Ca-

107 1473 166 1502 20
193 1457 342 1514 pitonis
359 1456 562 1514 perfugit,
590 1455 903 1512 pollicitusque,
926 1472 948 1492 «
964 1454 990 1494 si
1018 1453 1236 1510 praefidium
1263 1455 1490 1510 acciperet,
1518 1470 1586 1496 va-

191 1537 214 1559 »
225 1536 341 1562 cuam
358 1535 491 1562 arcem
506 1520 644 1560 furtim
660 1519 898 1561 traditurum
914 1536 936 1556 »
947 1548 960 1569 ,
983 1516 1109 1559 multa
1127 1519 1241 1559 noete
1258 1519 1446 1559 cohortes
1463 1532 1586 1574 expe-

193 1584 295 1626 ditas
308 1614 322 1635 ,
347 1583 509 1626 summis
526 1584 726 1624 montium
740 1581 844 1638 jugis
857 1612 870 1634 ,
897 1582 1013 1638 super
1028 1594 1149 1638 caput
1164 1582 1335 1623 hostium
1359 1580 1470 1622 sistit:
1491 1581 1586 1623 inde

193 1647 310 1689 miles
327 1647 375 1689 ad
401 1647 550 1689 caedem
578 1648 703 1702 magis
718 1676 730 1698 ,
759 1645 877 1701 quarn
904 1646 953 1686 ad
981 1660 1157 1701 pugnam
1185 1645 1383 1687 decurrit:
1407 1645 1586 1686 sternunt

193 1711 366 1753 inermes
379 1740 392 1762 ,
413 1725 480 1752 aut
495 1726 602 1752 arma
616 1712 819 1767 capientes
835 1740 847 1761 ,
868 1713 907 1751 ὅ(
922 1709 1114 1764 quosdam
1129 1709 1270 1750 somno
1287 1709 1442 1750 excitos
1457 1738 1469 1759 ‚
1489 1711 1582 1749 cum

110 1789 164 1831 25
193 1774 394 1825 tenebris,
419 1790 594 1831 pavore,
619 1775 754 1816 sonitu
779 1773 989 1824 tubarum,
1018 1773 1196 1815 clamore
1226 1772 1358 1813 hostili
1374 1771 1585 1813 turbaren-

191 1851 270 1880 tur.
285 1839 408 1880 Pauci
422 1837 689 1894 gladiatorum
703 1837 918 1879 reslstentes
928 1867 940 1888 ,
950 1836 1085 1891 'neque
1102 1835 1221 1877 inulti
1235 1836 1437 1877 cecidere:
1460 1835 1585 1877 ceteri

193 1901 246 1945 ad
261 1917 382 1945 naves
406 1901 599 1953 ruebant,
626 1901 696 1943 ubi
723 1902 864 1943 cunc-:ta
893 1902 977 1958 pari
1002 1900 1217 1943 formidine
1246 1899 1585 1957 implicabantur,

237 2048 246 2064 ¹
272 2043 460 2080 Consul-rs]
484 2041 627 2080 Quinffli
647 2041 758 2072 Attici.
909 2039 1187 2078 Halicarnaffi'H,
1215 2050 1284 2081 pag.
1311 2051 1362 2079 49.
1392 2039 1584 2076 Feroniam,

238 2085 250 2098 ²
274 2085 301 2112 A
322 2092 469 2114 PARTIBUS
491 2082 665 2118 Vir-Etru]
683 2082 768 2111 Tum
785 2080 872 2112 enIm
911 2080 1066 2111 deameffe
1076 2080 1227 2111 libertatis
1237 2081 1584 2116 testaturVarro,aSer-

196 2122 231 2152 in
251 2121 437 2156 Flavianos,
453 2131 521 2152 non
542 2122 575 2152 in
592 2120 781 2153 Vitellianos
797 2121 873 2152 reci·
911 2120 966 2151 vio
983 2121 1122 2151 laudatus
1131 2121 1168 2151 ad
1182 2121 1305 2151 AEneid.
1329 2121 1400 2152 VIII
1415 2143 1424 2156 ,
1439 2123 1507 2159 564.
1520 2118 1584 2148 Alii

138 2194 141 2195 ⁷
197 2162 292 2192 debat
316 2160 447 2191 invidia.
911 2160 1050 2200 quinque
1067 2159 1151 2191 fuere
1175 2160 1208 2190 in
1229 2160 1318 2191 Italia
1341 2159 1486 2190 Feroniae
1501 2158 1585 2194 luci,

238 2206 248 2226 ³
272 2203 360 2231 Arun
381 2200 554 2231 Faaomam
580 2200 595 2237 ]
628 2199 784 2236 Feronia,
813 2210 872 2238 op-
912 2210 991 2239 quos
1006 2199 1114 2230 videre
1133 2199 1173 2230 est
1193 2200 1274 2239 apud
1292 2199 1341 2231 Cl.
1357 2199 1528 2233 Guascunr,
1550 2197 1584 2227 in

197 2239 307 2280 pidum
330 2239 435 2273 Latii,
458 2240 531 2270 luco
557 2239 591 2270 &
613 2240 700 2270 cultu
728 2240 792 2269 deae
809 2239 873 2269 Fe·
912 2238 1084 2277 virgiliana
1102 2238 1242 2270 editione
1254 2240 1285 2270 P.
1299 2238 1584 2278 Ambrogi,Tom·

135 2310 139 2315 ,
199 2279 297 2310 toniae
318 2279 522 2318 percelebre,
550 2278 654 2317 periit.
679 2278 769 2309 Haud
798 2288 873 2316 pro-
912 2280 1034 2317 II.pag.
1052 2289 1100 2316 34.

198 2319 250 2350 cul
285 2319 411 2349 distabat
432 2318 507 2349 loco
530 2341 539 2355 ‚
571 2318 625 2357 qui
651 2328 735 2349 nunc
761 2317 874 2348 dicitur
950 2322 965 2342 4
986 2319 1264 2352 Mamomvmus]
1286 2319 1380 2356 Supra
1400 2327 1465 2355 cap.
1484 2325 1531 2360 57-

198 2357 283 2388 Torre
293 2358 361 2388 delle
372 2357 466 2394 Mole,
490 2368 586 2396 prope
601 2357 812 2388 Terracinam.
828 2358 874 2388 De
955 2363 963 2384 5
987 2359 1232 2395 Pznsomnres]
1254 2357 1404 2388 Cantibus
1426 2358 1459 2387 ὅ(
1483 2355 1514 2385 ld
1530 2363 1584 2394 ge-

200 2397 379 2429 admiranda
389 2397 698 2437 Feroniaereligione
708 2397 781 2427 vide
793 2399 875 2427 Stra-
912 2407 968 2429 nus
987 2397 1113 2428 ludicris
1131 2398 1340 2436 personantes.

200 2436 320 2469 bonem
350 2440 388 2470 V.
418 2447 486 2478 pag.
524 2447 591 2476 ¹57·
624 2438 660 2471 δε
686 2436 874 2476 Dionysium
950 2439 964 2458 ⁶
985 2438 1207 2469 Mmrsrmuun
1222 2441 1343 2471 Luxus]
1363 2437 1400 2466 Et
1417 2434 1507 2475 gulae.
