2230 3047
163 817 218 852 10

134 1145 212 1196 ‚¹5

152 1454 211 1487 '20

153 1770 208 1810 25

386 155 913 200 HISTORIARUM
959 155 1176 198 LIBER
1222 157 1503 200 PRIMUS.
1586 171 1636 208 31

252 234 337 280 duae
354 239 556 281 sententia:
574 238 823 280 distinebant.
838 237 955 278 Titus
972 237 1115 278 Vinius
1140 254 1161 273 «
1182 240 1427 280 manendum
1446 241 1549 280 intra
1569 239 1644 280 do-

252 318 396 343 »mum
413 333 426 353 ‚
450 302 694 359 opponenda
715 302 875 342 servitia
890 330 904 352 ,
930 301 1145 341 firmandos
1172 302 1301 343 aditus
1316 333 1328 353 ,
1359 319 1442 344 non
1467 303 1644 344 eundum

251 382 274 403 >›
284 367 333 407 ad
351 369 472 407 iratos
493 383 514 403 »
543 365 750 407 censebat:
778 382 799 401 «
815 366 926 406 daret
941 363 1140 405 malorum
1155 366 1391 420 paenitentitc
1405 396 1417 416 ‚
1442 367 1552 407 daret
1567 366 1641 408 bo-

250 444 428 470 »norum
465 428 677 471 consensui
713 429 904 484 spatium:
941 426 1091 468 scelera
1127 429 1281 483 impetu
1301 458 1313 478 ,
1344 428 1450 470 bona
1479 429 1643 471 consilia

252 509 274 530 >2
284 492 396 533 mora
415 491 630 533 valescere.
651 492 840 545 Denique
861 491 983 532 eundi
1002 490 1109 531 ultro
1123 521 1136 541 ‚
1164 491 1190 531 fi
1222 492 1324 532 ratio
1360 492 1405 532 s1t
1419 522 1431 542 ‚
1459 494 1641 535 eamdem

249 571 380 597 »mox
392 554 644 596 facultatem:
667 555 858 609 regressus
873 584 886 606 ‚
910 555 935 594 s1
952 556 1136 610 paeniteat
1148 584 1161 605 ,
1187 556 1228 594 in
1244 553 1375 595 alien‘zi
1389 557 1581 610 potestate
1598 575 1619 595 »
1631 588 1641 599 .

313 619 546 661 XXXIII.
585 636 607 655 «
632 620 1006 661 FESTINANDUM
1031 635 1054 655 2>
1084 619 1227 659 ceteris
1253 617 1492 669 videbatur,
1527 637 1548 656 «
1573 636 1642 661 an-

248 696 442 737 »tequam
467 683 664 724 cresceret
690 681 868 722 invalida
887 681 1018 722 adhuc
1042 680 1269 734 conjuratio
1289 697 1526 738 paucorum.
1548 684 1642 724 Tre-

248 746 509 802 »pidaturum
525 747 646 786 etiam
667 745 879 786 Othonem
896 775 908 795 ,
929 746 997 799 qui
1018 745 1154 785 furtim
1177 744 1366 800 digressus
1392 751 1401 767 ¹
1422 774 1434 795 ‚
1462 745 1512 786 ad
1530 746 1641 800 igna-

249 826 271 846 »
282 824 346 850 ros
361 808 507 850 inlatus
521 839 534 860 ,
557 810 813 850 ευηξὶειτίοηε
828 823 936 849 nunc
950 839 963 859 ,
984 813 1022 849 ὃ(
1042 807 1209 863 segnitia
1225 811 1441 849 terentium
1455 822 1613 865 tempus
1627 839 1641 859 ,

246 874 427 913 »imitari
448 874 678 928 Principem
713 872 853 913 discat.
874 873 975 913 Non
999 872 1308 928 exspetiandum
1324 902 1337 922 ‚
1359 885 1429 923 ut,
1465 887 1639 929 compo-

245 936 357 977 »sitis
383 937 512 977 castris
529 966 542 987 ,
566 936 699 976 forum
723 935 911 986 invadat,
939 939 980 976 &
1004 935 1280 992 prospe&ante
1300 934 1453 985 Galba,
1469 935 1641 992 Capito-

244 998 377 1039 »lium
400 1000 536 1040 adeat:
565 999 660 1040 dum
679 1000 863 1054 egregius
883 999 1109 1054 Imperator
1124 1029 1137 1049 ‚
1166 1014 1258 1040 cum
1279 998 1448 1039 fortibus
1469 1001 1608 1040 amicis
1624 1029 1638 1050 ‚

244 1076 267 1099 2>
276 1060 395 1114 janua
411 1078 457 1103 ac
478 1061 618 1103 limine
642 1076 758 1103 tenus
780 1062 947 1102 domum
967 1061 1096 1103 cludit
1114 1067 1129 1082 ²
1146 1091 1158 1112 ,
1187 1061 1435 1103 obfidionem
1449 1064 1639 1102 nimirum

243 1142 266 1162 2)
277 1125 529 1167 toleraturus.
552 1125 604 1165 Et
630 1124 862 1181 praeclarum
887 1126 928 1165 in
966 1126 1087 1166 servis
1118 1124 1340 1175 auxilium,
1367 1126 1393 1164 si
1420 1126 1638 1166 consensus

242 1202 393 1230 »tantae
416 1187 710 1239 multitudinis,
737 1193 779 1229 ὅ(
801 1204 884 1242 quae
908 1188 1123 1244 plurimum
1144 1187 1277 1239 valet,
1304 1190 1431 1244 prima
1453 1189 1640 1244 indigna-

243 1254 335 1294 »tio
350 1251 597 1308 languescat.
614 1252 786 1293 Proinde
804 1253 934 1292 intuta
950 1282 961 1302 ‚
985 1267 1067 1306 quae
1089 1251 1302 1292 indecora:
1330 1251 1421 1301 vel,
1448 1253 1472 1290 fi
1495 1253 1638 1293 cadere

242 1316 431 1357 »necesse
452 1316 497 1357 stt
512 1345 524 1367 ,
559 1316 835 1357 occurendum
858 1315 1091 1357 discrimini.
1115 1315 1160 1356 Id
1194 1316 1355 1355 Othoni
1377 1316 1608 1355 invidiofius
1626 1345 1638 1365 ,

242 1383 317 1420 »&
337 1379 426 1436 ipsis
448 1381 659 1421 honestum
680 1397 723 1420 ».
747 1380 1063 1435 Repugnantem
1089 1380 1185 1419 huic
1208 1379 1411 1418 sententiae
1440 1380 1605 1420 Vinium
1622 1406 1635 1428 ,

241 1442 354 1484 Laco
377 1444 589 1483 minaciter
615 1443 755 1483 invasst
768 1473 781 1493 ,
809 1442 1035 1483 stimulante
1056 1440 1170 1483 Icelo
1187 1471 1200 1492 ,
1231 1443 1375 1497 privati
1402 1441 1486 1482 odii
1510 1447 1519 1469 ³
1547 1456 1637 1497 per-

238 1503 387 1548 tinacia
402 1536 416 1557 ,
444 1507 486 1546 in
510 1505 717 1563 publicum
742 1507 923 1547 exitium.

303 1569 531 1612 XXXIV.
566 1572 673 1611 NEC
700 1570 847 1611 diutius
868 1568 1000 1611 Galba
1025 1569 1259 1619 cunstatus,
1288 1566 1525 1624 speciosiora
1550 1568 1635 1609 sua-

240 1629 427 1675 dentibus
450 1633 621 1675 acceffit.
644 1631 861 1674 Praemissus
885 1646 1020 1674 tamen
1046 1633 1087 1672 in
1113 1633 1233 1672 castra
1258 1631 1350 1672 Piso
1366 1661 1379 1681 ‚
1406 1645 1449 1671 ut
1474 1629 1634 1683 juvenis

239 1711 390 1752 magno
416 1699 580 1738 nomine
595 1727 607 1747 ‚
628 1698 783 1738 recenti
796 1696 957 1746 favore,
980 1695 1210 1736 &infensus
1227 1695 1276 1735 T.
1293 1696 1438 1741 Vini03
1460 1694 1526 1734 seu
1544 1696 1636 1748 quia

242 1774 353 1812 erat,
378 1760 445 1801 seu
473 1762 564 1815 quia
583 1762 672 1800 irati
698 1762 753 1800 ita
774 1758 987 1800 volebant:
1018 1763 1058 1798 &
1075 1757 1232 1798 facilius
1256 1758 1304 1798 de
1327 1757 1424 1798 odio
1445 1758 1633 1798 creditur.

240 1824 323 1866 Vix
341 1823 437 1865 dum
456 1823 609 1879 egresso
625 1823 769 1864 Pisone
785 1852 797 1872 ,
827 1840 849 1859 «
871 1822 1051 1864 occisum
1068 1822 1108 1861 in
1130 1822 1260 1862 castris
1281 1821 1493 1861 Othonem
1510 1838 1554 1871 »,
1570 1836 1634 1861 va-

238 1901 313 1943 gus
329 1888 502 1943 primum
519 1890 559 1928 &
577 1888 753 1928 incertus
767 1901 904 1927 rumor
917 1916 928 1936 ,
946 1900 1042 1925 mox
1058 1915 1069 1933 ‚
1087 1898 1131 1924 ut
1147 1886 1187 1924 in
1208 1886 1362 1939 magnis
1386 1884 1604 1924 mendaciis
1620 1914 1633 1933 ‚

247 1967 271 1987 «
289 1950 507 1991 interfuiss'e
529 1950 568 1991 se
589 1967 610 1987 »
632 1951 793 2004 quidam
807 1980 819 2001 ,
846 1966 868 1986 «
889 1954 930 1990 ὅς
947 1948 1085 1990 vidiffe
1107 1966 1128 1984 »
1156 1946 1417 1988 adfirmabant
1431 1978 1444 1998 ,
1471 1946 1634 1987 credula

239 2012 365 2064 fama,
386 2015 490 2054 inter
503 2013 744 2069 gaudentes,
763 2018 803 2054 ὅ(
820 2012 1058 2054 incuriosos.
1073 2010 1199 2052 Multi
1217 2010 1508 2051 arbitrabantur
1524 2026 1633 2051 com-

242 2077 414 2133 positum
438 2078 675 2131 auctumque
699 2092 926 2127 rumorem,
949 2076 1084 2116 mixtIs
1105 2073 1185 2127 jam
1202 2075 1475 2124 Othonianis,
1499 2075 1566 2127 qui
1583 2073 1631 2114 ad

242 2140 496 2182 evocandum
519 2140 690 2181 Galbam
706 2171 718 2190 ,
744 2140 831 2181 laeta
853 2139 954 2181 falso
978 2138 1246 2193 vulgaverint.

304 2203 504 2245 XXXV.
538 2205 654 2244 TUM
673 2206 769 2244 vero
786 2219 867 2244 non
884 2201 1057 2259 populus
1071 2204 1246 2252 tantum,
1266 2201 1503 2256 &imperita
1518 2197 1630 2254 plebs

284 2307 293 2322 ¹
318 2302 450 2331 Funrm
480 2302 676 2338 mentssus]
705 2301 792 2332 Otho
815 2311 832 2331 e
856 2311 911 2339 pa—
954 2310 1009 2340 pro
1028 2299 1149 2335 claudioe
1173 2309 1206 2330 nt
1229 2300 1316 2337 (upra
1341 2297 1556 2341 Annal.XVI,
1578 2297 1629 2339 23.

241 2341 319 2372 latio
336 2340 442 2371 furtim
456 2350 519 2372 erat
536 2341 682 2385 digressus
695 2365 703 2377 ,
719 2342 752 2371 δε
772 2341 810 2371 ad
825 2340 914 2380 igna-
955 2348 1023 2370 not.
1052 2351 1081 2372 4.
1108 2339 1245 2368 vidimus
1268 2339 1301 2368 in
1325 2347 1459 2368 nummls
1489 2338 1627 2366 Neronis

240 2392 295 2441 103·
313 2381 914 2461 ggLffssanccisugnchnstgztirclllgguzfflum
955 2379 1297 2456 Iilffgnssllviiivgiiili']
1320 2419 1357 2447 In
1373 2415 1515 2449 Vinium.

1667 256 1781 276 Ξ

1667 294 1696 318 Α.
1709 296 1739 318 U.
1750 295 1781 319 C.

1687 340 1761 369 822.

1687 396 1709 419 J.
1723 396 1751 419 C.

1696 442 1747 476 69.
