2230 3047
551 326 581 350 A.
594 328 622 349 U.
633 327 663 350 C.

571 371 643 399 822.

571 423 594 447 J.
606 423 636 447 C.

581 469 632 503 69.

703 204 784 240 174
945 187 993 228 C.
1059 187 1480 231 CORNELII
1542 190 1835 234 TACITI

689 269 901 323 obruitque
914 297 927 318 ‚
954 283 1054 322 quos
1068 270 1263 312 inciderat
1279 285 1289 318 ;
1310 272 1364 311 ita
1383 271 1522 326 pinnas
1536 285 1582 311 ac
1597 269 1748 311 summa
1764 270 1860 312 valli
1874 272 1986 315 ruina
1998 273 2064 319 sua

687 334 807 374 traxit
822 350 828 372 :
851 331 965 372 fimul
976 330 1107 385 junfita
1122 336 1257 384 turris,
1275 334 1412 374 ictibus
1426 333 1611 373 saxorum
1626 334 1747 374 ceffit:
1766 333 1842 389 qua
1854 336 2063 392 septimani

685 397 781 438 dum
804 397 985 436 nituntur
1000 398 1136 438 cuneis
1159 403 1169 419 ¹
1186 427 1198 447 ,
1229 399 1418 437 tertianus
1441 396 1642 438 securibus
1664 396 1884 453 gladiisque
1906 414 2063 455 portam

683 460 887 516 perfregit.
902 460 1076 500 Primum
1092 460 1276 515 inrupisse
1296 460 1344 500 C.
1359 459 1569 502 Volusium
1584 490 1597 511 ,
1624 462 1747 501 tertiae
1766 460 1936 516 legionis
1952 462 2061 503 mili-

681 537 789 573 tem,
813 524 917 564 inter
933 538 1071 564 omnes
1091 524 1266 564 auctores
1287 524 1458 564 constat:
1484 526 1516 564 is
1532 526 1573 564 in
1594 523 1747 564 vallum
1761 526 1931 580 egressus
1945 555 1959 576 ,
1989 526 2061 567 de·
2114 537 2142 577 5

678 586 844 628 turbatis
860 588 926 641 qui
939 587 1160 627 restiterant
1172 616 1185 636 ,
1210 586 1449 642 conspicuus
1462 602 1582 628 manu
1596 603 1642 628 ac
1658 602 1762 628 voce
1773 617 1784 637 ‚
1808 606 1830 626 <c
1847 602 1963 644 capta
1979 589 2059 630 cas-

676 664 768 691 »tra
788 667 811 688 »
840 648 1123 691 conclamavit.
1139 649 1274 690 Ceteri
1288 679 1302 700 ,
1327 651 1491 706 trepidis
1511 650 1591 703 jam
1611 649 1840 693 Vitellianis
1854 682 1866 702 ,
1894 652 2012 706 seque
2033 666 2057 694 e

675 712 786 755 vallo
801 712 1135 770 praecipitantibus
1148 742 1162 762 ,
1181 727 1412 769 perrupere:
1434 713 1660 770 completur
1676 714 1782 755 caede
1800 719 1814 736 ²
1827 746 1842 768 ‚
1862 728 2055 769 quantum

673 777 776 818 inter
793 778 914 818 castra
932 776 1144 829 murosque
1159 777 1276 816 vacui
1295 776 1383 817 fuit.

735 840 886 880 XXX.
921 840 995 878 AT
1010 838 1138 878 rursus
1154 853 1259 879 nova
1272 837 1454 879 laborum
1465 839 1610 887 facies;
1626 840 1746 881 ardua
1757 838 1864 880 urbis
1880 841 2051 890 moenia,
2088 853 2102 879 1
2113 853 2138 882 ο

670 902 792 944 saxeae
808 915 933 942 turres
947 930 960 951 ,
981 901 1115 942 ferrati
1131 915 1334 956 portarum
1349 902 1485 943 obices
1499 932 1511 952 ,
1537 903 1694 944 vibrans
1709 902 1791 944 tela
1808 901 1922 944 miles
1935 932 1948 953 ,
1974 903 2053 944 fre-

669 981 792 1020 quens
809 965 1088 1018 obstrisstusque
1105 963 1331 1005 Vitellianis
1353 965 1528 1021 partibus
1549 965 1826 1006 Cremonensis
1846 964 2018 1021 populus
2033 994 2051 1016 ,

667 1043 811 1083 magna
831 1034 918 1084 pars
935 1026 1057 1067 Italiae
1071 1057 1084 1077 ,
1114 1027 1210 1068 stato
1231 1028 1274 1067 in
1292 1028 1453 1069 eosdem
1470 1028 1554 1069 dies
1580 1042 1759 1069 mercatu
1781 1042 2049 1083 congregata:

667 1091 774 1145 quod
797 1089 1069 1131 defensoribus
1085 1089 1279 1130 auxilium
1294 1089 1347 1131 ob
1369 1089 1669 1131 multitudinem
1681 1119 1695 1141 ,
1719 1090 2046 1146 oppugnantibus

665 1155 970 1195 incitamentum
999 1152 1050 1194 ob
1074 1153 1242 1209 praedam
1261 1167 1355 1194 erat.
1373 1171 1394 1191 <c
1409 1155 1515 1209 Rapi
1531 1155 1642 1208 ignes
1660 1171 1681 1191 >2
1698 1154 1901 1194 Antonius
1912 1183 1924 1204 ,
1948 1171 1971 1190 «
1986 1155 2047 1194 in·
2083 1165 2130 1204 15

662 1217 866 1271 »ferrique
882 1216 1149 1257 amoenissimis
1167 1230 1276 1258 extra
1292 1216 1430 1257 urbem
1453 1217 1626 1258 aedificiis
1648 1234 1669 1253 »
1689 1215 1826 1268 jubet3
1852 1217 1879 1256 fi
1898 1218 2046 1259 damno

662 1294 794 1320 rerum
822 1279 978 1320 suarum
999 1279 1290 1320 Cremonenses
1306 1280 1355 1321 ad
1383 1280 1614 1321 mutandam
1637 1279 1755 1320 fidem
1771 1282 2045 1322 traherentur:

662 1344 884 1399 propinqua
898 1344 1019 1384 muris
1038 1344 1139 1384 testa
1152 1372 1165 1393 ‚
1185 1347 1224 1383 &
1240 1342 1494 1384 altitudinem
1508 1344 1701 1383 moenium
1719 1344 1866 1397 egressa
1877 1373 1891 1394 ,
1910 1343 2045 1384 fortis-

660 1406 758 1446 fimo
775 1421 933 1460 quoque
950 1405 1123 1446 militum
1139 1405 1339 1462 complet:
1364 1405 1425 1446 illi
1438 1405 1612 1447 trabibus
1624 1435 1638 1458 ,
1656 1405 1904 1461 tegulisque,
1928 1411 1969 1447 ὅ(
1983 1407 2043 1447 sa·-

662 1468 775 1509 cibus
797 1483 1113 1525 propugnatores
1135 1468 1359 1510 deturbant.
2071 1487 2131 1515 20

725 1532 904 1573 XXXI.
937 1533 1041 1578 JAM
1075 1531 1257 1587 legiones
1287 1533 1328 1573 in
1353 1533 1588 1573 testudinem
1617 1531 1969 1588 glomerabantur,
1998 1536 2041 1573 ὃς

661 1593 729 1636 alii
749 1595 837 1636 saxa
862 1594 1023 1649 telaque
1049 1594 1317 1646 incutiebant,
1335 1598 1426 1636 cum
1449 1595 1707 1651 languescere
1731 1594 1941 1652 paullatim
1962 1595 2042 1637 Vi-

660 1658 918 1699 tellianorum
941 1659 1076 1699 animi.
1098 1660 1152 1699 Ut
1175 1658 1339 1712 quisque
1356 1659 1496 1699 ordine
1519 1658 1720 1709 anteibat,
1746 1658 1888 1701 cedere
1908 1658 2039 1699 fortu-

660 1736 740 1761 nae:
764 1736 813 1762 ne
827 1752 840 1772 ,
868 1719 1070 1762 Cremona
1094 1736 1253 1776 quoque
1274 1719 1409 1763 excisa
1422 1751 1435 1771 ‚
1462 1720 1573 1762 nulla
1595 1720 1700 1763 ultra
1720 1723 1865 1771 venia,
1888 1721 2037 1763 omnis-

661 1799 735 1838 que
758 1786 814 1825 ira
834 1786 993 1825 vi&oris
1006 1814 1019 1834 ,
1047 1799 1128 1825 non
1155 1786 1197 1824 in
1216 1784 1361 1839 vulgus
1382 1787 1498 1841 inops
1511 1815 1524 1835 ‚
1538 1784 1607 1826 sed
1626 1786 1669 1824 in
1693 1785 1875 1826 tribunos
1891 1798 2034 1825 centu-
2067 1804 2090 1829 2
2098 1801 2122 1841 5

658 1848 868 1901 rionesque
887 1877 901 1898 ,
929 1846 998 1887 ubi
1026 1849 1198 1903 pretium
1219 1848 1334 1889 caedis
1367 1862 1477 1897 erat,
1504 1861 1779 1890 reverteretur.
1815 1848 2033 1903 Gregarius

657 1909 773 1951 miles
789 1940 801 1961 ‚
825 1911 949 1951 futuri
972 1910 1108 1951 socors
1123 1940 1137 1961 ,
1165 1914 1207 1951 ὅ(
1233 1909 1487 1966 ignobilitate
1511 1913 1662 1961 tutior,
1694 1909 1914 1968 perstabat:
1938 1911 2033 1965 vagi

657 1988 727 2029 per
753 1975 857 2023 vias,
873 1975 914 2013 in
935 1973 1120 2014 domibus
1143 1973 1292 2024 abditi,
1318 1989 1460 2030 pacem
1480 1990 1531 2016 ne
1555 1989 1641 2015 tum
1663 1974 1824 2028 quidem
1840 1973 2006 2014 orabant
2018 1984 2036 2023 ,'

657 2039 748 2077 cum
765 2036 916 2078 bellum
929 2037 1158 2092 posuissent.
1171 2038 1368 2079 Primores
1385 2039 1598 2079 castrorum
1612 2067 1624 2088 ‚
1640 2052 1789 2079 nomen
1804 2051 1921 2091 atque
1936 2038 2030 2076 ima-

656 2101 768 2154 gines
787 2098 945 2142 Vitellii
966 2104 976 2128 ³
1001 2100 1266 2141 amoliuntur:
1287 2115 1445 2143 catenas
1465 2100 1630 2143 Caecinae
1651 2104 1663 2152 (
1682 2115 1774 2142 nam
1797 2101 1918 2141 etiam
1942 2113 2030 2140 tum
2060 2117 2118 2156 30

695 2213 703 2228 ¹
729 2209 898 2239 Nrrtmwa
913 2213 1039 2242 cum-rs]
1053 2209 1158 2240 Fracta
1169 2208 1262 2243 turri,
1275 2209 1320 2239 ni·
1381 2208 1506 2248 uaginta
1522 2208 1687 2239 hominum
1708 2208 1806 2238 millia
1819 2231 1829 2244 ,
1850 2208 1922 2238 πέντε
1936 2208 2033 2247 μυριά-

654 2249 798 2278 tebantur
816 2248 975 2286 septimani
989 2272 997 2283 ‚
1017 2248 1100 2279 faCtis
1113 2248 1234 2284 cuneis,
1249 2249 1318 2278 val-
1378 2263 1426 2285 ας,
1447 2248 1541 2278 tradit
1561 2248 1622 2278 Dio
1635 2270 1643 2282 ‚
1660 2249 1756 2279 LXV.
1773 2257 1841 2286 pag.
1859 2258 1930 2287 740.
1945 2249 2031 2278 Con-

653 2288 717 2317 lum
745 2288 900 2326 superare,
926 2288 1077 2326 castraque
1105 2288 1234 2326 ingredi.
1260 2289 1319 2318 Cu·
1357 2289 1404 2317 tra
1420 2287 1586 2326 Josephus,
1604 2288 1681 2317 Bell.
1698 2287 1767 2317 Jud.
1785 2289 1845 2322 lv,
1862 2298 1892 2317 11
1910 2310 1918 2322 ,
1935 2286 1977 2316 ait
1989 2296 2029 2316 ex

652 2337 746 2356 neum
761 2350 770 2362 ,
793 2338 855 2366 quo
875 2326 988 2356 milites
1006 2327 1127 2365 angusta
1145 2326 1250 2356 fronte
1278 2326 1318 2356 ir·
1357 2327 1532 2358 Vitellianis
1558 2326 1704 2357 interiisse
1734 2326 1874 2356 virorum
1900 2325 2030 2364 triginta

651 2367 798 2401 ruebant,
824 2365 967 2396 describit
988 2366 1152 2405 vegetius,
1173 2366 1234 2399 111,
1249 2376 1295 2401 19.
1357 2366 1455 2396 millia
1471 2368 1506 2396 ἃ
1521 2367 1690 2401 ducentos,
1709 2375 1748 2395 ex
1769 2364 1928 2395 Flavianis
1954 2374 2031 2403 qua-

690 2409 700 2422 ²
724 2407 923 2436 Comum-tm
947 2416 1033 2435 clena
1053 2406 1164 2442 ]Tum
1189 2405 1220 2433 in
1239 2415 1316 2442 proe-
1355 2414 1427 2435 tuor
1447 2405 1547 2435 millia
1571 2406 1605 2435 ὃ(
1624 2404 1826 2443 quingentos.

650 2444 694 2475 lio
704 2467 714 2482 ‚
732 2453 798 2477 tum
812 2445 845 2476 in
857 2444 939 2476 urbis
950 2444 1074 2476 excidio
1090 2443 1208 2485 periiffe
1222 2443 1314 2483 quin·
1396 2450 1405 2470 3
1429 2445 1579 2475 Inscius
1594 2446 1738 2475 Vri-suu
1749 2445 1764 2482 ]
1777 2443 1879 2483 Signis
1898 2441 2030 2482 inscrip-
