2209 3047
307 156 390 198 AD
423 157 648 199 LIBRUM
682 157 956 213 QUINTUM
989 158 1412 200 HISTORIARUM.
1468 174 1552 210 329

175 237 376 280 subierant
392 270 404 290 ,
428 242 583 281 inruere
599 270 611 290 ‚
628 254 671 281 ut
696 255 764 281 eos
789 254 899 281 extra
925 253 1079 278 murum
1104 238 1312 294 pellerent.
1336 242 1466 280 Atrox
1489 241 1554 280 hic

177 303 328 349 caedes;
349 304 561 357 triduoque
589 309 597 325 ¹
626 306 667 344 in
688 305 788 343 muri
811 300 947 352 ruina,
970 316 1087 356 quam
1114 303 1237 344 Judaei
1260 303 1448 359 oppositis
1472 318 1558 344 cor-

177 365 341 420 poribus
356 365 557 406 vallabant
573 396 585 416 ‚
608 381 841 422 pugnatum.
856 365 1038 406 Tandem
1060 377 1199 418 quarto
1222 367 1285 406 die
1302 371 1336 416 ²,
1354 368 1464 407 viciis
1486 368 1555 411 Ju-

178 428 293 478 daeis,
318 429 502 483 intusque
525 429 778 479 cedentibus,
803 430 849 470 ad
875 430 1012 469 turrim
1035 428 1253 467 Antoniam
1273 434 1281 456 ⁵
1301 442 1465 469 ventum
1490 430 1555 469 est.

242 491 394 532 XXX.
429 491 542 531 CUM
566 507 611 532 ea
638 493 742 533 foret
772 491 860 532 solo
894 492 1060 532 editiore
1087 490 1281 530 inaccess'a
1301 520 1313 540 ‚
1352 493 1479 531 structi
1507 492 1557 533 ad

180 555 496 610 oppugnandum
524 569 686 610 aggeres
707 560 737 595 4.
762 555 955 605 Interim,
982 567 1024 594 ut
1045 553 1273 597 Judaeorum
1295 554 1458 594 audacia
1483 568 1556 595 ter-
1612 576 1614 578 ·

179 631 269 657 rore
293 619 540 668 flesteretur,
566 632 635 673 per
658 631 828 671 quatuor
860 618 941 658 dies
964 618 1156 658 ostentata
1179 620 1191 647 5
1216 617 1321 656 acies
1344 616 1529 658 Romana
1548 635 1556 657 ε

179 679 343 735 publice
370 681 460 721 data
483 695 665 721 annona:
694 682 901 736 ingentem
927 682 1009 721 auri
1032 680 1265 735 argentique
1286 680 1395 729 vim,
1421 681 1559 720 minas-

182 757 258 795 que
272 742 465 793 militum,
480 744 596 783 armis
622 743 890 798 &insignibus
905 742 1170 798 fulgentium,
1190 757 1212 782 e
1232 742 1393 781 summis
1413 745 1560 781 moeni-

105 817 154 843 ιο
182 803 254 845 bus
294 818 483 862 parteque
517 806 845 861 Septemtrionali
882 805 1024 861 templi
1066 804 1369 861 prospe&abant
1410 803 1561 845 obsessi.

181 868 372 909 Praeterea
392 869 522 910 missus
544 869 741 926 Josephus
765 868 781 890 ⁶
795 900 808 920 ‚
832 868 946 909 nobis
965 867 1043 920 jam
1068 868 1182 924 supra
1203 880 1443 909 memoratus
1458 897 1470 918 ,
1495 868 1563 921 qui

183 946 252 973 eos
277 933 426 983 veniae,
450 931 643 973 libertatis
659 963 671 983 ‚
700 933 949 973 fortunarum
975 932 1041 987 spe
1069 932 1117 971 ad
1145 931 1393 971 deditionem
1417 932 1564 972 excita-

184 1009 257 1035 ret.
284 997 376 1036 Nec
409 994 610 1035 hostilium
639 997 783 1036 virium
815 996 1017 1051 aspefiius‚
1049 1009 1123 1035 nec
1148 995 1360 1050 promissa,
1393 1009 1443 1034 ne
1467 996 1564 1035 hor-

184 1058 306 1099 renda
342 1059 503 1112 quidem
533 1059 655 1099 fames
687 1063 701 1086 ⁷
720 1090 732 1109 ‚
760 1074 842 1113 qua:
866 1057 944 1110 jam
977 1056 1189 1107 saeviebat,
1222 1058 1377 1098 feroces
1410 1059 1566 1097 animos

109 1129 155 1169 ις
187 1120 382 1161 molliere.
408 1122 537 1162 Immo
563 1122 631 1178 ipsi
655 1123 890 1176 transfugae,
914 1122 999 1161 Titi
1024 1119 1239 1161 clementia
1261 1122 1301 1159 in
1333 1121 1454 1161 castra
1478 1121 1567 1160 Ro-

186 1199 303 1225 mana
326 1186 503 1240 recepti,
533 1184 696 1226 occulta
727 1185 1020 1226 meditabantur
1044 1184 1209 1224 crimina
1241 1180 1279 1229 ὃς
1313 1187 1351 1223 ὅ(
1386 1183 1412 1222 fi
1448 1197 1568 1236 quem

186 1246 290 1288 forte
318 1248 597 1289 Romanorum
626 1247 754 1289 solum
775 1260 1029 1304 repererant,
1064 1244 1300 1301 jugulabant
1318 1275 1332 1296 ,
1366 1258 1432 1286 aur
1461 1245 1568 1287 clam

233 1352 241 1366 ¹
265 1347 460 1383 Tamquur:
482 1351 493 1381 ]
519 1346 666 1385 Josephus
686 1370 695 1383 ,
720 1346 782 1377 loc.
805 1345 857 1376 cit.

191 1386 276 1416 nlim.
294 1397 321 1415 2.
344 1387 428 1422 Ὑμνί
443 1387 486 1424 μὶν
502 1387 607 1426 ἀντ-ἔχον
627 1386 737 1424 ἦμέἕφις.

232 1429 242 1441 ²
266 1427 404 1462 Quanto
428 1436 481 1455 DIE
498 1430 508 1459 ]
528 1427 617 1455 Titus
631 1449 639 1462 ,
656 1432 765 1464 quarto
786 1423 836 1454 die
849 1447 857 1459 ,

190 1468 223 1505 τῇ
239 1466 339 1504 τετάρἹῃ
350 1488 358 1501 ‚
372 1465 492 1495 Judaeos
508 1463 631 1495 fortiter
651 1465 777 1494 adortus
789 1487 797 1499 ,
815 1463 858 1492 al-

192 1512 260 1533 tero
280 1514 368 1533 muro
391 1504 508 1543 potitus
535 1505 583 1534 est.
604 1504 699 1541 Quod
719 1503 757 1533 ad
782 1505 856 1540 Sep-

192 1542 394 1573 temtrioncm
429 1543 579 1581 spectabat
615 1543 712 1572 statim
745 1541 858 1571 diruit:

192 1581 285 1621 partis
299 1583 374 1612 vero
392 1581 606 1613 Meridionalis
630 1581 763 1611 turribus
788 1591 860 1619 prae-

191 1620 301 1651 fidium
321 1621 478 1659 imposuit.
496 1620 618 1659 joseph.
634 1621 711 1650 ibid.
726 1622 860 1657 Quartus

194 1660 248 1691 ille
261 1661 326 1691 dies
338 1660 397 1691 fuit
419 1671 452 1700 ¹5
472 1660 580 1690 menfis
597 1659 683 1690 Maii.

235 1705 244 1726 3
269 1701 401 1729 Trinium
428 1702 599 1730 ΑΝτοΝιΛΜ
619 1701 633 1736 ]
653 1699 699 1729 De
723 1698 783 1737 quai
798 1697 862 1727 dic-

192 1747 259 1770 tum
277 1739 362 1778 supra
379 1739 450 1769 Hist.
467 1742 512 1775 V,
534 1750 580 1769 ii.

231 1784 246 1802 ⁴
267 1780 314 1808 An
339 1789 571 1808 orpucmuoum
595 1781 757 1811 Accaus]
774 1779 862 1814 Qua-

194 1825 267 1848 tuor
282 1817 435 1848 maximos
465 1828 587 1857 aggeres
607 1824 759 1847 memorat
778 1816 863 1846 Jose-

196 1856 291 1895 plius,
309 1857 386 1887 ssell.
413 1857 478 1887 Jud.
504 1859 547 1893 V,
571 1867 615 1886 11.
637 1867 723 1886 num.
745 1867 774 1893 4.
797 1856 863 1885 Ho—

195 1906 263 1926 rum
281 1906 376 1925 unum
396 1897 433 1926 ad
449 1896 556 1926 turrim
576 1898 745 1926 Antoniam
757 1918 765 1931 ‚
783 1905 862 1925 con-

196 1942 243 1965 tra
263 1935 395 1965 mediam
409 1935 568 1974 piscinam,
582 1946 647 1974 quae
661 1934 795 1965 struthia
809 1944 862 1964 vo-

197 1975 341 2010 cabatur,
365 1975 508 2005 struxerat
527 1974 635 2014 quinta
651 1974 733 2011 legio
745 1985 753 2012 3
767 1974 862 2003 aliurn

198 2013 281 2057 legio
304 2014 508 2050 duodecima,
526 2014 599 2044 inde
619 2013 741 2044 circiter
762 2013 863 2054 vigin-

199 2059 222 2082 ti
243 2053 365 2084 cubitos
385 2053 563 2085 distantem:
581 2053 705 2084 tertium
718 2052 800 2091 legio
812 2053 863 2082 de-

199 2090 280 2121 cima
291 2115 300 2127 ‚
322 2093 360 2122 ad
375 2093 567 2124 orientalem
583 2101 699 2131 partem
713 2092 813 2127 urbis,
830 2093 863 2121 ὃς

199 2130 368 2169 piscinam,
391 2142 456 2170 quoe
472 2133 668 2172 Amygdalon
689 2131 864 2169 appellaba-

199 2178 270 2207 tur;
290 2179 433 2214 quartum
458 2171 539 2210 legio
558 2171 789 2210 quintadecima
803 2193 811 2205 ‚
826 2171 864 2200 ad

197 2210 326 2238 Joannis
351 2209 508 2241 Pontificis
530 2218 789 2245 monumentum,
809 2209 864 2239 tri-

197 2248 283 2286 ginta
294 2248 366 2279 inde
381 2249 505 2280 cubitos
519 2249 638 2280 distans.
652 2249 774 2288 Joscph.
786 2249 864 2278 Bell.

195 2287 266 2317 Jud.
281 2290 327 2322 V,
348 2299 377 2324 9.
405 2298 490 2318 num.
512 2300 540 2318 2.
555 2290 588 2319 ὃ(
604 2292 629 2319 V
643 2300 715 2323 ,11.
733 2298 816 2318 num.
833 2299 863 2325 4.

196 2326 249 2356 Ait
261 2326 378 2357 ibidem
395 2327 540 2366 Joscplius
558 2328 628 2359 illos
644 2336 761 2366 coeptos
780 2327 864 2358 suifl‘e

199 2364 388 2396 duodecimo
412 2366 461 2397 die
487 2367 596 2397 meniis
618 2366 788 2402 Anemiiii,
811 2366 864 2396 vix

197 2410 300 2434 autem
314 2404 463 2444 perfeekos
477 2405 563 2437 fuiffe
575 2406 625 2439 die
634 2405 783 2446 vigesimo
802 2416 864 2438 no—

323 2449 429 2491 Tom.
461 2450 539 2492 III.

897 1356 939 1376 no
953 1368 962 1380 ‚
982 1344 1091 1375 diebus
1104 1343 1325 1383 septemdecim
1343 1342 1430 1381 operi
1451 1342 1570 1373 finein-

897 1384 1086 1416 termiffione
1124 1383 1278 1422 impenfis.
1324 1384 1362 1412 Er
1386 1393 1404 1412 o
1444 1392 1569 1420 aggeres

898 1424 991 1463 coepti
1008 1424 1075 1454 sunt
1093 1423 1142 1453 die
1162 1422 1227 1461 ip'so
1239 1445 1247 1457 ‚
1269 1433 1333 1462 quo
1372 1422 1506 1451 ecundus
1524 1431 1570 1450 ur-

897 1464 944 1494 bis
968 1473 1072 1493 murus
1088 1463 1206 1492 dirutus
1224 1462 1275 1492 est.
1302 1461 1375 1491 Dies
1394 1468 1498 1490 autem
1517 1460 1569 1490 vi-

897 1501 1025 1542 gefimus
1047 1512 1148 1532 nonus
1175 1500 1234 1532 fuit
1258 1503 1296 1531 28
1316 1499 1402 1530 Maii.

939 1547 946 1568 5
973 1542 1033 1571 PER
1066 1551 1215 1576 QUATuoR
1248 1551 1316 1570 miss
1334 1540 1529 1569 ὀετΕΝΤΑτΑ
1553 1539 1568 1576 ]

898 1582 933 1610 In
951 1580 1244 1618 Hierosolymorum
1265 1578 1445 1609 suburbanis
1458 1598 1467 1610 ,
1496 1579 1571 1616 Sep-

899 1619 1102 1650 temtrionem
1128 1621 1248 1654 versus,
1262 1619 1414 1650 ostentata
1434 1617 1474 1646 est
1489 1616 1570 1646 acies

900 1660 1051 1689 Romana.
1066 1657 1188 1696 Joseph.
1204 1658 1282 1687 Bell.
1294 1657 1364 1687 Jud.
1382 1657 1424 1692 V,
1437 1667 1466 1692 9.
1483 1665 1571 1686 num.

905 1709 928 1728 1.
949 1700 1091 1735 Quatuor
1107 1697 1153 1726 illi
1173 1696 1238 1727 dies
1255 1696 1341 1726 fuere
1361 1699 1396 1725 16
1410 1717 1419 1731 ,
1445 1705 1498 1733 17,
1516 1697 1569 1730 18,

906 1748 939 1774 19
962 1738 1047 1766 Mau.

939 1777 952 1795 ⁶
974 1777 1088 1806 Missus
1111 1777 1262 1806 Joseruus
1285 1779 1296 1809 ]
1330 1773 1453 1812 joseph.
1490 1771 1570 1802 Bell.

901 1816 968 1846 Jud.
986 1818 1030 1851 V,
1053 1826 1082 1851 9.
1106 1824 1192 1844 num.
1210 1825 1235 1852 3.
1249 1816 1315 1844 Jam
1332 1820 1520 1843 memoratus
1532 1812 1572 1841 est

902 1856 987 1894 supra
1004 1855 1037 1884 in
1055 1854 1270 1893 supplemento
1288 1853 1401 1883 Annal.
1416 1853 1508 1887 XVI,
1524 1853 1573 1890 58.

941 1901 953 1921 7
975 1895 1109 1931 ΡΛΜΕε]
1138 1894 1185 1923 De
1211 1893 1271 1932 qua
1298 1893 1396 1923 multa
1422 1890 1572 1929 Josephus

900 1934 976 1964 Bell.
994 1934 1062 1964 Jud.
1084 1937 1128 1969 V,
1147 1944 1191 1962 10.
1218 1934 1362 1971 Magnam
1388 1939 1491 1961 autem
1512 1929 1573 1960 fru-

900 1973 998 2003 menti
1021 1973 1163 2012 copiam,
1181 1983 1247 2011 quae
1269 1982 1334 2001 non
1356 1970 1458 2010 paucis
1483 1970 1571 1999 annis

901 2013 1078 2049 suffecisset,
1112 2011 1205 2042 initio
1237 2011 1313 2042 belli
1343 2009 1572 2041 combusserant

902 2052 1056 2082 discordes
1080 2050 1185 2081 Judaei.
1207 2050 1371 2089 Josephus,
1399 2049 1476 2079 Bell.
1500 2049 1573 2078 Jud.

902 2094 927 2123 V
941 2115 949 2127 ,
972 2102 995 2121 1.
1011 2101 1094 2121 num.
1110 2092 1297 2128 4.l'1·aeterea
1308 2100 1346 2119 ne
1358 2088 1434 2127 quid
1447 2087 1509 2127 spei
1522 2089 1573 2117 Ju-

903 2130 973 2161 daeis
989 2137 1126 2160 maneret
1139 2152 1146 2164 ‚
1159 2129 1249 2162 Titus
1263 2127 1469 2168 pulcherrima
1489 2127 1573 2157 urbis

904 2171 1075 2200 suburbana
1089 2168 1299 2204 exciderat‚&
1312 2177 1439 2199 omnem
1451 2167 1510 2196 late
1523 2176 1573 2196 re-

904 2211 1031 2248 gionem
1056 2209 1093 2238 ad
1119 2208 1290 2247 nonaginta
1321 2206 1413 2237 stadia
1438 2205 1574 2236 circum-

905 2259 1025 2288 quaque
1040 2248 1224 2283 vastaverat,
1239 2248 1280 2278 ita
1300 2255 1334 2277 ut
1347 2246 1425 2276 nihil
1443 2245 1473 2289 in
1488 2254 1574 2274 cam-

906 2288 969 2326 pis.
996 2298 1034 2318 ne
1059 2288 1151 2317 arbor
1174 2287 1319 2326 quidem,
1338 2285 1577 2323 superesset.Jo-

906 2327 1011 2365 sepliiis
1027 2326 1103 2357 Bell.
1121 2326 1189 2356 Jud.
1206 2328 1245 2357 VI
1258 2350 1266 2362 ,
1287 2337 1312 2354 ι.
1335 2334 1419 2354 num.
1440 2335 1471 2366 i.¹

927 2366 957 2409 '⁸
980 2367 1237 2396 Mrzm'rAIJANTUR
1262 2368 1416 2397 emmim]
1434 2363 1496 2392 Dio
1514 2362 1576 2393 loc.

906 2413 960 2437 Cli·

1370 2446 1443 2487 Tt

1576 258 1689 268 ‘—

1579 289 1691 315 A.U.C.

1601 339 1670 373 823.

1603 398 1626 421 J.
1638 397 1668 421 C.

1610 451 1660 480 70.
