2230 3047
520 322 549 345 Λ.
563 322 590 344 U.
604 321 634 344 C.

544 367 614 395 822.

543 417 565 439 J.
579 417 610 440 C.

550 463 602 497 69.

603 2268 605 2271 .
657 2242 739 2272 libus
756 2241 817 2273 hoc
842 2252 925 2273 anno
951 2243 1079 2274 suffeffis
1098 2244 1171 2274 vide
1193 2244 1255 2282 jam
1267 2244 1328 2275 dic-

668 196 751 231 126
928 190 976 231 C.
1043 190 1447 232 CORNELII
1510 191 1799 233 TACITI

658 282 888 310 cantantem
904 269 1065 322 solitus,
1086 286 1169 312 non
1185 272 1430 320 necessitate,
1453 268 1529 324 qua
1545 270 1833 312 honestiffimus
1849 272 2039 326 quisque,

657 332 723 372 sed
744 331 844 372 luxu
867 338 877 355 ¹
895 363 909 384 ,
937 337 979 375 ὅ(
1008 334 1150 390 saginae
1175 337 1424 390 mancipatus
1453 333 1701 390 emptusque.
1727 334 1783 374 Ut
1807 333 1972 375 Valenti
1998 339 2039 376 &

657 395 824 436 Caecinae
846 412 996 438 vacuos
1019 399 1183 439 honoris
1203 398 1357 438 menses
1387 401 1400 417 ²
1423 398 1592 453 aperiret
1607 426 1620 447 ,
1649 398 1838 438 coarEiati
1868 395 2038 438 aliorum

657 458 911 511 consulatus,
935 460 1193 501 diffimulatus
1214 461 1354 501 Martii
1382 461 1516 501 Macri
1540 465 1550 488 ³
1571 490 1584 511 ,
1609 473 1810 514 tamquam
1832 460 2038 500 Othonia-

656 537 796 562 narum
822 525 993 579 partium
1021 525 1156 565 ducis:
1190 527 1230 564 ὃ(
1260 521 1469 564 Valerium
1495 524 1700 564 Marinum
1717 553 1730 574 ,
1755 523 1990 564 destinatum
2015 538 2038 563 a

657 583 789 626 Galba
812 586 1019 628 consulem
1034 617 1045 637 ,
1071 584 1220 627 distulit
1234 616 1245 636 ‚
1267 583 1376 626 nulla
1399 585 1551 627 offensa
1568 617 1579 636 ‚
1605 587 1673 627 sed
1695 587 1834 627 mitem
1848 616 1860 636 ,
1883 590 1923 626 &
1939 584 2038 638 inju-

653 650 753 690 riam
767 649 939 705 segniter
954 649 1140 690 laturum.
1155 649 1350 690 Pedanius
1367 649 1486 690 Costa
1500 651 1698 690 omittitur
1706 679 1720 700 ,
1735 651 1913 704 ingratus
1927 649 2039 690 Prin-

655 713 735 768 cipi
751 742 764 762 ‚
791 726 834 753 ut
851 713 1033 753 adversus
1054 714 1264 753 Neronem
1285 712 1398 753 ausus
1411 742 1424 763 ,
1451 717 1491 753 ὅ(
1510 714 1696 768 Verginii
1717 710 1988 753 exstimulator
2007 715 2038 752 4.

652 775 732 816 Sed
752 774 846 816 alias
863 774 1031 831 protulit
1048 775 1203 816 causas:
1229 776 1397 830 aestaeque
1413 775 1572 832 insuper
1586 775 1757 818 Vitellio
1773 777 1925 831 gratiae,
1944 789 2039 816 con-

654 838 863 879 suetudine
887 838 1049 879 servitii.

713 901 916 942 LXXII.
950 903 1067 942 NON
1090 900 1193 942 ultra
1215 916 1364 957 paucos
1387 902 1496 951 dies,
1525 916 1765 955 quamquam
1788 899 1943 941 acribus
1967 900 2037 940 ini-

650 965 716 1005 tiis
734 977 940 1019 coeptum,
963 964 1218 1005 mendacium
1239 963 1376 1005 valuit.
1397 964 1607 1005 Exstiterat
1627 965 1787 1017 quidam
1801 993 1814 1013 ‚
1835 980 1857 999 «
1875 961 2038 1004 Scribo-

652 1028 848 1067 »nianum
869 1028 909 1067 se
933 1028 1193 1068 Camerinum
1218 1031 1230 1057 5
1254 1044 1274 1064 »
1298 1027 1454 1078 ferens,
1481 1045 1503 1064 <c
1526 1028 1854 1067 Neronianorum
1876 1039 2039 1082 tempo-

652 1105 772 1129 »rum
788 1103 898 1130 metu
918 1091 958 1131 in
981 1088 1089 1130 Istria
1112 1088 1128 1111 ⁶
1151 1088 1403 1131 occultatum
1416 1119 1430 1140 ,
1456 1090 1566 1144 quod
1580 1088 1666 1130 illic
1683 1088 1879 1130 clientelae
1897 1093 1937 1129 ὅ(
1952 1089 2039 1144 agri

650 1167 865 1193 »veterum
892 1153 1119 1194 Crassorum
1144 1157 1186 1203 ⁷,
1212 1168 1259 1194 ac
1283 1154 1456 1195 nominis
1484 1153 1599 1194 favor
1620 1151 1805 1193 manebat
1835 1169 1878 1193 >›.
1909 1152 2039 1207 Igitur

653 1215 869 1256 deterrimo
898 1231 1058 1270 quoque
1087 1217 1127 1255 in
1157 1230 1436 1270 argumentum
1457 1214 1598 1257 fabulae
1632 1215 1869 1271 adsumpto,
1894 1214 2038 1269 vulgus

652 1277 862 1319 credulum
876 1309 888 1329 ,
917 1283 957 1320 ἃ
976 1279 1136 1334 quidam
1156 1278 1354 1331 militum,
1377 1293 1509 1320 errore
1528 1279 1633 1328 veri,
1653 1279 1721 1319 seu
1743 1277 1948 1319 turbarum
1968 1279 2039 1318 stu-

653 1341 747 1392 dio,
774 1343 957 1382 certatim
985 1342 1324 1397 aggregabantur:
1352 1344 1442 1383 cum
1472 1343 1686 1398 pertra&us
1714 1342 1763 1382 ad
1790 1339 2006 1383 Vitellium
2023 1369 2038 1391 ,

651 1405 998 1460 interrogatusque
1022 1422 1044 1442 «
1067 1405 1244 1459 quisnam
1266 1404 1496 1446 mortalium
1515 1405 1609 1446 esset
1629 1422 1674 1455 »,
1699 1406 1904 1460 postquam
1926 1402 2039 1444 nulla

656 1468 768 1508 dietis
789 1468 911 1518 fides,
934 1473 974 1509 ὃς
995 1484 1017 1509 a
1044 1468 1211 1509 domino
1247 1468 1511 1519 noscebatur,
1536 1468 1771 1508 conditione
1803 1468 1997 1522 fugitivus
2024 1496 2038 1518 ,

654 1531 818 1571 nomine
845 1531 951 1572 Geta
973 1528 987 1552 3
1001 1561 1014 1582 ,
1042 1531 1243 1587 sumptum
1263 1532 1312 1573 de
1334 1546 1383 1573 eo
1409 1530 1650 1588 supplicium
1674 1532 1716 1571 in
1744 1530 1930 1572 servilem
1951 1545 2040 1572 mo-

654 1594 751 1634 dum
774 1597 804 1635 9.

654 1731 699 1760 dio
717 1730 826 1760 Asartz'o
843 1740 935 1768 campo
949 1732 1073 1762 adhibita
1086 1733 1255 1770 publicorum
1272 1735 1328 1773 flz-
1409 1739 1417 1761 5
1443 1735 1643 1764 CAMERINUM
1660 1735 1675 1772 ]
1704 1732 1876 1772 Suipicium
1896 1733 2039 1764 Cameri-

655 1770 792 1800 cerdotum
800 1770 1102 1810 frequentid‚infhrias
1116 1773 1326 1803 Neronidedic:
1368 1783 1461 1809 num,
1480 1773 1604 1812 ejusque
1625 1773 1725 1803 filium
1737 1796 1746 1808 ‚
1769 1774 1898 1803 Nerone
1918 1772 2038 1802 Princi-

654 1820 689 1839 ac
701 1810 814 1848 solemni
836 1810 959 1840 convivio
977 1811 1155 1840 citharoedum
1175 1813 1328 1848 placentem
1368 1823 1427 1851 pe,
1456 1812 1660 1851 interemptos
1689 1812 1822 1842 diximus
1848 1811 1881 1841 in
1907 1811 2038 1855 Supple-

656 1850 749 1887 palam
767 1849 926 1887 admonuit,
943 1859 972 1878 ut
997 1849 1026 1879 ὓ
1042 1850 1146 1889 aliquid
1169 1851 1202 1880 de
1223 1851 1327 1881 Domi·
1366 1859 1475 1882 mento
1491 1851 1604 1881 Annal.
1622 1852 1714 1887 XVI,
1737 1861 1786 1890 55.
1811 1850 2035 1881 Scribomanos

655 1890 693 1918 tio
710 1888 811 1924 diceret
823 1901 832 1917 .-
855 1888 1047 1928 inchoantique
1069 1890 1235 1919 Neroniana
1258 1901 1328 1920 catz-
1368 1901 1494 1930 quoque
1510 1890 1616 1920 fratres
1634 1890 1723 1921 caesos
1733 1891 1806 1920 vide
1815 1890 1893 1920 ibid.
1905 1900 1971 1928 cap.
1989 1896 2037 1919 61.

655 1929 735 1966 tica,
752 1929 858 1965 primur
878 1928 1018 1967 exfitlrans
1030 1929 1114 1958 etiam
1133 1928 1242 1969 plausit.
1262 1931 1328 1970 lpse
1406 1932 1419 1949 ⁶
1441 1931 1475 1959 ΙΝ
1492 1931 1598 1960 Isi-mn
1616 1931 1630 1967 ]
1654 1930 1760 1960 Manet
1782 1939 1901 1960 nomen
1921 1928 2038 1968 I'Istrie,

655 1967 736 1998 olim
755 1967 879 1999 Neroni
890 1968 1073 1999 adulatione
1087 1969 1308 2008 acceptissimus
1318 1993 1327 2007 ‚
1367 1967 1438 1997 dans
1455 1968 1480 1998 le
1492 1967 1571 2005 Golfe
1583 1968 1615 1998 de
1637 1968 1746 2007 Venis&-

656 2009 701 2038 uti
724 2006 831 2037 videre
857 2007 898 2037 est
928 2008 1010 2046 apud
1037 2008 1182 2038 eumdem
1216 2010 1328 2040 Sueto·
1406 2014 1418 2034 7
1439 2010 1596 2040 VETERUM
1624 2008 1851 2044 Cnnssonum]
1879 2007 2036 2045 Fingebat

657 2046 745 2076 nium
761 2046 795 2076 in
811 2046 988 2077 vite11.1v.
1367 2057 1440 2087 ergo
1463 2047 1493 2078 se
1525 2057 1652 2086 quoque
1685 2048 1724 2077 ad
1757 2048 1887 2077 domum
1914 2046 2037 2076 Craffo-

700 2090 707 2104 ¹
732 2086 858 2123 Luxu]
882 2087 939 2116 Pro
953 2085 1047 2125 luxui3
1067 2087 1155 2126 quod
1170 2087 1328 2118 veteribus
1366 2097 1434 2117 rum
1461 2087 1625 2125 pertinere.
1651 2087 1744 2117 Certe
1772 2086 1852 2116 infra
1878 2086 1952 2115 Hist.
1974 2087 2036 2123 IV,

657 2124 858 2163 scriptoribus
877 2124 1030 2155 familiare
1370 2135 1420 2163 39,
1440 2134 1631 2156 memoratur
1652 2125 1874 2156 Scribonianus
1896 2124 2036 2161 Craffus,

697 2168 709 2182 ²
735 2166 861 2194 vicuos
890 2175 1029 2195 HONORIS
1053 2175 1168 2196 meuses
1192 2166 1206 2202 ]
1233 2167 1329 2196 0610-
1366 2165 1459 2195 frater
1479 2165 1614 2202 Pisonis,
1630 2165 1674 2195 M.
1699 2165 1791 2196 Craffi
1812 2164 2036 2201 sobolis,Hist.

656 2203 746 2233 brem
767 2203 966 2242 reliquosque
987 2204 1114 2235 menses.
1144 2205 1191 2235 De
1218 2205 1329 2235 consu·
1367 2206 1399 2241 Ι,
1423 2215 1459 2240 14
1480 2204 1514 2235 ὃς
1533 2214 1579 2243 15.

1407 2243 1418 2263 3
1443 2245 1574 2274 Nomine
1596 2243 1711 2278 Gru]
1728 2242 1801 2271 Geta
1812 2265 1821 2279 ,
1833 2241 1955 2279 Davus,
1969 2241 2034 2273 &c-

1367 2283 1499 2314 nomina
1517 2282 1585 2313 sunt
1601 2282 1770 2313 servorum.

1409 2328 1422 2346 9
1444 2324 1477 2352 lu
1499 2333 1661 2353 snnvirsm
1685 2322 1824 2358 Momm]
1840 2322 2036 2359 Cruce,quae

1369 2361 1520 2391 summum
1544 2369 1608 2391 erat
1634 2360 1826 2399 supplicium.
1849 2361 1895 2390 De
1919 2359 2037 2389 servili-

1368 2401 1424 2430 bus
1437 2400 1535 2438 poenis
1547 2401 1610 2437 jam
1622 2399 1737 2431 dictum
1750 2400 1838 2439 supra
1850 2399 1960 2430 Annal.
1973 2399 2036 2436 111,

1369 2450 1418 2479 50.
1438 2441 1518 2478 XV,
1536 2443 1587 2471 60.

657 2290 687 2312 ta
704 2281 778 2311 Hist.
794 2282 828 2317 1,
850 2291 902 2320 77.

697 2326 706 2346 Ξ
732 2321 855 2351 Mur-11
876 2321 985 2351 Mncm
1002 2322 1016 2359 ]
1034 2321 1081 2352 De
1093 2331 1156 2362 quo
1169 2321 1231 2360 jam
1240 2322 1326 2361 supra

656 2369 723 2397 cap.
750 2370 786 2397 23
808 2360 842 2390 ὃς
863 2363 913 2397 36.

695 2404 710 2422 ⁴
731 2401 882 2430 Vmomu
907 2401 1178 2436 ExSTIMULATOR]
1193 2401 1233 2430 Ut
1249 2402 1326 2430 Ver-

652 2437 757 2481 ginius
786 2438 929 2470 oblatum
947 2438 1112 2478 imperium
1130 2438 1294 2479 acciperet.

2071 846 2120 874 10

2070 1158 2118 1197 15

2063 1469 2124 1502 20'
