2230 3047
151 829 202 856 10

139 1140 197 1179 ,¹5

141 1461 198 1488 20

404 168 878 214 HISTORIARUM
910 165 1109 209 LIBER
1140 168 1396 210 PRIMUS.
1566 183 1613 219 13

230 252 412 294 exercitu
438 251 540 293 nihil
564 253 721 292 irarum.
751 252 851 291 Non
886 247 978 289 sane
1006 246 1090 288 aliae
1124 246 1335 302 legiones,
1376 263 1446 306 per
1476 263 1615 290 omnes

231 314 416 357 civilium
439 314 639 356 bellorum
677 327 838 363 motus,
883 312 1140 352 innocentius
1176 326 1369 365 egerunt:
1414 313 1481 352 seu
1525 314 1616 367 quia

231 377 402 435 procul,
437 383 478 419 &
513 379 684 419 Oceano
723 376 883 422 divisae3
926 375 1023 424 seu,
1065 372 1212 414 crebris
1251 375 1574 431 expeditionibus
1602 406 1615 426 ,

231 441 354 482 dottae
381 443 532 482 hostem
568 441 700 496 potius
737 438 871 480 odisse.
913 438 1041 492 Quies
1074 441 1115 478 ὅ(
1146 435 1336 490 Illyrico:
1377 453 1616 493 quamquam

233 506 372 546 excitae
399 510 408 526 ¹
437 520 459 544 a
484 505 651 544 Nerone
677 501 858 557 legiones
874 531 887 552 ,
918 501 1013 541 dum
1035 502 1077 540 in
1098 497 1213 540 Itali&
1235 502 1493 551 cunEtantur‚
1521 503 1618 543 Ver-

232 569 387 623 ginium
415 565 686 622 legationibus
716 565 882 606 adissent
923 569 951 605 ².
989 564 1070 605 Sed
1109 562 1243 618 longis
1282 564 1416 619 spatiis
1456 565 1617 607 discreti

233 631 430 671 exercitus
443 659 457 680 ,
484 629 592 684 quod
616 627 916 669 saluberrimum
943 628 997 668 est
1022 627 1071 668 ad
1096 627 1384 668 continendam
1403 627 1617 670 militarem

231 693 352 734 fidem
368 723 382 743 ‚
410 707 486 734 nec
510 693 644 742 vitiis,
672 706 748 732 nec
775 690 926 732 viribus
948 689 1230 731 miscebantur.

295 756 350 796 X.
383 756 572 797 ORIENS
599 755 730 796 adhuc
753 756 959 796 immotus.
986 755 1142 809 Syriam
1166 757 1207 794 &
1242 766 1412 808 quatuor
1435 752 1617 808 legiones

233 817 441 860 obtinebat
480 819 663 860 Licinius
703 819 920 859 Mucianus
954 823 1001 868 ³,
1046 818 1108 857 vir
1147 817 1332 858 secundis
1372 817 1618 872 adversisque

230 880 343 936 juxta
366 882 551 923 famosus.
577 882 754 936 Insignes
778 882 972 922 amicitias
998 879 1155 933 juvenis
1178 879 1389 921 ambitiose
1412 880 1614 922 coluerat:

230 960 357 996 mox,
387 946 528 987 attritiS
554 944 723 1001 opibus,
748 943 906 986 lubrico
934 946 1057 994 statu,
1094 942 1268 1000 suspeEtfi.
1295 945 1415 984 etiam
1455 944 1618 985 Claudii

215 1008 461 1059 ¹iracundiz‘i,
487 1010 528 1048 in
554 1008 752 1049 secretum
780 1007 877 1047 Afiae
905 1013 923 1036 4
944 1008 1136 1064 repositus
1153 1037 1166 1057 ‚
1190 1020 1272 1048 tam
1299 1008 1425 1063 prope
1452 1012 1464 1040 5
1490 1007 1537 1048 ab
1554 1023 1618 1049 ex-

230 1071 314 1112 sule
333 1071 433 1123 fuit,
460 1071 579 1126 quam
606 1072 741 1128 postea
763 1086 784 1112 a
802 1072 1002 1127 Principe.
1021 1067 1200 1112 Luxuria
1216 1100 1229 1121 ,
1251 1069 1439 1111 industria
1450 1100 1464 1121 ‚
1487 1073 1618 1112 comi-

229 1147 337 1186 tate,
376 1132 627 1191 arrogantffi,
654 1133 768 1175 malis
798 1133 992 1188 bonisque
1026 1133 1174 1175 artibus
1196 1135 1366 1175 mixtus:
1396 1136 1525 1174 nimiae
1551 1151 1619 1176 vo-

228 1196 402 1254 luptates
418 1228 431 1249 ,
459 1202 551 1239 cum
567 1210 727 1240 vacaret
743 1215 750 1238 :
776 1199 961 1252 quotiens
981 1198 1211 1254 expedierat
1225 1227 1239 1248 ,
1267 1212 1419 1252 magnae
1436 1199 1618 1242 virtutes-

228 1260 365 1303 Palam
382 1261 561 1303 laudares
574 1291 588 1313 ,
616 1261 769 1303 secreta
790 1260 895 1302 male
919 1261 1145 1302 audiebant.
1165 1261 1246 1302 Sed
1267 1261 1372 1317 apud
1394 1259 1590 1313 subje&os
1603 1291 1618 1313 ,

227 1325 334 1381 apud
360 1326 593 1381 proximos,
624 1324 731 1381 apud
759 1323 963 1380 collegas,
991 1326 1108 1366 variis
1135 1323 1349 1366 inlecebris
1380 1338 1548 1380 potens:
1576 1330 1619 1366 ὅ(

226 1389 295 1429 cui
322 1388 546 1444 expeditius
573 1388 693 1430 fuerit
717 1388 872 1428 tradere
897 1388 1133 1444 imperium,
1162 1386 1281 1441 quam
1307 1388 1503 1429 obtinere.
1529 1388 1617 1429 Bel-

226 1449 312 1491 lum
337 1451 551 1496 Judaicum
580 1451 741 1493 Flavius
763 1451 1023 1507 Vespasianus
1048 1455 1060 1501 (
1086 1452 1230 1492 ducem
1258 1466 1349 1492 eum
1371 1453 1487 1492 Nero
1511 1451 1617 1492 dele-

226 1527 338 1571 gerat
363 1513 380 1537 6
406 1520 418 1567 )
442 1514 566 1556 tribus
602 1513 831 1572 legionibus
860 1519 874 1542 ⁷
917 1512 1222 1556 administrabat.
1254 1516 1348 1557 Nec
1374 1514 1616 1571 Vespasiano

941 1637 1064 1669 curavit
1079 1647 1243 1668 nummum
1256 1660 1264 1674 ‚
1284 1645 1378 1677 quem
1397 1646 1413 1666 e
1428 1634 1500 1675 gaza
1518 1634 1616 1674 Regii

230 1645 394 1667 communem
412 1637 545 1675 faffionis
568 1636 682 1668 Venetoe
702 1637 828 1675 favorem
840 1647 901 1667 con-

942 1677 1075 1716 protulit
1115 1677 1315 1714 Harduinus,
1346 1675 1453 1705 Selechz
1487 1674 1580 1710 Opera
1604 1697 1614 1710 ‚

226 1676 342 1706 ciliatus
353 1677 413 1725 effer
426 1690 434 1706 :
451 1677 502 1717 nisi
515 1676 583 1716 quod
593 1677 685 1706 Galba
702 1678 799 1716 praese
817 1677 880 1706 tulit
891 1701 899 1714 ,

228 1715 320 1745 nullos
341 1717 432 1746 minus
446 1716 602 1746 metuendos
613 1738 622 1752 ,
636 1719 715 1755 (μιάνῃ
736 1718 780 1755 qui
804 1716 900 1755 desblo

228 1755 300 1785 vinu
321 1757 475 1796 cogitarent
496 1780 506 1794 ,
530 1766 563 1785 ac
592 1756 659 1796 pqffe
685 1756 900 1793 provincialibus

229 1794 317 1831 copiis
335 1795 500 1832 profundam
528 1796 586 1833 ejus
615 1795 718 1832 expleri
735 1795 849 1835 gulam,
871 1805 900 1824 ut

227 1834 318 1864 cuivis
328 1835 486 1874 evidens-fit
498 1859 508 1872 ‚
529 1844 680 1871 contemptu
693 1835 783 1874 magis
794 1858 803 1872 ‚
821 1838 899 1874 quim

225 1874 323 1914 gratid
335 1897 344 1910 ,
358 1874 479 1904 eleflum.
500 1874 580 1903 Satis
594 1873 695 1913 constat
716 1875 823 1904 exituro
842 1875 901 1904 via-

227 1913 311 1942 ticum
322 1912 394 1951 defui
415 1914 446 1952 ὲ,
459 1916 540 1943 tamti
554 1913 669 1954 egestate
680 1913 719 1943 rei
726 1913 881 1950 familiaris
890 1937 900 1950 ‚

228 1961 259 1982 ut
274 1963 357 1982 uxore
435 1953 548 1990 liberis,
585 1963 632 1982 uos
655 1952 748 1982 Romae
769 1953 900 1992 relinque-

227 1991 293 2029 bat,
309 1992 446 2023 meritorio
459 2003 570 2022 coenacu
583 2003 597 2022 o
609 1992 712 2022 abditis
724 2014 732 2028 ,
754 1992 859 2022 domum
871 1993 899 2022 in

229 2030 361 2070 reliquam
377 2042 483 2070 partem
507 2033 576 2061 anni
595 2032 748 2061 ablocarir:
765 2042 844 2071 utque
867 2043 901 2062 ex

228 2081 295 2100 aure
324 2072 422 2101 matris
444 2071 592 2101 derrac‘lum
623 2072 748 2101 unionem
773 2073 901 2111 pignera-

228 2111 300 2140 verit
322 2109 358 2139 ad
380 2111 489 2141 itineris
520 2112 664 2150 impenfhs.
692 2112 739 2141 De
766 2111 901 2142 factione

229 2150 349 2180 Veneti
360 2173 369 2187 ‚
386 2150 514 2190 aliisque
529 2150 561 2180 in
574 2151 657 2182 circo
668 2173 676 2185 ‚
689 2149 755 2181 dixi
773 2152 900 2189 suprain

228 2190 453 2228 Supplemento
474 2191 587 2220 Annal.
608 2191 697 2227 XVI,
713 2201 764 2228 4²·
782 2192 860 2220 Not.
876 2201 900 2228 3.

273 2235 280 2247 ¹
305 2230 462 2264 Excrrae]
493 2231 577 2266 Quas
614 2231 702 2260 Nero
724 2229 899 2267 exciverat,

230 2270 302 2299 ciam
320 2269 439 2299 bellum
460 2268 493 2298 in
507 2270 643 2300 Albanos
658 2277 796 2308 pararet,
815 2269 902 2299 dein-

231 2308 271 2337 de
293 2307 506 2346 opprimendis
526 2308 668 2339 Vindicis
687 2308 794 2347 coeptis
811 2319 901 2340 revo-

230 2356 372 2383 caverat,
387 2356 421 2378 ut
438 2347 553 2377 dietum
570 2348 610 2378 est
625 2348 711 2387 supra
726 2359 791 2387 cap.
807 2351 836 2378 6.

271 2390 283 2404 ²
306 2388 479 2422 Amssnnr]
490 2387 700 2426 Etimperium
709 2387 898 2418 obtuliss'cnt.

270 2430 280 2452 ³
303 2426 447 2459 chnuus
464 2427 814 2468 MucianusJTuncquc
829 2427 901 2460 cudi

961 1727 1008 1756 ag.
1023 1721 1095 1755 637.
1117 1718 1196 1747 IMP.
1220 1717 1302 1746 SER.
1325 1717 1412 1747 SVL.
1435 1713 1614 1745 GALBAE.

957 1756 1104 1792 mperatori
1121 1755 1219 1784 Servio
1237 1755 1359 1791 Sulpicio
1382 1753 1481 1783 Galhae
1498 1767 1506 1782 .·
1522 1760 1615 1792 caput

941 1796 1124 1826 laureatum.
1138 1796 1172 1824 In
1187 1804 1272 1834 parte
1291 1794 1422 1833 postic5‚
1441 1793 1474 1823 in
1487 1792 1591 1823 laurea
1602 1815 1613 1828 ,

941 1842 999 1864 Em
1020 1841 1240 1864 MOYKIANOY.
1260 1834 1318 1863 Sub
1338 1833 1471 1862 Muciano
1484 1855 1494 1867 ‚
1518 1831 1615 1871 praefi-

941 1875 979 1904 de
997 1874 1112 1913 Syriae,
1135 1875 1170 1905 ὃ(
1196 1872 1362 1913 epigraphe
1390 1878 1612 1916 ΜκῐτιοΧιεΩῑκιΣ

940 1921 994 1943 ΕΤ.
1014 1921 1076 1944 ΖΙΡ.
1093 1913 1325 1942 Antiochenorum
1338 1923 1410 1941 armo
1426 1921 1521 1941 cxvii
1536 1936 1544 1949 ‚
1559 1921 1613 1951 qul

940 1962 1094 1984 autumno
1113 1952 1278 1992 superioris
1293 1952 1368 1982 anni
1385 1951 1525 1990 incoepit.

979 1998 994 2016 4
1013 1994 1046 2022 Iu
1062 2004 1227 2024 sEcRETUM
1238 1993 1344 2029 Asrffi]
1361 1993 1494 2036 Legatus
1505 1990 1537 2020 in
1550 1991 1614 2029 Ly-

941 2032 1021 2063 ciam
1044 2032 1163 2068 miffus,
1179 2041 1212 2063 ut
1228 2032 1386 2070 conjicere
1400 2032 1473 2061 hcet
1494 2042 1531 2060 ex
1548 2030 1612 2060 Pli-

942 2072 996 2102 nio
1008 2073 1083 2108 XII,
1103 2072 1189 2102 1.1bi
1204 2072 1318 2110 reperit
1335 2072 1492 2109 platanum
1507 2070 1591 2099 illam
1602 2092 1612 2105 ,

942 2111 1139 2142 nemorosam
1159 2111 1298 2148 vertice,
1325 2110 1405 2140 intra
1427 2119 1518 2150 quam
1537 2120 1612 2145 epu-

941 2151 1018 2181 latus
1041 2151 1081 2181 est
1095 2161 1166 2181 cum
1185 2149 1440 2181 duodevicefimo
1462 2149 1591 2179 comite.

983 2196 990 2217 5
1016 2191 1092 2220 TAM
1112 2192 1237 2228 miore]
1258 2191 1352 2220 Nunc
1373 2188 1489 2225 exsuli,
1511 2188 1612 2227 postea

941 2229 1075 2268 Principi
1098 2229 1276 2268 proximus:
1303 2228 1400 2259 ferme
1421 2227 1522 2263 exsul,
1547 2227 1611 2266 post

940 2268 1039 2300 ferme
1063 2269 1218 2308 Princeps·

980 2310 992 2328 ⁶
1015 2309 1234 2345 Der-rernm]
1256 2308 1337 2339 Vide
1352 2307 1610 2346 Supplementum

940 2349 1053 2378 Annal.
1068 2349 1158 2383 XVI,
1177 2359 1212 2387 57
1227 2348 1260 2378 ὀί
1275 2347 1358 2386 seqq.

979 2394 990 2413 7
1012 2389 1130 2418 Tninus
1164 2388 1374 2423 worumnus]
1402 2386 1502 2414 Immo
1531 2393 1609 2422 qua—-

940 2434 1011 2460 tuor
1033 2426 1233 2467 legionibus,
1258 2426 1374 2457 stiiiect
1410 2427 1453 2462 V,
1481 2425 1527 2460 λ,
1553 2423 1609 2452 ΧΠ

1642 264 1757 278 =

1644 307 1675 330 A.
1687 307 1715 330 C.
1728 308 1759 332 C.

1665 353 1737 381 822.

1669 409 1692 432 J.
1705 409 1735 432 C.

1675 453 1728 488 69.
