2209 3047
598 209 683 249 533
784 191 1002 231 NOTAE
1048 189 1134 228 ET
1174 186 1770 234 EMENDATIONES

597 272 675 306 dem
700 268 796 303 suam
818 266 916 302 fuisse
945 264 1247 314 despicatiffimos.
1275 264 1391 313 Igitur
1422 264 1596 308 Tacitus,
1624 265 1781 304 Judaicis
1811 270 1980 308 traditio..

595 320 699 355 nibus
722 330 839 366 neque
869 315 1058 360 credulus,
1089 329 1205 365 neque
1233 315 1375 363 penitus
1406 314 1635 360 incredulus,
1675 319 1805 366 partim
1834 319 1982 358 Judaeo-

594 382 696 412 rum,
725 367 853 416 partim
878 378 1082 403 exterorum
1108 366 1330 414 Scriptorum
1356 378 1375 401 e
1402 365 1597 409 memoria,
1629 380 1707 416 quae
1727 367 1790 403 fibi
1813 370 1982 417 probabi.

592 419 641 453 lia
665 418 900 461 videbantur,
927 416 1074 467 selegit,
1095 429 1134 453 ut
1157 415 1273 465 gentis
1297 415 1496 464 primordia
1515 417 1679 465 aperiret.
1700 418 1790 455 Inde
1812 431 1895 455 vera
1912 420 1981 456 fal-

592 468 656 510 sis,
685 467 771 502 falsa
797 467 888 503 veris
913 467 1069 503 admixta
1085 497 1094 512 ,
1123 479 1201 516 quae
1228 465 1432 516 singillatim
1458 467 1637 515 explicare
1670 481 1791 517 operoe
1824 469 1980 518 pretium

591 517 664 560 est5
688 516 787 567 quod
807 518 844 552 in
866 517 909 554 iis
928 518 1082 567 plurima
1100 516 1219 552 adhuc
1234 515 1370 553 lateant
1384 515 1565 566 primaevae
1582 517 1742 555 veritatis
1761 531 1980 570 argumenta.

815 607 913 665 De
955 604 1188 677 Cretenfi
1219 605 1523 664 Iudaeorum
1562 609 1777 685 origine.

645 720 755 756 GENS
783 719 945 755 Crethim
961 744 969 760 ‚
997 717 1055 755 vel
1077 718 1261 755 Cerethim
1281 746 1292 763 ,
1329 731 1438 761 n'm:
1454 732 1501 760 η]
1517 749 1527 767 ,
1554 720 1571 757 I
1604 720 1693 772 Reg.
1726 720 1839 757 XXX
1855 749 1864 765 ,
1894 733 1942 769 14
1967 749 1981 768 ‚

589 770 758 807 Ezechiel
776 769 894 812 XXV,
920 769 965 804 16
979 797 989 812 ,
1016 770 1225 818 Sophonias
1245 770 1282 806 II
1297 799 1307 815 ,
1327 784 1370 822 5,
1394 773 1553 810 Judaeam
1584 772 1677 809 inter
1698 775 1732 809 ὃς
1754 771 1980 810 Phoeniciam

588 819 759 856 habitasse
780 830 1022 863 memoratur3
1046 820 1188 870 utrique
1208 821 1258 856 ita
1277 823 1504 860 contermina
1517 851 1526 867 ,
1547 833 1587 858 ut
1605 822 1778 858 Palaestini
1801 835 1982 858 nonnum-

587 883 695 920 quam
719 869 881 905 erethim
899 870 1049 906 nomine
1076 870 1324 920 designentur,
1349 878 1382 910 δε
1404 886 1483 922 pars
1499 873 1632 910 fuerint
1651 871 1874 915 Phoeniciae‚
1899 885 1980 922 quae

585 920 625 956 in
657 920 710 955 his
739 919 809 955 oris
839 920 910 956 late
946 919 1035 956 olim
1068 921 1254 958 dominata
1286 923 1345 960 est.
1379 924 1567 960 Phoenices
1599 934 1716 960 autem
1749 921 1915 958 colonias
1942 923 1982 960 in

589 971 733 1007 Cretam
753 970 903 1006 insulam
926 970 1048 1007 misisse
1073 971 1244 1008 testantur
1262 984 1338 1010 tum
1358 975 1559 1024 Stephanus
1573 1001 1582 1016 ‚
1612 974 1655 1010 de
1676 973 1836 1009 Urbibus
1852 1001 1861 1016 ,
1884 985 1981 1010 voce

586 1024 722 1064 l’wrhg,
752 1031 826 1056 tum
862 1020 937 1069 ipse
963 1032 1089 1069 portus
1120 1022 1261 1066 Crem,
1303 1026 1472 1068 Plzoem'ce,
1505 1026 1606 1072 cujus
1631 1024 1770 1060 mentio
1804 1022 1913 1059 exstat
1942 1024 1982 1060 in

583 1073 663 1107 Αὲἶ.
688 1070 854 1119 Apostol.
882 1071 1043 1114 XXN‘II,
1075 1084 1133 1110 12.
1153 1073 1263 1109 Adde
1286 1087 1329 1110 ex
1354 1075 1532 1112 Strabone
1560 1075 1613 1118 X,
1642 1087 1725 1124 pag.
1749 1076 1823 1121 481
1841 1101 1852 1117 ,
1871 1073 1982 1123 Spar-

581 1122 707 1165 tiatas‚
734 1122 793 1157 seu
818 1121 1143 1167 Lacedaemonios,
1170 1123 1342 1174 plurimas
1364 1126 1467 1162 urbes
1492 1125 1530 1161 in
1560 1125 1669 1161 Creta
1702 1123 1817 1160 insula
1847 1124 1983 1160 condi-

581 1171 686 1207 diffe:
714 1171 900 1219 Spartiatae
925 1183 1043 1208 autem
1065 1173 1210 1210 Judaeos
1230 1174 1353 1212 fratres
1375 1178 1458 1212 suos
1483 1176 1549 1212 effe
1570 1173 1839 1225 gloriabantur,
1861 1185 1900 1210 ut
1921 1175 1982 1211 vi—

583 1221 663 1257 dere
689 1221 736 1258 est
759 1222 775 1258 l
801 1222 971 1259 Machab.
994 1223 1093 1269 XII,
1123 1237 1185 1260 21.
1209 1225 1371 1276 Antiqua
1395 1239 1483 1277 ergo
1506 1226 1575 1262 fuit
1596 1225 1803 1262 Judaeorum
1827 1228 1862 1261 &
1887 1224 1981 1261 Cre-

582 1271 728 1307 tensium
753 1273 1071 1322 consanguinitas3
1100 1274 1322 1327 Judaicaque
1344 1276 1538 1327 progenies
1571 1276 1671 1312 fuere
1701 1275 1898 1312 Cretenses.
1930 1274 1981 1311 At

578 1323 813 1372 praeterquam
838 1324 938 1373 quod
966 1324 1154 1361 Cretenses
1172 1328 1298 1374 semper
1319 1329 1505 1372 mendaces,
1536 1338 1577 1363 ut
1607 1325 1746 1363 constat
1773 1338 1817 1362 ex
1854 1337 1981 1362 eorum

579 1385 661 1408 vate
677 1401 685 1416 ‚
714 1373 810 1422 apud
834 1373 882 1410 D.
911 1375 1061 1410 Paulum
1084 1375 1152 1424 Ep.
1177 1376 1223 1412 ad
1251 1377 1328 1413 Tit.
1356 1378 1374 1414 I
1390 1407 1399 1421 ‚
1435 1391 1481 1414 12
1498 1405 1507 1421 ‚
1535 1377 1663 1427 gentili
1687 1376 1807 1412 adhuc
1829 1375 1980 1420 aemula-

577 1422 680 1459 tione
707 1424 741 1460 se
772 1423 833 1472 ipfi
863 1423 1071 1461 Judaeomm
1092 1428 1252 1463 a11&0res
1270 1427 1336 1464 esse
1356 1428 1570 1476 jaffitavere.
1592 1427 1708 1473 Quod
1726 1426 1776 1461 ita
1795 1425 1980 1468 obtinuit,

578 1484 617 1508 ut
649 1473 746 1508 LXX
779 1475 994 1522 interpretes
1022 1475 1061 1509 in
1087 1476 1280 1512 Ezechiele
1312 1481 1346 1512 ὃς
1372 1477 1588 1526 ΞΟΡΙῚΟΠΞΞι,
1616 1477 1689 1513 loc.
1715 1476 1776 1512 cit.
1810 1486 1919 1514 wrm:
1945 1477 1981 1511 ὃς

579 1533 687 1561 mm:
707 1534 775 1566 ΠΙ,
792 1525 909 1573 Κρῆτάς
933 1527 966 1560 &
994 1525 1134 1575 Hoz'fotnot
1154 1529 1268 1574 Κρητῶν
1284 1561 1292 1570 ,
1322 1526 1359 1561 ld
1384 1527 1432 1563 est
1460 1529 1641 1573 Cretenses,
1676 1530 1708 1562 &
1739 1527 1868 1560 advenae
1903 1527 1981 1559 Cre-

578 1573 709 1619 terifinm
738 1574 933 1617 verterint3
969 1574 1125 1624 indeque
1159 1576 1441 1620 Theodoretus,
1480 1576 1578 1612 hunc
1621 1574 1822 1624 Sophoniae
1855 1573 1981 1611 locum

579 1622 831 1667 illustraturus,
860 1624 1035 1673 quosdam
1060 1638 1079 1661 e
1100 1626 1208 1662 Creta
1233 1627 1269 1661 in
1295 1627 1474 1663 maritima
1496 1625 1690 1662 Palaestinae
1718 1625 1801 1661 loca
1823 1623 1979 1668 venisse,

578 1672 702 1722 ibique
728 1674 924 1710 consediss'e
947 1686 1098 1712 enarret.
1124 1675 1352 1713 Manifestum
1376 1689 1463 1726 ergo
1489 1689 1552 1712 cur
1572 1675 1779 1712 Cretensem
1799 1673 1980 1723 originem

578 1721 710 1759 Judoeis
735 1724 961 1774 adscripserit
985 1726 1146 1763 Tacitus.
1175 1728 1316 1763 Contra
1351 1728 1438 1764 vero
1462 1727 1648 1763 Cretenses
1669 1725 1824 1763 Judaico
1848 1737 1980 1773 genere

577 1785 790 1822 prognatos,
801 1786 928 1823 prceter
945 1787 1063 1812 cetera
1076 1788 1294 1826 argumenta,
1305 1778 1465 1826 ptobant
1479 1777 1557 1813 usus
1569 1776 1733 1826 plurimi,
1753 1774 1980 1811 Cretenslbus

578 1822 767 1860 familiares
781 1853 789 1868 ‚
804 1836 843 1861 ut
858 1825 961 1862 suilla
970 1839 1074 1862 carne
1092 1827 1265 1864 abstinere
1282 1856 1292 1871 ,
1310 1831 1376 1864 δίε.
1390 1828 1671 1877 Praeterea‚quae
1692 1826 1735 1862 de
1746 1826 1876 1861 Minoe
1887 1824 1978 1861 Cre-

579 1873 692 1909 tenses
709 1875 902 1922 prodidere
915 1900 926 1918 ,
951 1876 1040 1912 adeo
1064 1876 1189 1913 similia
1202 1878 1281 1913 sunt
1296 1878 1338 1913 iis
1351 1909 1359 1921 ‚
1387 1890 1466 1928 quae
1485 1877 1577 1914 Mofi
1593 1886 1814 1919 evenerunt,
1841 1885 1881 1912 ut
1898 1875 1979 1910 Mo-

578 1922 651 1958 sem
672 1936 711 1959 ac
731 1925 896 1962 Minoem
914 1939 1025 1962 unum
1043 1936 1150 1977 atque
1168 1928 1333 1964 eumdem
1351 1929 1417 1965 effe
1435 1928 1619 1964 hominem
1637 1927 1833 1976 opinentur
1846 1923 1976 1962 lllustr.

579 1969 736 2010 I-luetius
747 2003 755 2018 ,
772 1977 1009 2023 Demonstratio
1024 1978 1222 2026 Evangelica
1236 2007 1246 2022 ,
1262 1978 1440 2028 Proposit.
1456 1978 1527 2020 IV,
1542 1991 1641 2014 num.
1663 1990 1700 2026 9.
1720 1980 1752 2012 &
1768 1977 1864 2026 seqq.
1879 1987 1978 2012 eum-

579 2035 650 2073 que
673 2024 812 2061 secutus
837 2026 1058 2064 Christianus
1083 2028 1288 2073 Wormius,
1314 2032 1364 2065 De
1396 2033 1552 2074 corruptis
1576 2031 1806 2077 antiquitatum
1827 2026 1980 2061 Hebraea-

579 2087 651 2107 rum
677 2077 760 2121 apud
787 2079 930 2112 Tacitum
973 2079 1008 2113 ἔπ’
1033 2080 1223 2114 Martialem
1261 2080 1426 2129 vestigiis,
1456 2079 1537 2115 libr.
1560 2080 1579 2114 I
1595 2106 1605 2121 ,
1633 2091 1716 2128 pag.
1741 2091 1789 2126 43
1820 2079 1853 2112 δε
1877 2075 1976 2125 seqq.

578 2122 685 2160 Adde
716 2126 932 2175 Psaecipuam
967 2128 1066 2165 fuiffe
1097 2130 1193 2179 apud
1221 2129 1364 2166 Judaeos
1391 2129 1530 2165 sabbati
1562 2129 1817 2166 celebritatem.
1842 2125 1978 2161 Sabba-

577 2183 654 2208 tum
677 2186 793 2211 autem
819 2178 900 2212 cum
922 2179 1041 2215 Gracci
1066 2179 1159 2216 diem
1181 2180 1325 2217 Saturni
1345 2191 1618 2229 nuncuparent,
1642 2180 1726 2215 inde
1750 2176 1893 2215 Judaeos
1912 2176 1976 2212 Sa-

578 2233 690 2260 turno
720 2225 987 2272 devotissimos,
1021 2230 1200 2281 Cretaque
1227 2231 1342 2267 insula
1369 2231 1568 2281 profugos,
1599 2229 1840 2267 crediderunt.

635 2275 778 2312 Aucro
808 2288 848 2313 IN
876 2290 1086 2317 BARBARUM
1115 2285 1131 2327 ]
1169 2284 1294 2317 Morem
1336 2282 1473 2318 addunt
1510 2281 1585 2317 Mff.
1625 2280 1729 2316 Harl.
1763 2276 1870 2315 Bodl.
1904 2274 1971 2312 Jes.

579 2325 699 2361 Guelf.
723 2330 755 2362 ὃς
784 2327 1012 2365 Puteolanus.
1043 2331 1173 2367 Melius
1196 2332 1346 2369 omisere
1371 2332 1449 2370 Mff.
1474 2331 1572 2368 Flor.
1597 2330 1688 2367 Bud.
1715 2329 1908 2366 Rhenanus
1937 2327 1972 2360 &

580 2373 824 2417 RecentioreS.
848 2378 907 2415 Sic
932 2379 1027 2417 enim
1055 2381 1160 2431 supra
1192 2383 1324 2419 Annal.
1351 2382 1402 2420 VI
1426 2410 1437 2428 ‚
1476 2395 1527 2431 42
1553 2409 1564 2425 ‚
1603 2395 1699 2430 neque
1734 2383 1768 2415 in
1799 2377 1972 2415 barbarum

580 2438 740 2472 corrupta.
