2209 3047
503 319 535 343 Α.
547 321 575 342 u.
586 320 616 343 c.

525 365 597 392 822.

526 417 550 440 J.
561 416 591 440 c.

536 461 589 495 69.

646 189 735 224 226
897 183 945 224 C.
1012 183 1432 227 CORNELII
1495 185 1789 227 TACITI

638 264 927 321 »pavesceret?
950 264 1026 306 effe
1044 265 1104 306 illi
1128 268 1340 322 pecuniam
1354 294 1366 315 ,
1393 269 1434 305 &
1450 264 1748 320 eloquentiam,
1773 266 1857 321 quis
1874 266 2023 310 multos

638 328 840 368 »anteiret
852 356 866 378 ‚
890 329 934 368 ni
952 329 1145 370 memori&
1166 330 1410 384 flagitiorum
1438 343 1658 383 urgeretur.
1684 331 1802 370 Sorte
1829 334 1870 370 &
1895 330 1992 371 urna
2007 360 2023 381 ,

638 405 801 432 »mores
830 405 913 432 non
941 391 1134 433 discerni:
1159 393 1344 447 suffragia
1365 395 1406 432 ὃ(
1426 393 1758 433 existimationem
1777 393 1932 433 senatus
1957 407 2022 434 re-

638 471 661 493 »
672 468 784 510 perta
797 483 810 504 ,
827 456 928 496 utin
945 454 1134 509 cujusque
1148 457 1272 496 vitam
1287 455 1512 510 famamque
1528 469 1801 511 penetrarent:
1822 457 2022 512 pertinere

638 535 660 555 2)
672 517 720 558 ad
746 516 962 559 utilitatem
977 518 1204 574 reipublicae
1222 548 1232 567 ,
1259 518 1457 574 pertinere
1479 519 1527 560 ad
1542 519 1770 575 Vespasiani
1798 520 1994 560 honorem
2007 547 2022 570 ,

638 597 660 619 >³
673 596 883 622 occurrere
896 580 982 632 illi,
1016 597 1116 636 quos
1137 581 1478 623 innocentissimos
1495 582 1651 623 senatus
1668 581 1812 623 habeat
1824 611 1838 633 ‚
1864 583 1935 636 qui
1947 583 2020 623 ho-

638 645 786 685 »nestis
802 645 1050 686 sermonibus
1076 660 1186 686 aures
1208 645 1464 701 Imperatoris
1486 645 1681 687 imbuant.
1709 647 1741 687 F
1744 645 1839 686 uiffe
1867 645 2022 701 Vespa-

636 723 658 745 >2
669 707 774 748 slano
792 709 1009 748 amicitiam
1024 723 1117 748 cum
1132 708 1307 749 Thrasea
1320 738 1332 760 ,
1352 710 1508 750 Sorano
1521 739 1534 760 ‚
1554 710 1695 750 Sentio
1715 709 1751 749 Ιἐ
1770 723 1941 762 quorum
1957 723 2024 749 ac·

637 786 660 807 >›
671 771 870 811 cusatores
885 801 897 820 ‚
918 771 1066 811 etiamsi
1082 773 1214 828 puniri
1227 787 1310 812 non
1327 786 1512 828 oporteat
1523 802 1536 823 ,
1557 773 1742 813 ostentari
1755 787 1839 812 non
1854 770 2020 812 debere:

636 849 658 870 »
669 834 748 873 hoc
767 834 921 874 senatus
937 833 1110 886 judicio,
1128 834 1240 876 velut
1256 836 1462 876 admoneri
1476 837 1723 892 Principem,
1740 848 1840 888 quos
1856 833 2018 890 probet,

635 912 658 934 2>
670 911 767 950 quos
783 895 1036 938 reformidet:
1066 897 1222 938 nullum
1238 897 1363 951 majus
1385 898 1483 940 boni
1511 900 1668 955 imperii
1687 899 1991 939 instrumentum
2005 926 2021 948 ,

635 958 785 1012 »quam
802 958 930 1000 bonos
947 961 1096 1001 amicos
1118 961 1207 1001 esse.
1222 963 1324 1002 Satis
1351 960 1578 1012 Marcello,
1609 962 1717 1015 quod
1739 962 1949 1001 Neronem
1977 960 2020 1000 in

636 1037 658 1059 >³
670 1023 836 1062 exitium
851 1035 913 1063 tot
928 1024 1207 1064 innocentium
1224 1023 1441 1080 impulerit.
1457 1026 1671 1066 Frueretur
1692 1025 1858 1081 praemiis
1882 1027 1922 1063 &
1943 1024 2021 1068 im-·,

635 1101 658 1122 a>
668 1086 875 1141 punitate3
896 1086 1180 1142 Vespasianum
1198 1086 1429 1128 melioribus
1444 1086 1688 1142 relinqueret
1706 1105 1750 1128 ».

699 1149 833 1189 VIII.
866 1149 1169 1190 MARCELLUS
1185 1180 1197 1201 ‚
1221 1168 1242 1187 «
1262 1166 1345 1192 non
1365 1151 1474 1191 suam
1502 1151 1739 1191 sententiam
1764 1149 2017 1206 impugnari,

634 1211 735 1252 »sed
751 1211 959 1253 consulem
976 1213 1219 1268 designatum
1239 1213 1429 1254 censuisse
1444 1231 1466 1251 2>
1484 1213 1667 1265 dicebat,
1688 1231 1710 1251 α
1723 1212 1941 1254 secundum
1954 1226 2020 1253 ve-

634 1288 749 1315 »tera
779 1275 962 1332 exempla
982 1279 997 1297 ²
1013 1307 1025 1327 ,
1048 1291 1131 1331 quae
1153 1277 1297 1318 sortem
1315 1276 1584 1332 legationibus
1601 1277 1817 1333 posuiffent
1831 1306 1842 1327 ‚
1867 1290 1917 1316 ne
1934 1289 2020 1316 am-

634 1337 812 1378 »bitioni
828 1352 895 1379 aut
912 1341 1132 1380 inimicitiis
1149 1340 1263 1381 locus
1278 1340 1396 1381 foret.
1412 1339 1531 1382 Nihil
1546 1340 1717 1381 evenisse
1730 1369 1743 1391 ,
1769 1354 1839 1381 cur
1852 1339 2019 1393 antiqui-

635 1416 657 1438 ³2
668 1414 730 1442 tus
747 1402 921 1442 instituta
937 1402 1213 1444 exolescerent
1226 1433 1240 1455 ,
1265 1417 1332 1444 aut
1358 1401 1554 1459 Principis
1571 1405 1704 1444 honor
1719 1402 1761 1442 in
1785 1401 2019 1456 cujusquam

634 1465 958 1506 »contumeliam
984 1479 1224 1507 verteretur:
1257 1466 1439 1508 sufficere
1470 1481 1610 1507 omnes
1636 1466 1849 1520 obsequio:
1881 1465 1922 1506 id
1935 1480 2019 1506 ma-

633 1542 655 1564 »
666 1528 725 1581 gis
755 1528 963 1569 vitandum
987 1559 1000 1580 ,
1037 1544 1087 1569 ne
1122 1528 1347 1585 pervicacia
1377 1530 1639 1584 quorumdam
1673 1530 1901 1570 inritaretur
1930 1529 2018 1569 ani-

633 1605 655 1627 »
667 1604 753 1631 mus
766 1621 779 1642 ,
800 1607 909 1633 novo
927 1594 1154 1649 principatu
1170 1592 1401 1649 suspensus,
1426 1597 1466 1633 ὅ(
1485 1591 1621 1634 vultus
1637 1607 1795 1647 quoque
1813 1607 1859 1633 ac
1875 1591 2020 1632 sermo-

633 1669 655 1691 »
667 1668 735 1694 nes
745 1656 926 1695 omnium
941 1656 1284 1711 circumspeRans.
1296 1658 1348 1697 Se
1366 1656 1586 1697 meminisse
1600 1669 1850 1712 temporum,
1877 1653 2020 1709 quibus

633 1730 781 1758 »natus
800 1718 869 1769 sit,
895 1733 1011 1772 quam
1032 1720 1205 1760 civitatis
1231 1719 1400 1761 formam
1431 1732 1560 1775 patres
1587 1721 1729 1773 avique
1756 1719 2019 1760 instituerint:

634 1779 858 1822 »ulteriora
889 1783 1021 1822 mirari
1034 1812 1047 1832 ,
1073 1782 1277 1838 praesentia
1308 1783 1435 1837 sequi:
1464 1782 1594 1824 bonos
1625 1783 1889 1839 Imperatores
1918 1795 2018 1822 voto

634 1857 855 1899 »expetere
868 1874 880 1895 ‚
906 1844 1214 1900 qualescumque
1234 1844 1419 1887 tolerare.
1445 1847 1545 1887 Non
1564 1847 1690 1901 magis
1711 1844 1778 1886 sua
1807 1845 2015 1887 oratione³

635 1907 884 1948 »Thraseam
897 1938 910 1958 ,
936 1907 1054 1962 quam
1078 1906 1231 1960 judicio
1258 1909 1412 1950 senatus
1429 1909 1641 1950 adfiifitum.
1660 1910 1860 1950 Saevitiam
1881 1909 2018 1949 Nero-

635 1985 658 2007 >)
669 1971 727 2010 nis
741 2000 753 2020 ,
779 1986 848 2026 per
870 1969 1098 2023 hujusmodi
1122 1973 1316 2027 imagines
1335 1978 1352 2001 4
1374 1971 1564 2013 inlufiss'e:
1590 1987 1666 2013 nec
1688 1973 1818 2012 minus
1847 1970 1918 2012 fibi
1945 1986 2018 2011 an—

634 2034 774 2073 >›xiam
789 2033 911 2074 talem
927 2036 1144 2076 amicitiam
1157 2066 1170 2086 ,
1193 2034 1311 2090 quam
1327 2034 1413 2077 aliis
1430 2035 1622 2076 exsilium.
1637 2035 1826 2089 Denique
1840 2035 2018 2076 constan-

677 2125 686 2139 ¹
710 2122 824 2152 Sanno
838 2123 852 2158 ]
867 2122 945 2159 Quis
959 2121 995 2152 fit
1015 2122 1068 2153 ille
1082 2122 1203 2154 Sentius
1217 2123 1308 2164 igno·
1347 2133 1439 2163 quam
1461 2123 1655 2163 eligebantur
1674 2123 1788 2163 legati,
1813 2132 1847 2154 ut
1866 2131 1950 2162 patet
1975 2133 2014 2154 ex

637 2167 729 2189 ratur.
743 2160 839 2190 Forte
857 2163 1084 2192 emendandum
1096 2186 1104 2198 ‚
1121 2162 1238 2192 Senecas.
1252 2164 1307 2195 Vi-
1347 2164 1461 2193 eodem
1479 2165 1632 2195 Suetonio
1647 2164 1679 2193 in
1696 2164 1808 2194 Claud.
1824 2164 1919 2195 VL&
1935 2162 2015 2194 Dio-

635 2199 676 2229 de
686 2199 784 2229 Notas
797 2200 1057 2232 &Emendatiom
1071 2202 1107 2231 ad
1118 2202 1190 2231 Hist.
1203 2203 1246 2233 lV
1257 2226 1265 2239 ‚
1276 2214 1305 2242 7.
1345 2212 1384 2232 ne
1402 2203 1465 2232 loc.
1479 2202 1532 2233 cit.

674 2242 687 2256 ²
710 2240 843 2268 νεῖ-ΒΚΑ
867 2251 1012 2270 εΧεΜΡιΑ
1034 2245 1044 2274 ]
1069 2241 1159 2271 Talia
1179 2241 1305 2280 quidem
1384 2247 1394 2268 3
1413 2243 1474 2271 Sua
1497 2245 1682 2276 oum-10⁸2]
1698 2244 1800 2280 Quam
1815 2240 1890 2271 vide
1900 2239 2013 2270 Annai.

635 2278 779 2316 exempla
807 2288 975 2309 occurrunt
1004 2281 1084 2318 apud
1117 2281 1305 2311 Ciceronem
1344 2282 1414 2311 XVI
1430 2304 1438 2316 ‚
1453 2283 1503 2311 28.

634 2316 724 2354 Epist.
755 2317 793 2347 ad
816 2317 953 2348 Atticum
976 2320 1006 2354 Ι,
1036 2330 1081 2357 17.
1108 2320 1142 2350 &
1166 2319 1303 2351 Dionem
1381 2325 1397 2343 4
1417 2321 1481 2349 PER
1505 2317 2010 2355 nurusnom1MAG1Nes]Perhas

633 2356 707 2398 ‘LIX
721 2379 728 2391 ‚
745 2366 810 2396 pag.
835 2360 905 2396 657.
929 2358 1095 2397 Quamque
1127 2358 1303 2397 frequentes
1341 2359 1633 2398 judiciiimagines3
1652 2368 1686 2389 ut
1705 2359 1792 2397 supra
1814 2357 1927 2400 Annal3
1945 2358 2011 2400 Just

632 2404 666 2423 m
680 2395 786 2425 senatu
798 2396 893 2426 sortes
917 2397 1063 2435 Augustus
1080 2397 1189 2428 fecerit
1210 2399 1304 2429 docet
1347 2409 1392 2435 17.
1414 2396 1621 2437 Biduumfiiper
1637 2398 1689 2427 hac
1708 2397 1830 2437 imagine
1847 2405 2014 2436 cognationis

631 2434 798 2466 Suetonius
809 2435 842 2466 in
854 2438 933 2476 Aug.
949 2437 1076 2469 XXXV.
1096 2438 1138 2469 At
1148 2447 1304 2469 nonnun-
1341 2437 1516 2477 abficmptum.

2055 843 2103 871 10

2048 1477 2104 1505 2<2
