2230 3047
538 324 568 347 A.
581 325 609 346 U.
622 324 649 347 C.

559 371 628 398 822.

562 421 585 443 J.
598 420 625 443 C.

566 468 617 501 69.

944 193 992 234 C.
1052 193 1460 236 CORNELII
1517 192 1800 235 TACITI

678 275 786 312 nium
811 270 940 313 oculis
967 273 1223 330 exposuerat:
1252 276 1283 313 is
1308 273 1509 322 balineas,
1542 271 1741 314 abluendo
1768 275 1927 324 cruori,
1951 290 2042 331 pro-

676 337 767 391 pere
796 337 915 390 petit:
938 350 1106 392 excepta
1126 352 1207 378 vox
1227 339 1279 377 est
1294 367 1305 386 ‚
1326 340 1416 377 cum
1432 349 1611 390 teporem
1626 336 1851 382 incusaret3
1879 353 1900 372 «
1918 338 2042 379 statim

676 399 883 439 »futurum
904 429 916 449 ‚
949 414 993 440 ut
1019 399 1305 441 incalescerent
1324 416 1364 437 ».
1396 398 1560 440 Vernile
1586 399 1731 439 dietum
1759 413 1919 439 omnem
1946 401 2043 440 invi-

674 462 779 502 diam
800 463 841 501 in
867 477 958 502 eum
980 465 1123 512 vertit,
1157 480 1176 499 c<
1197 476 1397 515 tamquam
1414 462 1566 517 signum
1591 462 1849 503 incendendae
1877 462 2045 504 Cremo-

671 541 693 562 »
706 540 761 565 nae
789 524 950 566 dedisset
965 544 1009 576 »,
1024 541 1106 580 quae
1125 524 1203 577 jam
1232 524 1433 579 flagrabat.

734 587 965 629 XXXIII.
1001 590 1379 643 QUADRAGmTA
1413 602 1652 629 armatorum
1679 586 1805 628 millia
1828 589 2040 643 inrupere,

674 649 862 693 calonum
892 650 1138 705 lixarumque
1162 656 1170 672 ¹
1190 650 1359 706 amplior
1388 666 1573 692 numerus
1590 682 1603 701 ‚
1629 656 1669 692 ὃ(
1695 652 1736 690 in
1758 650 1966 691 libidinem
1994 666 2043 692 ac

672 714 861 756 saevitiam
886 716 1122 770 corruptior.
1137 715 1236 755 Non
1252 714 1421 768 dignitas
1437 744 1449 764 ‚
1465 729 1549 754 non
1562 729 1650 754 aetas
1664 713 1900 769 protegebat
1912 743 1924 763 ‚
1939 728 2042 767 quo-

669 779 799 819 minus
834 779 960 832 stupra
996 776 1164 818 caedibus
1185 806 1197 826 ‚
1232 777 1354 818 caedes
1387 778 1523 833 stupris
1547 777 1819 818 miscerentur.
1847 776 2040 817 Grandae-

672 855 744 881 vos
767 841 875 880 senes
890 869 902 889 ‚
925 839 1058 880 exacta
1081 853 1192 880 aetate
1218 840 1404 889 feminas,
1425 839 1524 880 viles
1546 840 1593 880 ad
1620 840 1789 895 praedam
1805 843 1841 888 ²,
1867 840 1907 877 in
1933 838 2039 879 ludi-

671 901 800 944 brium
824 902 1045 943 trahebant.
1078 902 1157 943 Ubi
1189 902 1323 943 adulta
1353 904 1495 957 virgo,
1525 916 1597 952 aut
1617 903 1702 956 quis
1726 900 1853 941 forma
1876 900 2038 956 conspi-

670 980 766 1006 cuus
800 965 1025 1015 incidisset,
1057 966 1097 1005 vi
1128 965 1384 1019 manibusque
1416 966 1655 1021 rapientium
1689 963 1864 1004 divulsus
1886 993 1897 1012 ‚
1933 963 2040 1019 ipsos

667 1029 863 1084 postremo
891 1027 1108 1084 direptores
1134 1029 1175 1068 in
1194 1042 1371 1068 mutuam
1399 1028 1645 1083 perniciem³
1668 1025 1830 1081 agebat:
1856 1026 1949 1066 dum
1972 1040 2040 1081 pe-

669 1092 828 1131 cuniam
838 1121 850 1140 ,
864 1089 929 1131 vel
942 1092 1076 1144 gravia
1086 1106 1180 1131 auro
1195 1090 1436 1146 templorum
1451 1091 1554 1130 dona
1568 1120 1581 1140 ,
1595 1088 1661 1129 fibi
1671 1089 1835 1143 quisque
1849 1090 2010 1129 trahunt
2026 1118 2040 1139 ,

667 1152 818 1205 majore
846 1153 1014 1194 aliorum
1025 1155 1064 1193 vi
1080 1153 1378 1194 truncabantur.
1400 1153 1576 1208 Quidam
1591 1152 1709 1193 obvia
1723 1152 1942 1207 aspernati,
1956 1166 2040 1192 ver-

666 1215 824 1257 beribus
841 1217 1127 1270 tormentisque
1141 1217 1396 1257 dominorum
1406 1216 1537 1257 abdita
1551 1216 1715 1256 scrutari
1728 1244 1740 1264 ,
1760 1214 1908 1255 defossa
1930 1228 2037 1255 erue-

664 1293 720 1319 re.
735 1280 859 1320 Faces
876 1281 917 1318 in
932 1279 1111 1320 manibus
1128 1296 1135 1319 :
1150 1295 1244 1334 quas
1260 1310 1272 1330 ,
1287 1279 1355 1320 ubi
1372 1279 1540 1335 praedam
1555 1278 1772 1333 egesserant
1791 1307 1803 1327 ‚
1828 1278 1870 1317 in
1891 1292 2036 1319 vacuas

666 1341 808 1383 domos
822 1372 835 1392 ‚
859 1347 900 1383 ὃς
919 1344 1050 1384 inania
1070 1342 1245 1398 templa,
1268 1358 1337 1399 per
1358 1341 1562 1383 lasciviam
1590 1339 1887 1393 jaculabantur:
1915 1354 2038 1394 utque

664 1407 845 1446 exercitu
867 1435 880 1456 ,
903 1407 1013 1446 vario
1042 1404 1190 1460 linguis
1210 1435 1222 1455 ‚
1250 1405 1448 1455 moribus,
1479 1407 1544 1446 cui
1569 1405 1675 1445 cives
1692 1433 1705 1454 ,
1728 1403 1826 1444 socii
1846 1433 1859 1453 ,
1882 1404 2037 1444 externi

665 1468 895 1509 interessent
908 1498 921 1518 ‚
947 1469 1106 1509 diversae
1135 1469 1340 1524 cupidines
1354 1498 1366 1519 ,
1390 1473 1428 1508 &
1446 1467 1553 1508 aliud
1573 1468 1715 1520 cuique
1735 1466 1792 1507 fas
1805 1495 1818 1516 ‚
1836 1480 1909 1506 nec
1929 1465 2038 1519 quid-

668 1545 787 1584 quam
803 1530 1016 1572 inlicitum.
1036 1532 1110 1572 Per
1135 1531 1385 1585 quatriduum
1407 1531 1608 1571 Cremona
1634 1529 1802 1570 suffecit.
1831 1528 1934 1568 Cum
1948 1543 2037 1569 om-

665 1594 731 1634 nia
765 1594 872 1634 sacra
903 1594 1146 1650 profanaque
1182 1595 1223 1633 in
1253 1595 1347 1649 igne
1373 1593 1622 1635 confiderent
1638 1621 1652 1642 ,
1685 1591 1815 1632 solum
1839 1592 2036 1647 Mephitis

665 1655 862 1711 templum
878 1662 895 1685 4
917 1659 1019 1698 stetit
1038 1670 1129 1698 ante
1149 1658 1297 1697 moenia
1311 1687 1324 1707 ‚
1343 1656 1438 1698 loco
1452 1686 1464 1707 ,
1486 1656 1554 1696 seu
1573 1656 1735 1696 numine
1749 1684 1761 1705 ,
1785 1654 2006 1695 defensum.

687 199 768 243 176

727 1720 928 1761 XXXIV.
962 1721 1061 1761 H1c
1083 1721 1210 1760 exitus
1226 1720 1455 1770 Cremonae,
1474 1734 1578 1760 anno
1593 1731 1819 1758 cctxxxv1.
1834 1732 1854 1758 a
1870 1719 2038 1773 primor-
2055 1749 2059 1753 .

665 1783 732 1824 dio
754 1783 824 1823 sui.
847 1782 1022 1824 Condita
1041 1796 1123 1824 erat
1140 1787 1152 1814 5
1173 1783 1238 1823 Ti.
1256 1784 1498 1839 Sempronio
1515 1786 1556 1823 ὅ(
1576 1780 1770 1822 Cornelio
1786 1779 2035 1832 consulibus,

706 1896 715 1910 ¹
746 1892 906 1922 Cuomm
936 1901 1148 1928 annumque
1170 1896 1182 1927 ]
1213 1891 1260 1922 De
1286 1891 1331 1922 his

669 1930 743 1960 vide
761 1930 841 1960 dicta
856 1929 929 1960 Hist.
948 1931 979 1967 1,
1004 1942 1054 1968 49.

704 1975 717 1988 2
739 1972 832 2001 Viti-:s
855 1981 896 1998 AD
920 1974 1079 2004 rRAEDAM]
1101 1969 1185 2000 Viles
1198 1969 1332 2000 erantad

667 2009 816 2048 praedam‚
839 2008 924 2047 quod
943 2011 984 2039 ob
1007 2009 1125 2039 senium
1142 2010 1175 2040 &
1197 2011 1332 2039 exaaam

668 2056 788 2078 aetatem
799 2071 807 2082 ‚
821 2056 854 2077 ut
863 2056 963 2077 cetera
972 2048 1125 2086 mancipia
1137 2071 1146 2084 ‚
1159 2048 1253 2078 vendi
1266 2058 1332 2078 non

666 2095 820 2157 poterant.
835 2087 911 2117 Inde
927 2097 980 2117 eos
999 2087 1033 2116 in
1047 2086 1216 2118 ludibrium
1235 2087 1333 2118 trahe-

691 2134 754 2156 ant.

704 2170 716 2191 Ξ
739 2166 772 2194 Iu
795 2175 928 2195 nurum-1
951 2166 1147 2202 numerem]
1162 2165 1257 2202 Quod
1269 2174 1333 2195 om-

665 2213 719 2234 nes
739 2203 922 2234 libidinibus
941 2204 1121 2243 flagrarent,
1139 2205 1333 2243 praedamque

667 2243 857 2273 inviderent.

707 2287 721 2306 4
742 2283 895 2312 Meri-uris
917 2281 1242 2319 rmnum]Mephitis
1255 2305 1263 2317 ‚
1277 2281 1333 2312 dea

668 2321 701 2350 in
713 2321 791 2351 locis
801 2344 810 2357 ,
826 2328 922 2351 tetros
935 2321 1100 2351 lethalesve
1111 2321 1228 2358 spiritus
1241 2320 1331 2350 exha-

667 2360 803 2390 lantibus
817 2383 825 2395 ‚
842 2359 933 2389 culta.
955 2359 1049 2389 Aliud
1074 2358 1134 2389 fuit
1166 2360 1229 2397 ejus
1257 2367 1333 2389 tem-

666 2399 770 2436 plum,
786 2399 824 2428 de
841 2409 904 2436 quo
920 2398 1034 2428 Plinius
1054 2399 1101 2435 11,
1115 2408 1166 2435 93.
1186 2398 1220 2427 In
1236 2397 1332 2434 Hirpi-

666 2437 711 2468 nis
722 2438 859 2478 Amfinffl
869 2461 880 2477 ‚
904 2436 940 2467 ad
954 2437 1088 2475 Mephitis
1106 2437 1208 2476 cedem,
1225 2436 1310 2467 locum
1321 2459 1332 2475 ‚
1347 2464 1353 2471 ,

1372 1891 1503 1930 (potius
1525 1891 1631 1925 lacurn,
1655 1889 1709 1930 qui
1735 1888 1893 1928 hodieque
1916 1886 2035 1925 sulphu-

1372 1941 1440 1961 reus
1453 1929 1687 1969 teterrimusque
1702 1929 1760 1963 est,
1781 1929 1815 1959 ὃς
1825 1927 1953 1963 dicitur,
1972 1926 2035 1965 lago

1372 1969 1490 2008 Muftri)
1506 1980 1580 2008 quem
1589 1970 1631 2007 qui
1648 1969 1786 1997 intravere
1797 1968 1956 1996 moriuntur.
1970 1966 2035 1995 Hir·

1371 2009 1457 2047 pini,
1476 2019 1558 2039 nunc
1577 2007 1604 2036 la
1624 2007 1803 2042 Principum&
1823 2006 1973 2036 ulre'rieure.
1988 2005 2036 2035 De

1371 2056 1452 2079 tetro
1474 2058 1589 2086 vapore
1606 2045 1703 2077 fontis
1723 2045 1865 2083 filvaeque
1886 2045 2036 2075 Albuneae

1372 2087 1450 2118 dixit
1469 2087 1634 2126 Virgilius,
1651 2084 1772 2116 AEneid.
1788 2086 1844 2115 Vll
1855 2108 1863 2121 ‚
1879 2086 1928 2121 84.

1537 2145 1671 2177 Saevamque
1684 2144 1777 2168 exhalst
1787 2151 1857 2176 opaca
1873 2143 1990 2175 mephitim

1372 2203 1436 2233 Cui·
1460 2210 1563 2233 autem
1592 2201 1737 2240 Mephitis
1764 2201 1918 2231 coleretur
1943 2199 2036 2231 docet

1372 2241 1486 2271 Plinius
1508 2243 1554 2273 11,
1582 2252 1611 2278 7.
1625 2241 1750 2270 Numina
1762 2238 1972 2269 innumerabilia
1989 2249 2036 2267 re-

1369 2281 1505 2317 perimus.-
1531 2279 1627 2316 inferis
1659 2290 1739 2318 noque
1757 2280 1785 2308 in
1797 2288 1900 2318 genera
1917 2277 2035 2315 descrip-

1371 2320 1408 2348 ris
1420 2343 1428 2355 ,
1451 2319 1594 2358 morbiflnoe
1607 2343 1616 2355 ‚
1682 2318 1774 2347 multis
1789 2319 1871 2347 etiam
1891 2316 2004 2353 pestibus
2019 2339 2030 2353 ‚

1371 2358 1433 2386 dum
1447 2359 1493 2397 effe
1506 2355 1634 2395 pldcaras
1653 2357 1755 2394 trepido
1769 2367 1838 2386 meru
1856 2356 1985 2392 capimur.

1411 2402 1419 2423 5
1445 2398 1591 2427 Conon-A
1615 2397 1722 2432 ERAT]
1743 2397 1792 2426 Ne
1818 2395 1860 2425 ita
1883 2394 2036 2433 accipias,

1370 2435 1454 2476 quali
1471 2444 1544 2469 tunc
1559 2435 1655 2468 condi
1668 2443 1768 2475 coepta
1786 2436 1962 2466 Cremona:
1985 2433 2036 2463 sed

1825 2479 2038 2533 ingruente

2100 535 2123 575 5

2074 850 2126 879 10

2073 1161 2125 1200 15,

2066 1476 2125 1503 20

2064 1797 2118 1836 25
