2209 3047
293 183 766 231 HISTORIARUM
797 183 994 226 LIBER
1034 184 1356 240 QUARTUS.

1452 199 1539 235 229

151 269 280 311 Varus
302 276 311 292 ¹
330 270 497 324 ignaviae
514 268 762 322 infamiaeque
782 267 856 307 suae
883 264 1090 322 superfuit.
1106 266 1302 308 Asiaticus
1319 268 1427 308 enirn
1452 271 1466 289 ²
1487 266 1539 309 li-

151 332 286 375 bertus
303 332 447 374 malam
463 333 687 388 potentiam
699 329 832 371 servili
848 327 1048 385 supplicio
1067 333 1077 355 ³
1097 331 1287 384 expiavit.

217 397 286 437 XI
294 397 326 437 I.
360 396 534 436 IISDEM
557 394 694 435 diebus
707 423 721 444 ,
742 392 1059 434 crebrescentem
1077 390 1200 432 cladis
1220 394 1469 435 Germanicae
1486 393 1539 436 fa·
1589 424 1611 448 J·
1625 424 1655 448 C,

153 474 259 500 mam
273 489 286 510 ,
312 473 561 513 nequaquam
576 458 703 497 maesta
719 457 860 497 civitas
875 454 1121 512 excipiebat:
1146 471 1167 491 «
1182 456 1299 497 caesos
1316 451 1514 499 exercitus
1524 487 1538 508 ‚

99 533 126 576 5
153 539 174 560 >2
187 536 303 579 capta
318 521 528 577 legionum
543 521 729 570 hiberna,
749 519 954 560 descivisse
969 516 1123 559 Gallias
1139 535 1161 555 »
1170 547 1184 568 ,
1204 534 1286 559 non
1300 532 1345 559 ut
1361 520 1463 562 mala
1478 520 1539 562 lo-

153 586 389 640 quebantur.
403 585 450 625 Id
465 583 618 625 bellum
633 582 775 636 quibus
791 582 913 623 causis
938 596 1070 623 ortum
1084 610 1097 631 ,
1121 594 1271 635 quanto
1287 595 1540 625 externarum

153 649 431 703 sociarumque
446 648 628 702 gentium
645 659 760 686 motu
775 645 1002 700 flagraverit
1014 675 1027 696 ,
1053 643 1169 686 altius
1185 645 1407 701 expediam.
1424 646 1542 688 Bata-

153 713 196 753 vi
208 741 223 763 ,
247 712 380 753 donec
394 724 500 752 trans
516 711 709 751 Rhenum
723 709 894 764 agebant
906 739 919 759 ,
944 723 1031 765 pars
1048 707 1262 749 Cattorum
1283 713 1321 748 4:
1345 709 1540 751 seditione

152 773 367 816 domestica
387 779 399 805 5
418 772 516 829 pulsi
528 803 542 824 ,
567 786 744 814 extrema
765 771 932 812 Gallicae
950 787 1025 812 01ae
1038 801 1051 823 ,
1076 787 1203 812 vacua
1219 770 1440 813 cultoribus
1453 801 1466 823 ,
1493 773 1541 811 si-

70 843 127 885 {10
151 836 317 892 mulque
334 835 501 877 insulam
515 866 528 887 ,
553 837 656 877 inter
672 835 773 877 vada
794 835 904 876 fitam
924 834 941 856 ⁶
954 865 968 886 ,
994 849 1245 891 occupavere
1258 864 1272 886 ,
1299 850 1415 890 quam
1432 850 1541 877 mare

151 902 343 943 Oceanus
359 905 373 928 ⁷
389 915 409 940 a
424 899 556 940 fronte
567 930 577 949 ‚
592 901 762 940 Rhenus
777 899 903 939 amnis
917 911 1074 954 tergum
1091 913 1137 939 ac
1152 896 1275 940 latera
1289 897 1541 946 circumluit3

152 979 228 1006 nec
243 963 384 1020 opibus
401 964 597 1004 Romanis
611 993 624 1013 ‚
649 963 842 1003 societate
864 960 1131 1013 validiorum,
1155 963 1304 1012 attriti,
1326 964 1433 1004 viros
1455 976 1543 1004 tan-

149 1031 236 1068 tum
253 1041 439 1081 armaque
456 1023 470 1048 ⁸

488 1027 657 1082 imperio
677 1027 914 1067 ministrant:
941 1025 1010 1066 diu
1027 1027 1280 1067 Germanicis
1298 1023 1412 1067 bellis
1430 1041 1542 1067 exer-

151 1092 239 1132 citi:
261 1105 359 1131 mox
375 1091 486 1130 anua
501 1105 570 1146 per
582 1090 829 1132 Britanniam
845 1094 860 1118 9
878 1087 1028 1143 gloria,
1041 1088 1265 1130 transmissis
1281 1087 1379 1130 illuc
1397 1091 1540 1130 cohor-

76 1164 90 1189 ¹
101 1160 124 1202 5
150 1153 282 1205 tibus,
305 1168 399 1208 quas
422 1167 557 1194 vetere
578 1154 784 1203 instituto,
812 1150 1040 1194 nobilissimi
1060 1151 1314 1209 popularium
1332 1152 1539 1207 regebant.

150 1217 247 1260 Erat
273 1222 315 1259 ὃς
342 1217 454 1259 domi
483 1214 657 1258 dele&us
687 1231 832 1271 eques,
859 1216 1060 1273 praecipuo
1090 1215 1211 1257 nandi
1240 1215 1396 1267 studio,
1431 1232 1542 1259 arma.

192 1352 201 1365 ¹
224 1347 387 1377 Atpnmus
407 1346 549 1382 Vanus]
577 1344 718 1376 Praetorii
743 1354 824 1384 quo-

149 1395 212 1426 que
233 1386 400 1424 praefectus.
418 1386 571 1419 Hist.111‚
594 1388 642 1421 36.

189 1428 200 1442 ²
224 1428 393 1456 Asia-fleus
415 1435 494 1454 amm
513 1425 530 1460 ]
556 1423 655 1453 Forte
683 1421 825 1462 Asiaticus

149 1472 251 1494 autem.
282 1464 330 1494 De
359 1464 421 1494 hoc
449 1463 536 1495 foedo
568 1462 727 1502 mancipio
750 1462 824 1493 vide

148 1503 224 1535 Hist.
240 1504 289 1539 ΙΙ,
314 1512 353 1543 57
368 1504 403 1534 ὃ(
417 1513 467 1542 95.

191 1548 200 1569 ³
224 1544 355 1574 Szavm
377 1543 567 1579 supparem]
593 1541 689 1580 Supra
711 1539 823 1572 Annal.

152 1583 198 1613 Ill
212 1606 221 1619 ,
245 1593 292 1622 50.
304 1582 339 1613 &
350 1583 408 1613 XV
421 1605 429 1619 ‚
443 1586 491 1612 60.

190 1626 206 1646 4
226 1623 306 1652 PARS
329 1622 537 1658 Cli-tronum]
550 1621 596 1651 De
614 1620 725 1660 quibus
735 1619 824 1657 plura

148 1660 233 1732 {nfra
254 1661 292 1691 de
311 1660 453 1692 Moribus
486 1661 635 1691 German.
657 1660 772 1690 XXIX.
790 1659 824 1690 ὃ(

166 1711 181 1732 e
208 1724 214 1730 .

184 1710 398 1771 ‘isflmrxomz
426 1750 610 1771 DOMESTICA
633 1743 644 1774 ]
675 1741 824 1777 Quonam

150 1787 294 1818 tempore
307 1779 369 1810 haec
386 1779 497 1810 seditio
515 1779 682 1810 domestica
693 1800 702 1814 ,
721 1780 753 1809 ὅ(
767 1778 824 1808 mi-

151 1819 252 1859 gratio
270 1818 463 1863 contigerint
475 1819 717 1858 incompertum.
731 1818 824 1848 Certe

151 1859 208 1890 diu
224 1867 296 1890 ante
312 1858 386 1889 Julii
403 1858 527 1889 Caesaris
550 1867 706 1896 tempora,
723 1865 755 1887 ut
768 1858 824 1888 ob-

152 1898 253 1930 servat
268 1898 316 1929 CI.
332 1898 441 1938 Alting
452 1921 462 1936 ,
478 1898 571 1928 Notit.
584 1897 677 1926 Germ.
692 1897 743 1935 inf.
756 1907 823 1936 pag.

154 1938 321 2008 14⁶8iu¹rsiin
344 1988 435 2022 vain.
457 1988 553 2022 sini«
572 1978 586 2014 ]
614 1976 703 2008 Unde
734 1985 824 2011 eam,

147 2016 295 2056 palustrem
326 2016 501 2056 humilemque
530 2017 663 2055 insulam,
688 2016 825 2054 appellat

152 2055 280 2087 Tacitus
295 2056 370 2086 Hist.
389 2059 437 2093 V,
454 2067 503 2094 23.
526 2057 573 2087 De
589 2056 649 2096 qua
671 2056 733 2093 jam
760 2054 826 2084 dic-

152 2104 221 2127 tum
237 2096 348 2125 Annal.
360 2096 388 2124 ΙΙ
399 2119 407 2132 ,
421 2099 452 2125 6.
471 2095 598 2126 Mutatis
609 2094 804 2133 temporibus
816 2117 824 2130 ‚

152 2142 271 2166 murata
295 2134 398 2164 insulae
421 2134 523 2166 forma
545 2145 579 2166 ac
593 2135 738 2172 fortuna;
753 2144 826 2164 auc-

154 2173 519 2251 tdiluiiiiessporcssffiff']
547 2214 629 2243 Mau·
649 2213 722 2244 libri
749 2212 826 2243 editi

154 2263 230 2283 mare
253 2252 405 2282 Oceanum,
424 2253 504 2284 Vide
532 2254 630 2283 Notas
651 2254 685 2284 ὅ(
714 2253 827 2283 Emen—

135 2292 301 2324 -dationes
320 2292 357 2322 ad
374 2292 448 2322 Hist.
470 2294 530 2329 IV,
554 2302 598 2321 ιι.

193 2331 206 2351 ⁸
238 2334 341 2364 νικος
372 2342 501 2362 Taurum
525 2342 677 2366 ARMAQUF.
701 2332 714 2368 ]
743 2332 827 2361 Bene

155 2370 244 2401 otho
265 2370 388 2402 Vaenius
405 2381 412 2400 :
436 2371 514 2400 Inter
533 2380 636 2400 ceteros
662 2370 752 2407 populi
772 2370 829 2399 Ro-

157 2410 327 2448 nzanifficios
350 2410 501 2447 principem
513 2409 602 2447 facile¹
615 2409 701 2439 locum
719 2409 779 2438 olim
792 2419 830 2439 re-

159 2447 262 2480 nebant
275 2448 378 2482 Batavi
389 2460 403 2487 ,·
418 2450 512 2490 quippe
531 2450 575 2490 qui
599 2459 649 2480 nec
670 2448 763 2489 opibus
775 2449 830 2481 Ro-

864 1344 973 1382 manis,
993 1354 1042 1374 nec
1055 1343 1354 1384 validiorumsbcietate
1365 1365 1374 1379 ‚
1390 1351 1421 1373 ut
1437 1344 1537 1382 ceteri,

865 1394 1048 1413 attererentur
1060 1397 1069 1412 :
1080 1383 1240 1423 ftdfoedere
1256 1395 1313 1414 cum
1325 1384 1458 1413 Romanis
1475 1384 1536 1412 ini-

865 1432 890 1452 to
901 1447 909 1461 ‚
924 1424 1095 1463 infin-iorum
1109 1434 1248 1453 numerum
1269 1424 1369 1461 relati,
1386 1434 1402 1452 α
1416 1422 1534 1462 1165?ng-

865 1462 1097 1502 libus‚servitio,
1112 1464 1234 1503 omnique
1252 1464 1348 1493 tributi
1371 1463 1478 1491 nomine
1488 1464 1538 1491 im-

864 1513 978 1535 munes,
992 1502 1045 1542 fidi
1069 1501 1181 1531 militum
1204 1502 1333 1539 delecisti,
1352 1512 1538 1540 armorumque

856 1541 1071 1580 ficppedirationi
1092 1541 1201 1571 obnoxii
1223 1552 1313 1573 erant.
1332 1543 1409 1572 Inde
1432 1542 1536 1572 lauda-

864 1590 911 1612 tus
932 1581 1019 1612 Otho
1035 1582 1176 1617 Vaenius,
1193 1581 1308 1620 pictor,
1326 1582 1397 1612 artis
1418 1581 1474 1611 suae
1484 1581 1535 1611 fa-

865 1620 914 1650 ma
928 1620 1046 1651 nobilis
1059 1644 1068 1656 ‚
1087 1621 1121 1651 ὃς
1134 1621 1286 1660 discipulo
1306 1622 1359 1651 suo
1378 1623 1409 1651 P.
1426 1621 1456 1650 P.
1474 1622 1538 1651 Ru-

864 1661 940 1691 bens
969 1660 1173 1691 nobilissimus
1191 1684 1199 1697 ,
1224 1661 1385 1691 materiam
1412 1660 1475 1690 sum
1500 1660 1536 1691 fit

865 1699 925 1730 hoc
945 1699 1111 1729 Batavorum
1126 1710 1183 1729 cum
1201 1699 1332 1729 Romanis
1342 1699 1437 1729 bellum
1448 1723 1457 1736 ‚
1486 1700 1537 1730 use

864 1750 881 1770 a
901 1740 1014 1771 Tacito
1028 1740 1061 1770 in
1077 1739 1279 1771 Historiarum
1294 1739 1381 1770 libris
1399 1741 1439 1770 IV
1456 1740 1490 1770 &
1509 1742 1538 1770 V

865 1779 1071 1817 descriptum,
1090 1780 1203 1810 tabulis
1225 1780 1352 1819 triginta
1365 1779 1415 1809 sex
1439 1778 1539 1817 expri-

864 1819 994 1855 mendi,
1013 1829 1086 1857 quas
1106 1819 1262 1849 Antonius
1284 1818 1446 1857 Ternpesta
1476 1828 1535 1848 aere

865 1858 987 1889 incidit.
1007 1859 1076 1889 Illas
1093 1858 1113 1888 fi
1134 1858 1323 1897 inspexerint
1340 1859 1374 1888 ὃς
1395 1867 1465 1888 cum
1476 1858 1537 1888 Ta-

864 1897 919 1928 citi
940 1898 1117 1928 narratione
1135 1898 1327 1928 contulerint
1340 1897 1399 1927 viri
1421 1896 1535 1927 artium

866 1937 1087 1977 literarumque
1128 1937 1219 1976 periti
1234 1961 1242 1974 ‚
1283 1945 1379 1967 artem
1409 1936 1538 1976 quidem

866 1977 1002 2008 Othonis
1010 1977 1108 2007 Vaenii
1118 1977 1289 2007 laudabunt
1302 2001 1310 2014 ‚
1324 1975 1472 2006 Tacitum
1485 1986 1537 2006 ve-

866 2018 900 2047 ῐὸ
917 2017 1111 2056 summopere
1124 2016 1302 2055 suspicient,
1312 2016 1346 2047 &
1360 2016 1447 2055 quod
1458 2016 1543 2045 mul-⁷

866 2056 903 2086 tis
923 2056 991 2086 aliis
1006 2056 1194 2095 argumentis
1207 2055 1402 2086 manifestum
1415 2077 1424 2090 ,
1443 2063 1537 2094 arque

867 2106 920 2126 ore
934 2095 1076 2126 omnium
1089 2096 1149 2133 jam
1168 2095 1382 2134 pervulgatum
1395 2095 1452 2131 est,
1465 2105 1536 2125 eum

866 2135 1011 2164 maximum
1056 2135 1231 2173 antiquitatis
1266 2135 1390 2171 piflorem
1423 2134 1533 2173 praedi-

868 2176 992 2205 cabunt.
1020 2174 1161 2205 Vaeniani
1194 2182 1296 2204 autem
1320 2173 1421 2213 operis
1440 2197 1448 2209 ‚
1480 2183 1535 2211 pro

867 2214 917 2244 sua
930 2214 1122 2244 humanitate
1134 2238 1142 2250 ,
1152 2213 1346 2245 &immensis
1357 2236 1365 2248 ,
1378 2213 1489 2252 quibus
1503 2212 1537 2241 in

866 2253 927 2283 hoc
945 2253 1166 2290 praeclarissimo
1179 2253 1290 2283 arrium
1300 2263 1411 2292 genere
1424 2253 1539 2282 exube-

867 2301 913 2323 rat
925 2292 1036 2331 opibus
1047 2317 1056 2330 ‚
1073 2293 1197 2331 copiam
1210 2292 1304 2323 nobis
1316 2292 1392 2322 fecit
1409 2292 1456 2321 Cl.
1474 2292 1536 2320 Ma-

868 2332 975 2369 riette;
993 2331 1048 2362 hac
1073 2332 1104 2361 in
1125 2343 1174 2368 re,
1190 2340 1223 2362 ur
1240 2332 1272 2361 in
1289 2331 1356 2362 aliis
1378 2330 1535 2369 plurimis„

868 2371 906 2402 de
922 2371 1030 2402 nostris
1042 2371 1146 2402 studiis
1159 2371 1278 2410 optime
1293 2370 1429 2401 meritus.

908 2417 920 2435 9
944 2412 1004 2441 PER
1027 2412 1265 2446 Baimnmsxm]
1289 2411 1368 2440 Vide
1392 2408 1466 2438 Hist.
1491 2408 1547 2444 112.

869 2461 918 2491 27.
932 2450 966 2485 ὃς
976 2450 1041 2483 vit.
1055 2450 1157 2491 Agric.
1170 2451 1273 2484 xvnl
1286 2451 1320 2484 ὃς
1337 2449 1482 2481 XXXVI.

1564 283 1680 299 π

1565 322 1595 347 A.
1604 324 1634 346 U.
1648 323 1680 346 C.

1585 369 1657 398 822.

1594 472 1646 504 69.
