2209 3047
303 159 784 204 HISTORIARUM
826 159 1022 202 LIBER
1064 160 1384 216 QUARTUS.
1476 176 1557 212 241

175 240 284 293 quod
306 242 345 281 in
366 257 463 297 pace
478 273 490 292 ,
520 260 541 280 «
566 243 646 284 fors
671 250 681 265 ¹
708 260 753 294 2),
779 243 846 284 seu
870 260 891 279 «
910 254 1050 282 natura
1072 257 1115 288 »ς
1138 256 1234 283 tunc
1258 260 1278 279 α
1302 244 1426 283 fatum
1448 243 1560 283 &ira

173 318 195 339 ³2
207 303 270 343 dei
294 322 337 354 »,
359 305 592 346 vocabatur.
613 306 794 360 Ingressis
818 305 1040 347 Novefium
1061 309 1074 325 ²
1089 334 1102 354 ,
1128 305 1395 346 sextadecima
1417 305 1526 360 legio
1544 311 1554 333 ³

175 365 448 421 conjungitur.
471 368 643 409 Additus
664 367 831 409 Voculae
866 370 908 407 in
932 380 1082 424 partem
1105 382 1287 407 curarum
1326 370 1556 410 Herennius

175 428 344 479 Gallus,
372 429 526 485 legatus
555 436 600 471 4:
630 446 706 472 nec
736 431 813 471 aufi
845 431 895 472 ad
922 432 1074 472 hostem
1100 445 1264 485 pergere
1287 460 1299 480 ,
1330 431 1425 472 loco
1445 461 1457 481 ,
1492 433 1558 472 cui

118 499 140 538 5
173 491 360 533 Gelduba
383 498 395 524 5
422 508 570 534 nomen
592 495 671 544 est,
709 495 828 534 castra
854 494 998 534 fecere.
1027 492 1090 533 Ibi
1114 492 1294 533 struenda
1323 496 1408 533 acie
1427 523 1440 543 ,
1473 509 1555 535 mu-

170 555 320 595 niendo
346 554 613 610 vallandoque
625 586 638 606 ,
659 560 700 597 &
717 558 858 597 ceteris
874 555 972 597 belli
992 556 1286 596 meditamentis
1303 555 1473 595 militem
1488 558 1556 596 fir-

168 617 343 658 mabant.
364 620 495 673 thue
515 616 642 675 praeda
658 619 707 660 ad
727 621 917 660 virtutem
942 619 1253 669 accenderetur,
1285 620 1326 658 in
1347 620 1555 674 proximos

168 682 454 735 Gugernorum
475 681 492 703 ⁶
510 697 656 737 pagos,
678 684 745 736 qui
764 683 999 723 societatem
1017 681 1159 723 Civilis
1181 694 1440 737 acceperant,
1462 682 1555 722 duc-

166 756 230 783 tus
253 759 275 783 a
294 744 455 784 Vocula
476 745 687 785 exercitus.
707 746 799 786 Pars
820 761 913 786 cum
935 746 1146 786 Herennio
1175 744 1299 785 Gallo
1332 744 1554 800 permansit.

230 804 434 847 XXVII.
467 808 634 848 FORTE
659 823 828 858 navem,
865 808 971 849 haud
998 807 1141 863 procul
1165 809 1322 857 castris,
1349 807 1553 847 frumento

166 883 356 923 gravem,
382 872 473 910 cum
495 885 566 926 per
587 871 687 912 vada
708 871 893 921 haefiffet,
920 872 1114 912 Germani
1134 871 1177 910 in
1196 871 1305 911 suam
1326 872 1453 926 ripam
1476 883 1554 911 tra-

111 981 114 985 .
166 931 329 972 hebant.
351 934 451 974 Non
471 932 565 974 tulit
581 932 744 985 Gallus,
765 935 946 988 misitque
967 933 1136 975 subfidio
1159 936 1384 974 cohortem.
1403 934 1555 975 Auitus

168 998 209 1035 &
233 996 528 1037 Germanorum
549 1012 762 1048 numerus,
787 997 1074 1054 paullatimque
1098 997 1407 1052 aggregantibus
1430 997 1468 1037 se
1491 1011 1554 1036 au-

164 1056 272 1099 xiliis
283 1088 297 1109 ,
318 1061 403 1100 acie
427 1074 635 1101 certatum.
660 1062 878 1111 Germani,
898 1059 1023 1100 multa
1043 1075 1135 1101 cum
1156 1062 1279 1114 strage
1300 1061 1523 1101 nostrorum
1540 1089 1554 1111 ,

88 1135 136 1174 15
167 1135 311 1161 navem
332 1121 545 1178 abripiunt.
566 1124 673 1165 Vitii
695 1128 707 1174 (
730 1124 837 1177 quod
870 1138 956 1164 tum
988 1125 1029 1163 in
1064 1138 1218 1164 morem
1240 1136 1413 1164 verterat
1434 1127 1445 1172 )
1470 1138 1554 1164 non

167 1183 276 1225 suam
299 1185 526 1239 ignaviam,
553 1185 620 1226 sed
645 1187 848 1242 perfidIam
873 1185 997 1241 legati
1019 1191 1034 1213 ⁷
1057 1185 1284 1242 culpabant.
1308 1187 1556 1227 Prorrafifflm

166 1261 190 1287 e
222 1250 428 1298 tentorio,
454 1247 571 1289 scissa
594 1251 725 1299 veste,
754 1250 963 1290 verberato
997 1264 1194 1305 corpore,
1228 1266 1249 1286 «
1273 1264 1352 1303 quo
1382 1251 1511 1305 pretio
1539 1277 1553 1300 ,

165 1310 340 1364 »quibus
365 1311 537 1352 consciis
551 1342 563 1362 ,
589 1313 819 1368 prodidisset
841 1314 1064 1354 exercitum
1086 1330 1130 1362 ι),
1152 1312 1286 1353 dicere
1304 1311 1457 1364 jubent.
1475 1314 1554 1353 Re-

166 1372 225 1413 dit
243 1375 284 1413 in
298 1374 583 1415 Hordeonium
606 1376 769 1416 invidia.
791 1374 913 1416 Illum
936 1393 958 1412 «
978 1377 1181 1424 auctorem
1204 1374 1362 1416 sceleris
1383 1393 1426 1425 »,
1441 1377 1551 1417 hunc

80 1446 137 1474 20
171 1452 193 1473 «
209 1437 428 1477 ministrum
444 1455 465 1475 »
486 1452 657 1480 vocant:
682 1439 815 1481 donec
831 1440 998 1480 exitium
1020 1438 1296 1480 minitantibus
1313 1440 1522 1480 exterritus
1536 1468 1551 1489 ,

170 1515 194 1536 ‹<
217 1500 488 1555 proditionem
510 1519 532 1539 >2
556 1506 598 1543 ὅ(
622 1502 705 1558 ipse
729 1503 970 1544 Hordeonio
998 1500 1169 1553 objecit:
1197 1502 1454 1556 viiiffilsque,
1481 1501 1552 1542 ad-

164 1576 289 1603 ventu
308 1563 470 1604 demum
493 1564 660 1607 Voculae
681 1564 912 1606 exsolvitur.
935 1566 972 1606 Is
995 1563 1148 1621 postera
1170 1565 1258 1614 die,
1287 1567 1464 1606 auclores
1488 1565 1549 1606 se-

164 1624 327 1667 ditionis
356 1640 484 1667 morte
511 1627 672 1668 adfecit.
689 1628 819 1669 Tanta
837 1627 898 1668 illi
919 1630 1115 1670 exercitui
1139 1628 1338 1668 diversitas
1359 1630 1485 1668 inerat
1501 1626 1550 1667 li-

164 1690 302 1729 centiae
315 1719 328 1740 ,
354 1691 644 1746 patientiaeque.
667 1692 789 1732 Haud
822 1690 942 1732 dubie
966 1693 1168 1746 gregarius
1198 1690 1340 1741 miles,
1374 1689 1548 1733 Vitellio

80 1759 133 1799 25
163 1751 284 1792 fidus:
308 1752 636 1808 splendidissimus
667 1755 858 1809 quisque,
888 1755 930 1794 in
967 1755 1251 1810 Vespasianum
1285 1755 1424 1810 proni:
1456 1753 1550 1794 inde

161 1813 358 1855 scelerum
379 1832 425 1857 ac
444 1815 734 1872 suppliciorum
754 1819 862 1858 vices
876 1847 889 1867 ,
911 1821 951 1858 ὅ(
975 1819 1123 1858 mixtus
1142 1816 1334 1871 obsequio
1352 1817 1483 1858 furor:
1505 1828 1551 1856 ut

91 816 141 844 10

205 1904 214 1919 ¹
239 1901 336 1937 Quor)
360 1912 390 1931 m
411 1912 486 1932 PAcE
510 1912 586 1932 Fons
609 1906 620 1936 ]
649 1903 718 1932 Nec
746 1901 836 1932 aliter
876 1909 924 1931 tus
956 1899 1092 1939 legionis
1130 1899 1254 1939 primae,
1288 1900 1326 1929 ab
1361 1898 1552 1930 Hordeonio

164 1938 287 1969 Tullius
310 1939 348 1969 de
374 1939 579 1971 Divinatione
602 1942 654 1977 11,
681 1951 741 1978 27,
765 1943 836 1970 cum
876 1941 990 1970 Flacco
1013 1940 1134 1970 additus
1158 1940 1198 1969 est
1219 1939 1347 1972 Voculae
1374 1938 1407 1969 in
1431 1947 1551 1978 partem

165 1977 250 2008 varia
267 1978 410 2018 prodigia
434 1980 645 2010 memorasset:
672 1980 760 2018 Atque
779 1979 836 2008 haec

166 2016 196 2045 in
213 2015 369 2054 belloplura
388 2017 417 2047 Er
433 2020 537 2057 majora
564 2019 691 2048 videmur
712 2019 837 2048 timenti-

168 2054 237 2084 bus:
257 2055 349 2085 eadem
373 2067 426 2086 ηοη
453 2068 509 2087 tam
529 2058 787 2088 animadvertuntur
808 2058 837 2087 in

165 2103 245 2132 pace.
266 2095 383 2125 Accedit
402 2096 469 2126 illud
483 2098 564 2127 etiam
579 2097 646 2136 qudd
666 2098 695 2127 in
717 2107 788 2126 metu
808 2096 837 2126 {r

164 2133 304 2171 periculo,
319 2136 378 2164 cum
394 2136 540 2166 creduntur
555 2136 673 2174 facilius
684 2161 692 2174 ,
716 2136 839 2175 tumfin-

164 2182 271 2243 ᾕιινίιὶηιί
289 2173 436 2243 igzpunifts.
452 2176 531 2207 Vide
544 2178 579 2208 ὃς
592 2176 739 2208 Tacitum
752 2176 839 2215 supra

200 2223 208 2242 ι
236 2234 242 2241 .
277 2233 286 2246 ‚
321 2217 350 2243 6.

209 2256 222 2270 ²
245 2252 555 2290 N0v2s1um]Nunc
568 2255 660 2289 Nais,
671 2263 723 2286 aut
738 2262 772 2284 ut
786 2253 839 2284 alii

128 2300 132 2305 ·
169 2290 307 2322 scribunt
319 2315 327 2327 ‚
346 2292 446 2331 Neuff,
460 2296 523 2329 pres
535 2293 700 2334 Duſjeldorf.

211 2335 220 2356 3
243 2332 474 2362 Sexmofcma
496 2336 617 2372 ιεοιο]
638 2334 736 2372 Cujus
750 2332 842 2363 castra

171 2377 257 2400 erant
273 2369 415 2400 Novefii.

875 1989 1029 2010 curarum.

919 2025 927 2046 5
952 2018 1130 2054 GEtDunA]
1155 2018 1245 2047 Haud
1271 2017 1380 2055 procul
1408 2016 1550 2047 Novefio

877 2066 941 2088 erat
963 2057 1125 2094 Gelduba,
1142 2056 1238 2088 hodie
1257 2056 1327 2086 Gelb
1339 2078 1347 2093 ,
1363 2057 1414 2086 vel
1432 2056 1455 2085 le
1467 2056 1552 2096 bourg

878 2097 909 2126 de
930 2096 1046 2126 Geloub.

918 2137 931 2156 ⁶
954 2136 1182 2165 Goon-anorum
1207 2135 1221 2171 ]
1251 2134 1391 2173 Gugerni
1428 2134 1551 2172 origine

878 2175 1066 2205 Germanicia
1076 2198 1083 2209 ,
1095 2174 1176 2204 inter
1189 2175 1286 2205 Ubios
1298 2174 1493 2212 Batavosque
1505 2174 1551 2202 in-

878 2214 1012 2252 terjecti,
1029 2222 1179 2244 terrarum
1200 2222 1316 2252 partem
1334 2214 1552 2251 occupabant,

901 2264 953 2284 uas
968 2264 1050 2284 nunc
1064 2252 1196 2282 dicimus
1206 2276 1214 2289 ,
1230 2253 1321 2289 partie
1332 2252 1378 2282 des
1390 2252 1504 2281 Duche's
1518 2249 1552 2279 de

905 2293 977 2322 leves
1000 2292 1030 2322 [³⁹
1053 2291 1085 2321 de
1105 2290 1245 2330 Gueldre‚
1267 2301 1345 2322 entre
1366 2292 1390 2321 le
1420 2290 1492 2320 Rhin
1521 2289 1553 2319 ὓ*

879 2332 905 2361 [α
921 2331 1025 2370 Mense.

918 2378 930 2397 ⁷
955 2373 1103 2406 Luem-1]
1120 2370 1271 2402 Herennii
1295 2369 1400 2407 Galli,
1425 2370 1463 2400 de
1489 2376 1553 2408 quo

209 2411 225 2432 ⁴
245 2409 418 2447 chmus]
435 2411 610 2445 Herennius
620 2411 747 2451 Gallus,
759 2411 843 2452 lega·
882 2410 998 2444 dietum
1017 2410 1114 2451 supra.

297 2452 335 2492 T
331 2469 405 2496 om.
437 2455 517 2498 Ill.

1327 2453 1416 2493 Hh

1582 257 1698 272 ==

1582 293 1613 317 Α.
1624 293 1653 316 U.
1665 292 1697 315 C.

1603 342 1675 369 822.

1610 393 1631 415 J.
1642 392 1676 416 c.

1613 441 1666 475 69.
