2209 3047
305 205 386 248 AD
410 204 634 248 LIBRUM
662 204 715 245 Π.
735 203 880 246 HIST.
903 203 952 244 C.
978 203 1157 245 CORN.
1182 202 1390 246 TACITI.
1470 221 1524 258 43
1541 222 1555 248 1

176 286 214 321 C.
246 286 387 320 Licinius
416 286 543 320 Caecina
572 284 697 331 Largus
717 310 726 326 ,
756 285 808 330 qui
837 280 941 328 consul
957 280 1031 327 fuit
1061 295 1128 315 cum
1156 283 1293 318 Claudio
1324 295 1421 319 anno
1451 281 1562 321 Urbis

178 335 338 372 conditte
365 346 526 370 Dccxcv.
558 332 669 377 Quod
705 331 853 367 minime
889 328 1111 367 crediderim.
1146 330 1221 368 Hic
1245 332 1341 369 enim
1376 345 1396 368 a
1425 333 1560 372 Tacito

177 398 256 423 non
283 385 459 421 diceretur
474 396 573 418 nouus
586 384 706 425 adhuc,
731 383 767 417 &¹
788 385 820 415 in
832 382 980 427 fimatum
996 392 1093 425 nuper
1112 380 1258 425 adsbizus.
1287 382 1344 417 Est
1371 396 1457 433 ergo
1481 397 1562 420 om-

179 435 270 472 nino
303 432 472 470 diversus.
507 433 624 468 Immo
662 443 729 468 tres
757 430 922 467 homines
943 431 979 465 in
1002 442 1114 465 unum
1150 431 1344 467 confundit
1372 432 1532 470 chkius
1549 461 1561 478 ,

179 496 310 533 nempe
327 483 369 519 C.
386 482 569 518 Caecinam
588 481 655 518 Lar
682 494 741 516 um
755 508 764 524 ‚
788 481 994 524 consulem,
1019 479 1062 517 de
1084 490 1157 529 quo
1171 478 1322 515 diximus
1346 481 1382 517 in
1406 470 1562 532 Supple-

178 544 304 570 mento
320 532 450 568 Annal.
470 533 518 568 IX
532 559 540 574 ,
570 533 632 568 26.
650 495 850 579 §.Largum
864 531 1047 567 CccCInam
1062 558 1071 573 ‚
1101 528 1145 565 de
1159 541 1234 578 quo
1246 529 1376 566 Annal.
1395 532 1469 577 XI,
1498 547 1559 583 33.

180 587 214 621 &
227 583 409 620 Licinium
423 582 605 619 Caecinam
621 610 630 625 ‚
646 581 690 617 de
705 592 778 628 quo
796 593 891 616 nunc
909 579 1049 616 Hist.11
1068 608 1076 623 ,
1108 591 1166 628 53.

229 635 550 678 CONlelATURI]
584 631 637 667 lta
655 629 730 665 ΜΠ.
756 628 843 678 Reg.
861 630 972 666 Corb.
989 629 1118 666 &libri
1138 641 1262 665 omnes
1288 628 1375 665 editi
1395 657 1403 672 ,
1436 643 1562 679 praeter

180 682 362 733 Ryckium
380 710 389 726 ,
415 682 477 732 qui
497 696 516 719 e
542 681 606 716 Ms.
624 681 711 729 Agr.
727 678 841 715 edidit
868 682 1049 727 consulturi.
1072 679 1115 715 In
1142 678 1219 714 Mff.
1235 678 1335 714 Harl.
1358 678 1464 717 Bodl.
1494 683 1559 720 Jes.

178 733 299 770 Guelf.
313 734 532 778 conficltaruri.
559 730 674 766 Miror
688 729 867 765 eruditum
878 729 1059 769 vakiurn
1082 728 1264 777 scripsisse,
1289 728 1503 773 consiliaturi,
1524 745 1562 768 ne

176 784 331 869 =haltinum
348 782 472 830 quidem
496 781 549 830 effe
568 808 579 824 ,
607 779 691 817 cum
704 779 785 816 usus
803 779 843 816 fit
858 770 932 817 hoc
949 779 1062 818 verbo
1079 778 1276 825 Horatius,
1299 777 1395 816 Libr.
1412 778 1469 815 ΠΙ
1486 780 1559 817 Od.

249 858 259 875 ,
277 845 335 881 17.

353 881 474 910 Gratum
495 880 601 910 elocuta*
621 879 827 920 confiliatzribus

350 920 462 952 Junorze
481 919 571 949 Divis
594 933 603 948 :
623 919 694 949 Ilion
710 943 719 957 ,
746 919 817 949 Ilion

392 959 502 992 Fatalis
515 958 676 998 incestuffiue
686 958 773 997 judex
787 982 797 995 ,

453 998 491 1028 Er
507 998 603 1028 mulier
616 999 765 1039 peregrina
784 997 867 1029 vertit

350 1039 385 1069 In
403 1039 553 1076 pulverem.

177 1086 294 1140 quue
311 1089 383 1139 jam
397 1099 585 1127 monuerat
601 1087 747 1140 Lipsius.

231 1178 342 1215 CAP.
362 1178 456 1218 LIV.
481 1179 637 1227 Comus]
652 1179 708 1216 Ita
721 1178 788 1215 Ms.
808 1177 906 1215 Flor.
924 1180 958 1215 &
976 1178 1154 1216 editiones
1168 1180 1395 1218 recentiores,
1416 1181 1561 1218 Memo-

175 1238 272 1265 ratur
294 1242 440 1279 quoque
457 1230 655 1266 COENVS
678 1229 716 1265 in
734 1228 975 1276 Inscriptione
996 1230 1110 1266 veteri
1139 1230 1236 1279 apud
1259 1232 1450 1267 Gruterum
1476 1244 1561 1280 pag.

175 1290 316 1315 mcxxx.
332 1292 430 1316 num.
447 1292 479 1329 5.
498 1280 541 1315 In
557 1279 635 1316 Mff.
652 1279 753 1316 Harl.
773 1278 879 1315 Bodl.
896 1278 963 1315 Jes.
980 1279 1099 1316 Guelf.
1121 1281 1245 1316 Coenus.
1257 1280 1332 1316 Mff.
1344 1279 1432 1331 Reg.
1445 1280 1558 1318 Corb.

175 1331 211 1365 δι
225 1328 340 1365 editio
360 1330 527 1378 princeps
541 1356 549 1371 ‚
565 1332 729 1365 Comenus.
744 1328 982 1371 Puteolanus,
1008 1332 1120 1366 Cenus.

228 1377 379 1415 RAme
402 1392 441 1415 IN
460 1379 603 1416 URBEM
631 1382 802 1424 VECTUS]
838 1378 898 1414 Sic
917 1378 990 1415 Mff.
1003 1377 1224 1416 HarLBodl.
1243 1379 1313 1415 Jes.
1331 1379 1563 1417 Guelf.Rhe-

176 1439 291 1464 nanus
306 1431 339 1465 <Sc
353 1429 528 1465 Ernestus.
550 1428 594 1464 In
607 1428 684 1464 Mss.
699 1428 786 1478 Reg.
803 1427 901 1464 Flor.
917 1427 1008 1463 Bud.
1025 1427 1111 1478 Agr.
1137 1432 1170 1465 ὃς
1187 1428 1349 1466 editione
1368 1430 1535 1478 principe
1552 1457 1564 1473 ‚

176 1478 338 1524 rapidum.
351 1478 570 1515 Puteolanus
585 1506 595 1522 ‚
615 1479 746 1525 rapidus
763 1509 771 1521 ,
799 1480 833 1514 &
852 1477 902 1512 ita
917 1478 1147 1514 emendatum
1172 1478 1282 1516 altera
1303 1493 1411 1516 manu
1436 1480 1474 1515 in
1492 1479 1562 1516 Ms.

177 1525 286 1565 Bodl.
309 1527 436 1565 Mallet
452 1530 528 1564 Jac.
546 1528 779 1571 Gronovius,
803 1530 923 1572 raptim
940 1540 948 1562 t
966 1526 1145 1576 Ryckius,
1167 1529 1320 1574 rapidius.

233 1577 529 1625 CONSULUERE]
546 1577 590 1614 In
605 1577 682 1614 Mff.
699 1578 803 1615 Harl.
814 1576 922 1613 Bodl.
937 1579 1104 1626 consulere.
1118 1577 1186 1615 ΜΓ.
1200 1578 1314 1616 Corb.
1330 1580 1562 1627 consuluerant.

231 1677 335 1714 CAP.
363 1678 437 1714 LV.
466 1678 735 1714 SACRAMENTO
754 1677 967 1724 Omoms]
1003 1678 1101 1716 Bene
1114 1678 1306 1715 Rhenanus
1320 1682 1354 1715 ὃς
1365 1679 1565 1717 Recentio-

175 1740 241 1765 res.
269 1727 313 1763 In
329 1727 407 1764 Mss.
432 1730 467 1765 &
489 1728 667 1765 veteribus
685 1727 929 1772 editionibus,
956 1731 989 1763 in
1003 1730 1216 1777 sacramento.
1237 1729 1306 1766 Ms.
1332 1729 1417 1779 Agr.
1449 1733 1482 1765 in
1502 1731 1564 1778 sa-

178 1790 355 1815 tramenta.

230 1827 421 1866 VITELLIO
456 1839 652 1866 PLAUSERE
677 1832 695 1875 ]
736 1828 802 1867 Ms.
827 1828 941 1865 Corb.
966 1831 1000 1865 <Sc
1027 1828 1142 1865 editio
1175 1829 1343 1878 princeps
1367 1857 1378 1874 ,
1431 1830 1564 1866 Vitellio

200 1878 253 1913 lau
271 1881 330 1914 uri.

172 1890 196 1924 P
223 1878 490 1967 ῙΙζΜοῡΕΒΑΤΕ
505 1932 523 1976 ]
553 1928 763 1973 Rhenanus,
775 1929 1002 1965 immoderatae.
1018 1928 1128 1966 Forte
1143 1941 1333 1977 operarum
1348 1941 1479 1967 errore.

229 2028 334 2065 CAP.
360 2028 454 2065 LVI.
473 2028 653 2066 TANTUM
672 2041 848 2066 rEmTUM
866 2033 884 2076 ]
916 2029 972 2066 Ita
992 2029 1058 2065 Ms.
1075 2028 1162 2079 fleg.
1177 2029 1306 2066 &libri
1324 2042 1447 2067 omnes
1461 2028 1561 2067 editi.

173 2074 221 2114 In
239 2077 305 2113 Ms.
325 2078 448 2116 Guelf.
464 2092 569 2115 tamen
584 2080 738 2125 peditum.
763 2080 806 2116 In
818 2080 892 2117 Mis.
912 2080 1014 2116 Harl.
1027 2080 1139 2116 Corb.
1162 2092 1288 2116 tantum
1303 2080 1446 2126 peditum
1476 2082 1563 2129 equi-

175 2138 304 2176 tumque
317 2131 372 2175 jus
384 2156 405 2183 ‚⁸
423 2130 559 2171 damna,
573 2130 777 2185 &effi-lauet
797 2130 982 2185 Acidalius
994 2156 1005 2173 ,
1028 2142 1120 2166 tanta
1134 2131 1276 2179 peditum
1293 2133 1489 2180 equitumque
1501 2132 1563 2166 ris.

175 2177 315 2212 Tantum
333 2178 496 2214 omissum
511 2178 621 2217 vellet
637 2179 783 2229 Lipsius.
800 2179 902 2214 Nihil
918 2190 1046 2229 peccat
1068 2179 1216 2230 vulgata
1228 2179 1412 2230 scriptura.

135 2323 139 2328 ῃ
226 2277 332 2314 CAP.
362 2276 476 2314 LVII.
503 2277 618 2314 Cum
642 2282 766 2324 mrAE]
791 2279 943 2328 Optime
972 2279 1129 2318 Pichena
1149 2293 1169 2318 e
1193 2280 1260 2317 Ms.
1286 2279 1383 2317 Flor.
1406 2279 1450 2316 In
1468 2288 1559 2316 cete-

177 2325 223 2361 ris
236 2327 308 2362 ΜΠ.
326 2329 360 2363 &
377 2328 555 2364 veteribus
569 2327 792 2365 editionibus
807 2357 816 2371 ‚
837 2344 912 2364 cura
929 2331 1016 2366 belli.

233 2376 488 2424 Comenscr‘r]
526 2378 621 2415 Bene
636 2378 710 2415 ΜΠ.
733 2381 766 2415 &
791 2390 925 2417 veteres
947 2393 989 2417 ac
1014 2380 1231 2419 recentiores
1247 2380 1436 2418 editiones.
1462 2377 1560 2414 Male

175 2423 368 2464 Rhenanus
380 2454 392 2473 ‚
411 2429 608 2476 compescuit.
