2230 3047
170 814 233 843 '10

173 1132 230 1173 ,15

173 1445 231 1473 20

176 1759 230 1799 25

383 152 908 195 HISTORIARUM
951 152 1167 195 LIBER
1206 155 1489 196 PRIMUS.
1589 168 1643 204 29

260 231 531 286 »Falluntur,
563 235 703 289 quibus
723 234 879 275 luxuria
903 234 1037 289 specie
1065 232 1314 276 liberalitatis
1342 237 1527 292 imponit.
1552 237 1647 277 Per-
1672 252 1786 258 ——

259 297 385 338 »dere
410 299 478 339 iste
505 299 630 349 sciet,
667 299 816 340 donare
837 297 1003 338 nesciet.
1041 298 1187 352 Stupra
1216 313 1323 339 nunc
1340 329 1352 349 ‚
1395 304 1436 340 &
1463 299 1648 341 comessa-

259 375 283 396 >›
294 362 446 411 tiones,
467 365 507 402 δε
522 362 759 402 feminarum
787 374 916 402 coetus
930 390 944 410 ,
960 359 1092 401 volvit
1107 362 1241 400 animo
1266 378 1272 400 :
1301 363 1384 402 haec
1399 364 1647 418 Principatus

260 426 452 479 »praemia
473 437 612 480 putat3
640 438 810 477 quorum
830 422 956 464 libido
984 439 1030 464 ac
1055 422 1242 478 voluptas
1280 439 1402 478 penes
1423 426 1550 480 ipsum
1576 427 1619 467 sit
1637 456 1649 478 ‚

262 486 415 528 »rubor
442 502 488 528 ac
510 487 683 528 dedecus
722 501 843 542 penes
864 501 1017 527 omnes.
1051 488 1190 527 Nemo
1223 488 1331 526 enim
1363 501 1552 541 umquam
1574 491 1651 529 im-

262 551 477 605 >›perium‚
515 550 670 604 flagitio
700 550 900 604 quaesitum
922 579 934 600 ‚
974 549 1089 590 bonis
1120 548 1268 590 artibus
1303 552 1496 591 exercuit.
1553 552 1652 593 Gal-

261 612 385 654 »bam
418 613 634 654 consensus
662 614 819 668 generis
853 614 1052 663 humani,
1091 628 1156 653 me
1179 611 1338 662 Galba,
1363 614 1650 657 consentienti-

261 674 366 716 »bus
382 675 523 726 vobis,
545 675 739 717 Caesarem
756 676 869 716 dixit.
899 677 942 717 Si
961 674 1185 731 respublica
1199 705 1212 727 ,
1239 680 1280 716 ὅ(
1302 676 1458 717 senatus
1473 706 1485 726 ‚
1516 681 1556 717 ἃ
1577 695 1651 733 po-

262 738 438 794 »pulus,
465 754 567 780 vana
592 740 757 779 nomina
790 739 899 780 sunt:
930 737 1080 789 vestra,
1108 737 1436 789 commilitones,
1466 741 1622 781 interest
1638 772 1649 791 ‚

261 819 283 840 »
294 816 344 842 ne
365 802 653 858 Imperatorem
678 801 828 858 pessimi
848 802 1011 843 faciant.
1030 802 1261 856 Legionum
1286 802 1429 843 seditio
1443 803 1650 844 adversum

261 882 284 904 2>
295 864 417 906 duces
450 865 541 906 suos
574 865 709 906 audita
737 866 790 906 est
820 863 1060 919 aliquando:
1087 866 1213 907 vestra
1242 865 1339 906 fides
1364 871 1373 888 ¹
1392 896 1406 916 ‚
1432 865 1615 921 famaque
1637 898 1650 919 ‚

261 926 426 969 »inlaesa
446 928 494 968 ad
511 931 620 969 hunc
641 928 749 969 diem
775 928 935 970 mansit:
966 932 1007 970 &
1030 930 1144 969 Nero
1170 944 1330 983 quoque
1353 944 1425 970 vos
1447 929 1621 971 destituit
1637 960 1651 982 ,

261 1006 378 1031 »11011
396 1006 469 1032 vos
482 993 707 1033 Neronem.
720 993 859 1033 Minus
875 993 1039 1047 triginta
1052 991 1262 1047 transfuga:
1285 996 1298 1013 ²
1310 1022 1323 1043 ,
1350 996 1389 1033 ὅ(
1404 992 1623 1035 desertores
1637 1024 1651 1045 ‚

261 1068 395 1107 »quos
418 1056 698 1096 centurionem
713 1086 725 1106 ‚
746 1068 813 1096 aut
825 1054 1030 1096 tribunum
1045 1085 1058 1106 ,
1079 1055 1148 1095 fibi
1162 1054 1357 1110 eligentes
1372 1070 1491 1097 nemo
1508 1057 1652 1108 ferret,

261 1117 504 1173 »imperium
523 1118 807 1173 adfignabunt?
827 1118 1053 1159 Admittitis
1070 1118 1324 1174 exemplum?
1349 1123 1387 1159 δε
1405 1119 1651 1172 quiescendo

1673 292 1704 315 Α.
1715 293 1744 315 U.
1757 292 1786 315 C.

1695 339 1766 368 822.

1691 394 1714 418 J.
1733 395 1764 419 C.

1705 443 1758 479 69.

259 1195 510 1222 »commune
532 1182 685 1222 crimen
707 1182 866 1222 facitis?
900 1181 1176 1223 Transcendet
1196 1183 1279 1222 haec
1304 1180 1469 1222 licentia
1493 1184 1534 1222 in
1557 1199 1651 1239 pro·
1711 1198 1717 1204 ·

261 1245 468 1285 »vinciasz
498 1248 538 1285 δί
559 1244 608 1285 ad
628 1259 700 1285 nos
723 1243 920 1285 scelerum
949 1246 1078 1285 exitus
1095 1275 1107 1295 ,
1132 1243 1333 1286 bellorum
1361 1246 1408 1286 ad
1435 1261 1506 1286 vos
1529 1248 1650 1302 perti·

259 1323 283 1345 >2
292 1306 457 1348 nebunt.
474 1309 567 1349 Nec
585 1309 638 1349 est
654 1307 742 1364 plus
768 1313 777 1336 ³
795 1338 808 1358 ,
828 1308 935 1362 quod
952 1323 1024 1363 pro
1042 1307 1148 1349 caede
1170 1309 1388 1364 Principis,
1409 1308 1526 1362 quam
1543 1310 1651 1363 quod

259 1370 576 1412 »innocentibus
591 1371 726 1412 datur:
747 1371 815 1412 sed
831 1371 995 1427 perinde
1013 1387 1034 1412 a
1049 1371 1163 1412 nobis
1184 1371 1420 1412 donativum
1436 1371 1486 1412 ob
1503 1372 1622 1413 fidem
1634 1402 1648 1424 ,

261 1432 412 1488 »quam
436 1434 484 1474 ab
507 1433 593 1476 aliis
616 1449 688 1490 pro
711 1434 892 1475 facinore
916 1435 1123 1490 accipietis
1150 1452 1194 1476 ».

324 1497 503 1540 XXXI.
537 1498 773 1538 DILAPSIS
812 1496 1130 1554 speculatoribus
1170 1527 1184 1549 ,
1215 1511 1323 1539 certa
1361 1500 1538 1549 cohors,
1567 1514 1650 1540 non

261 1560 466 1618 aspernata
487 1563 802 1603 concionantem
820 1591 832 1611 ‚
858 1574 903 1602 ut
925 1560 1092 1602 turbidis
1116 1560 1233 1602 rebus
1254 1563 1390 1603 evenit
1406 1592 1418 1612 ‚
1446 1563 1550 1603 forte
1572 1578 1650 1604 ma-

262 1625 324 1680 gis
337 1654 350 1675 ,
375 1628 415 1665 &
431 1624 546 1666 nullo
569 1625 699 1666 adhuc
717 1623 885 1665 consilio
908 1630 949 1675 4,
971 1638 1082 1680 parat
1099 1624 1206 1679 signa
1220 1655 1232 1675 ‚
1253 1623 1371 1678 quam
1391 1625 1499 1678 quod
1517 1627 1650 1681 postea

264 1688 462 1729 creditum
484 1690 537 1729 est
550 1718 563 1738 ,
584 1687 730 1728 infidiis
755 1691 794 1728 ὅ(
817 1687 1081 1728 simulatione.
1103 1688 1245 1728 Miffus
1271 1691 1311 1728 ὅ(
1332 1687 1472 1729 Celsus
1494 1689 1650 1731 Marius

263 1750 313 1792 ad
333 1749 479 1792 eleetos
504 1750 657 1805 Illyrici
683 1752 881 1792 exercitus
908 1755 921 1782 5
938 1779 951 1801 ,
981 1749 1174 1807 Vipsania
1197 1751 1238 1790 in
1261 1752 1423 1806 porticu
1443 1750 1460 1773 ⁶
1478 1752 1650 1793 tenden-

260 1827 333 1856 tes.
358 1815 605 1871 Praeceptum
627 1813 794 1855 Amulio
818 1816 970 1856 Sereno
991 1818 1032 1855 ὃ(
1054 1814 1243 1855 Domitio
1266 1814 1416 1855 Sabino
1430 1845 1443 1865 ‚
1470 1816 1651 1872 primipi-

971 1937 1036 1975 ejus
1064 1937 1158 1968 salute
1187 1936 1280 1968 vobis
1308 1936 1531 1967 innocentibus
1562 1936 1648 1967 dabi-

971 1985 1033 2007 tur.

1515 2016 1529 2052 ]
1564 2015 1646 2046 Vide

1011 2021 1025 2040 4
1048 2017 1165 2047 Νυιιο
1198 2026 1304 2046 Annuc
1343 2026 1487 2046 consulo

972 2056 1073 2087 Notas
1102 2056 1137 2087 ὃ(
1163 2054 1408 2086 Emendationes
1439 2054 1478 2085 ad
1506 2053 1580 2084 Hist.
1606 2056 1647 2092 Ι,

974 2106 1026 2133 3¹·

260 1945 366 1978 geret,
383 1944 418 1967 ut
438 1937 553 1968 dietum
566 1937 606 1967 est
626 1937 713 1976 supra
729 1937 811 1969 inter
833 1939 935 1968 Anec-

260 1978 338 2008 dota
376 1976 524 2008 Neronis.
570 1976 707 2008 Othonis
743 1977 901 2017 speculum
925 1998 934 2012 ‚

262 2016 402 2055 aliosque
429 2016 596 2047 muliebres
621 2024 745 2047 ornatus
764 2036 774 2050 ‚
798 2027 856 2048 nec
877 2017 935 2048 Se—

262 2055 439 2090 miramidi,
457 2066 514 2086 nec
534 2056 708 2094 Cleopatrae
730 2064 825 2087 notos
838 2080 847 2091 ‚
873 2067 936 2088 car-

262 2095 309 2134 pit
326 2095 484 2126 Juvenalis
499 2096 595 2134 Satyr.
612 2097 656 2130 ΙΙ,
671 2106 711 2133 99
733 2097 768 2127 ὅς
792 2096 876 2135 seqq.

306 2139 313 2153 ¹
337 2136 466 2165 VESTRA
490 2144 575 2164 Frons
592 2137 606 2173 ]
626 2135 804 2168 Cohortem
819 2143 933 2174 ptaeto-

263 2172 423 2204 rianorum
441 2173 670 2213 alloquebatur.

302 2218 313 2232 ²
336 2213 439 2242 Murus
453 2224 603 2244 TR1G1N1'A
628 2223 816 2244 TRANSFUGAE
829 2216 842 2251 ]
857 2215 934 2244 Tres

261 2251 297 2282 &
318 2251 432 2291 viginti
450 2252 654 2290 speculatores
673 2253 837 2283 Othonem
860 2264 936 2283 con-

260 2290 466 2322 salutaverant
490 2293 713 2331 Imperatorem
730 2316 739 2330 ,
761 2300 794 2324 ut
818 2292 935 2324 dierum

260 2330 303 2360 est
322 2330 407 2369 supra
423 2341 489 2370 cap.
511 2342 563 2370 27.

303 2374 313 2395 3
338 2370 407 2401 Nnc
431 2380 483 2401 EST
515 2380 588 2401 uus
612 2371 626 2408 ]
661 2371 729 2401 Nec
754 2370 821 2410 plus
839 2370 934 2402 vobis

261 2407 349 2441 datur
370 2419 425 2450 pro
454 2409 536 2443 caedc
561 2409 710 2450 Principis
728 2431 737 2446 ,
763 2411 858 2451 quam
878 2421 934 2450 pro

1013 2140 1020 2162 5
1046 2135 1188 2165 Eremos
1213 2136 1358 2164 Iturium
1381 2142 1555 2164 EXERCITUS
1574 2133 1645 2168 ]De

972 2174 1084 2213 quibus
1106 2174 1192 2213 supra
1212 2184 1279 2211 cap.
1300 2177 1330 2203 6.
1356 2172 1394 2201 Iis
1408 2181 1500 2203 notus
1523 2172 1578 2202 cll':
1592 2182 1645 2210 po-

972 2214 1032 2243 tuit
1050 2213 1165 2243 Marius
1190 2213 1317 2248 Celsus,
1344 2211 1398 2250 qui
1425 2212 1456 2241 in
1485 2211 1645 2241 Pannonia

972 2252 1178 2289 militaverat,
1208 2261 1241 2283 ut
1263 2251 1400 2282 vidimus
1429 2251 1540 2280 Annal.
1566 2252 1620 2279 XV
1636 2274 1645 2286 ,

973 2303 1022 2332 25.

1012 2333 1025 2351 ⁶
1047 2333 1198 2362 Vipsmm
1219 2341 1250 2360 m
1273 2329 1435 2365 PORTlcu]
1457 2331 1492 2357 In
1523 2330 1643 2365 Campo

972 2370 1109 2407 Martio,
1138 2380 1195 2400 nec
1226 2369 1335 2407 procul
1358 2369 1454 2401 loco,
1484 2367 1537 2396 ubi
1562 2378 1645 2396 nunc

973 2410 1093 2450 Ραίαζζο
1112 2409 1182 2439 della
1195 2408 1364 2439 Attalicum
1386 2406 1584 2447 Eccltgsinjlcu.
1597 2407 1645 2439 De
