2209 3047
584 178 670 227 473
777 167 997 210 NOTAE
1043 165 1126 206 ET
1168 162 1761 210 EMENDATIONES

585 248 666 285 cula
682 274 691 289 ‚
723 257 801 295 quse
830 244 903 279 huc
925 242 1085 292 undique
1115 241 1412 292 congerebantur.
1443 242 1593 288 Quanto
1618 253 1738 280 autem
1760 244 1877 282 studio
1904 248 1964 284 ad-

583 298 806 333 servarentur
822 322 831 337 ‚
861 306 904 330 ex
932 305 1007 330 uno
1035 292 1140 330 disce.
1166 298 1260 330 AEtas
1280 291 1387 339 nostra
1406 293 1490 328 vidit
1507 296 1541 328 in
1562 295 1720 340 Capitolio
1738 321 1748 337 ,
1778 297 1964 344 priusquam

581 348 614 383 id
631 345 789 391 noviffimf}
807 344 1023 391 conflagravit
1039 357 1059 379 a
1076 344 1260 380 Vitellianis
1279 343 1435 388 incensum
1456 369 1466 385 ,
1487 346 1521 378 in
1536 344 1616 378 celld
1627 346 1762 382 Iunonis
1776 374 1784 386 ‚
1800 358 1906 380 canem
1923 360 1964 382 ex·

584 410 644 431 oere
671 396 788 429 vulnus
805 393 902 440 ficum
923 395 1125 435 lambentem,
1149 395 1237 439 cujus
1251 394 1406 428 eximium
1429 395 1617 428 miraculum
1633 421 1643 438 ‚
1666 394 1882 441 &indiscreta
1896 399 1965 431 veri

575 445 780 494 similitudo,
808 456 869 478 non
895 457 927 479 eo
947 445 1054 490 solum
1079 444 1296 490 intelligitur,
1323 443 1404 490 quod
1437 444 1480 479 ihi
1506 443 1612 479 dicata
1630 445 1768 491 fuerat,
1790 445 1901 479 verum
1927 445 1966 480 ὃ·

585 495 670 530 novd
691 493 904 541 satisdatione
918 508 932 528 :
949 507 1021 528 nam
1036 494 1163 540 summa
1188 493 1280 526 nulla
1296 505 1358 538 par
1378 492 1547 529 videbatur
1562 509 1575 528 .·
1604 496 1704 541 capite
1723 494 1888 529 tutelarios
1908 507 1967 530 ca-

586 558 658 580 vere
678 557 737 591 pro
764 544 819 585 ed,
838 543 976 591 instituti
996 544 1116 589 publici
1132 542 1214 590 fuit.
1246 541 1336 578 Plin.
1355 541 1529 587 XXXIV,
1548 556 1584 590 7.

636 593 772 630 Tantas
787 605 874 641 opes
889 592 1185 641 Capitoliumque
1200 591 1326 628 iterum
1342 592 1532 642 absumpsit
1547 593 1724 630 bellorum
1739 592 1903 629 civilium
1914 593 1969 629 fu-

586 656 658 680 ror.
682 644 830 690 Quanto
851 645 984 690 majore
998 641 1266 691 magnificentia
1284 654 1304 677 a
1317 642 1531 691 Vespasiano
1551 643 1841 693 Domitianoque
1863 643 1970 680 fuerit

587 693 785 731 restitutum
801 692 938 728 dicetur
960 692 998 727 in
1019 691 1128 727 Notis
1147 695 1181 728 ὃς
1203 691 1527 730 Emendationibus
1542 694 1587 729 ad
1602 693 1695 730 Hist.
1721 693 1785 737 IV,
1808 705 1866 743 53.

640 743 884 780 INTERJECTO
925 754 1099 778 ccccxxv
1136 753 1335 778 ANNORUM
1375 756 1508 780 SPATIO
1539 748 1556 789 ]
1600 743 1642 780 In
1674 743 1772 779 libris
1802 741 1971 779 omnibus

586 793 725 843 scriptis
743 796 775 828 ὃς
790 791 893 828 editis
918 806 1060 827 CCCCXV
1075 805 1240 828 annorum.
1271 791 1389 829 Immo
1413 793 1576 842 express‘e
1609 795 1647 829 in
1682 793 1844 830 editione
1869 792 1970 840 prin·

590 844 671 892 cipe
685 870 693 884 ‚
712 843 1013 891 quadringentorum
1039 843 1214 890 quindecim
1231 855 1397 880 annorum.
1427 845 1476 879 At
1497 843 1579 879 cum
1604 857 1647 880 ex
1667 842 1742 891 ipsit
1765 853 1970 890 temporum

590 893 730 929 ratione
751 923 758 933 ,
784 902 823 926 ut
842 891 880 926 in
902 891 1009 927 Notis
1034 891 1186 928 diximus
1210 892 1338 941 supra,
1363 893 1501 930 constet
1527 893 1745 942 interjectum
1761 891 1859 928 fuiffe
1883 903 1973 940 qua-

591 942 863 991 dringentorum
898 940 1029 990 viginti
1064 942 1222 991 quinque
1246 955 1423 979 annorum
1442 943 1594 992 spatium
1617 972 1625 987 ‚
1652 943 1702 978 ita
1725 942 1793 977 fuit
1817 941 1970 977 omnino

592 991 854 1029 emendandum
868 1019 877 1034 ‚
908 1004 954 1028 ne
980 992 1136 1028 narratio
1161 992 1419 1041 inquinaretur.
1439 993 1546 1030 Beue
1571 1006 1716 1042 quoque
1733 1002 1878 1028 vertunt
1898 990 1974 1026 Da-

592 1042 732 1078 vanzati
748 1067 756 1082 ‚
780 1053 995 1090 quattrocento
1010 1043 1204 1091 vinticinque
1226 1045 1334 1078 anni:
1361 1042 1590 1081 C1.Gord0n
1605 1071 1615 1087 ‚
1633 1045 1714 1091 four
1744 1041 1885 1077 hundred
1909 1040 1975 1076 and

594 1104 712 1139 twenty
725 1091 798 1138 five
806 1104 914 1139 years.

646 1140 770 1177 INTER
796 1145 958 1187 TANTA]
990 1141 1045 1176 Ita
1059 1140 1135 1176 Mss.
1157 1141 1242 1190 Reg.
1258 1139 1360 1176 Harl.
1378 1139 1486 1175 Bodl.
1504 1141 1572 1179 Jes.
1591 1140 1703 1177 Corb.
1723 1141 1809 1190 Agr.
1837 1139 1975 1176 editio-

594 1203 654 1227 nes
679 1201 815 1227 veteres
843 1193 876 1226 ὃς
898 1191 1127 1227 recentiores.
1168 1191 1327 1227 Pichena
1355 1200 1536 1239 tamquam
1555 1191 1651 1228 eMs.
1668 1190 1765 1226 Flor.
1786 1189 1946 1227 ediderat
1964 1215 1976 1234 ,

593 1245 675 1277 inter
698 1252 754 1276 tot.
779 1240 829 1276 At
846 1267 854 1282 ‚
876 1251 915 1276 ut
934 1241 1024 1278 rec'te
1052 1240 1195 1277 monuit
1221 1254 1264 1277 ex
1283 1241 1357 1278 Jac.
1373 1241 1571 1277 Gronovio
1587 1240 1749 1287 Ryckius
1763 1269 1772 1284 ‚
1804 1253 1865 1289 per
1892 1239 1978 1276 lite-

593 1303 709 1326 rarum
735 1290 951 1338 compendia
974 1291 1011 1326 in
1029 1291 1094 1328 Ms.
1113 1290 1212 1327 Flor.
1233 1291 1404 1341 scriptum
1428 1294 1476 1327 int
1491 1303 1546 1336 ta,
1573 1290 1633 1328 vel
1657 1294 1706 1327 int
1719 1302 1777 1326 at:
1792 1291 1867 1326 hoc
1880 1288 1977 1326 enim

595 1341 659 1378 vix
687 1340 841 1377 discerni
867 1340 995 1389 potest.

645 1440 748 1477 CAP.
766 1440 936 1476 LXXIII.
975 1440 1145 1478 TREPIDI
1169 1451 1322 1477 mrum-:s
1345 1444 1363 1485 ]
1395 1440 1455 1476 Sic
1479 1451 1604 1477 omnes
1631 1439 1710 1476 ΜΠ.
1733 1439 1847 1476 editio
1877 1437 1979 1486 prin-

598 1502 682 1538 ceps
700 1493 733 1526 δε
760 1490 989 1526 recentiores.
1010 1490 1229 1527 Puteolanus
1243 1517 1252 1532 ‚
1275 1490 1414 1535 trepidus
1439 1491 1541 1526 miles.

653 1540 794 1576 FUGAM
817 1544 1088 1586 COEPTANTEM]
1116 1540 1214 1577 Bene
1242 1538 1325 1574 libri
1348 1539 1471 1589 scripti
1489 1541 1522 1574 &
1544 1537 1644 1575 editi.
1669 1537 1903 1586 Conjiciebat
1928 1545 1983 1572 ta-

601 1602 683 1627 men
698 1589 855 1626 Pichena
872 1620 880 1632 ‚
911 1601 1101 1634 tentantem,
1118 1590 1177 1626 vel
1199 1600 1389 1635 captantem.

654 1640 811 1676 SUAMET
840 1644 1083 1686 vANJTATE]
1114 1640 1181 1677 Ms.
1212 1638 1325 1676 Corb.
1357 1639 1423 1676 Suri
1453 1640 1611 1674 vanitate.
1655 1637 1837 1687 Corrupt‘e
1866 1636 1984 1674 editio

603 1690 769 1739 princeps
784 1718 793 1733 ‚
806 1690 870 1737 sud
889 1694 1021 1726 unitate.

596 1789 624 1837 f
654 1739 862 1786 JECERAT]
890 1739 1084 1790 Eleganter
1099 1744 1134 1777 &
1149 1738 1311 1790 apposite
1336 1737 1478 1776 dictum.
1511 1737 1609 1775 Male
1631 1746 1747 1774 tentat
1771 1735 1957 1774 Acidalius
1971 1760 1985 1780 ,

620 1802 731 1827 &Cerat-

661 1889 766 1926 CAP.
793 1888 953 1925 LXXIV.
985 1888 1322 1937 IGNORATUSQUE]
1352 1890 1450 1927 Bene
1469 1889 1546 1925 Mff.
1565 1889 1663 1926 Flor.
1675 1887 1777 1924 Harl.
1794 1887 1900 1924 Bodl.
1915 1887 1986 1923 Jes.

609 1939 720 1975 Corb.
737 1939 855 1976 Guelf.
870 1940 958 1989 Agr.
974 1938 1192 1975 Puteolanus
1209 1942 1242 1976 &
1257 1940 1502 1978 RecentiOtes.
1514 1940 1557 1976 In
1570 1939 1639 1976 Ms.
1650 1938 1768 1975 Vatic.
1780 1941 1813 1974 ὃς
1825 1937 1988 1974 editione

611 1988 793 2037 principe,
823 1990 1022 2038 ignarusque.

665 2038 785 2075 CAsus
809 2051 898 2076 suos
923 2051 963 2075 IN
986 2050 1181 2075 MARMORE
1203 2043 1448 2085 EXPRESSAM]
1479 2038 1631 2088 Optime
1658 2037 1735 2073 Mss.
1758 2037 1855 2074 Flor.
1875 2036 1990 2073 Corb.

612 2088 700 2138 Agr.
716 2091 749 2124 ὃς
763 2088 922 2138 Ryckius
944 2088 1087 2139 aliique.
1114 2089 1173 2125 Sic
1197 2101 1343 2139 quoque
1376 2089 1492 2126 editio
1521 2088 1686 2138 princeps
1705 2088 1801 2135 :suos
1821 2118 1829 2130 ,
1848 2086 1989 2122 tantum

613 2138 653 2173 in
675 2138 717 2174 ea
738 2139 910 2176 omissum.
936 2137 1179 2183 Puteolanus,
1203 2141 1346 2189 casusque
1370 2141 1446 2188 suos
1473 2143 1506 2175 in
1539 2152 1694 2174 marmore
1725 2137 1881 2184 expreffit.
1911 2135 1989 2171 Ins·

614 2187 781 2237 criptone
806 2201 980 2226 marmore
996 2218 1004 2233 ,
1039 2202 1083 2225 an
1109 2189 1238 2226 ceelato
1259 2218 1267 2233 ,
1299 2190 1397 2226 casus
1427 2189 1509 2225 suos
1523 2188 1755 2225 Domitianus
1789 2185 1991 2236 expresserit

614 2238 800 2274 incertum.
820 2239 997 2274 Caelaturst
1026 2251 1144 2276 tamen
1169 2239 1417 2288 probabilius,
1444 2251 1485 2275 ut
1513 2239 1628 2275 visum
1664 2238 1713 2275 est
1735 2237 1900 2286 Lupano.
1932 2234 1990 2270 Sic

614 2287 712 2338 apud
721 2288 911 2339 Virgilium
922 2315 930 2329 ‚
949 2301 1054 2338 quem
1068 2290 1159 2338 saepe
1170 2290 1326 2326 imitatur
1338 2290 1504 2330 Tacitus,
1522 2288 1693 2326 Daedalus
1706 2288 1816 2331 Icari,
1832 2286 1897 2322 filii
1911 2284 1964 2320 sui
1977 2314 1989 2328 ,

850 2346 901 2376 Bis
918 2357 1031 2377 conatus
1047 2358 1107 2377 erat
1125 2350 1201 2387 castis
1218 2349 1346 2390 effingere
1361 2351 1391 2380 in
1413 2360 1491 2381 auro.

852 2385 903 2416 Bis
920 2388 1022 2424 patriae
1037 2387 1157 2417 cecidere
1175 2397 1283 2419 manus.

1090 2426 1200 2466 Virgil.
1213 2428 1325 2458 AEneid
1338 2430 1402 2466 VI,
1425 2438 1472 2466 32.
