2209 3047
301 175 780 219 HISTORIARUM
818 173 1013 217 LIBER
1054 174 1371 230 QUARTUS.

1461 193 1543 229 231

157 254 293 314 specie
309 256 519 314 epularum
540 263 549 280 ¹
568 287 581 309 ,
611 258 766 300 sacrum
787 258 827 297 in
851 269 991 296 nemus
1014 258 1028 274 ²
1051 269 1246 306 vocatos,
1276 256 1345 297 ubi
1370 258 1486 298 node
1504 273 1551 299 ac

158 320 295 363 laetitia
310 320 518 364 incaluiffe
532 322 644 363 videt
655 351 669 372 ,
696 337 718 362 a
732 320 849 362 laude
862 317 1069 374 gloriaque
1086 321 1216 373 gentis
1232 320 1340 361 orsus
1355 350 1367 371 ,
1390 320 1552 373 injurias

161 387 204 425 ὅ(
219 398 379 440 raptus,
405 389 446 426 ὃ(
462 399 595 427 cetera
611 385 760 426 servitii
775 383 880 424 mala
896 396 1114 423 enumerat.
1138 399 1159 418 «
1192 384 1338 436 Neque
1361 385 1469 424 enim
1490 385 1552 426 so—

161 449 384 490 »cieratem
409 454 418 477 ³
435 478 449 500 ,
472 462 517 489 ut
533 447 633 489 olim
645 477 658 498 ,
683 447 752 488 sed
767 461 968 501 tamquam
991 446 1193 502 mancipia
1208 445 1355 487 haberi.
1372 448 1551 502 Quando

109 519 135 562 5
163 509 375 566 »legatum
388 516 407 541 4
419 540 433 562 ‚
458 513 571 567 gravi
587 511 748 566 quidem
765 512 962 552 comitatu
975 538 986 559 ,
1000 513 1040 550 ὃς
1056 507 1226 565 superbo
1245 523 1338 549 cum
1354 511 1523 566 imperio
1537 541 1553 562 ‚

161 590 184 612 ω
195 577 356 617 venire?
373 574 475 615 tradi
489 575 527 615 se
542 574 730 631 praefeffls
742 572 1122 626 centurionibusque
1136 588 1144 612 z
1165 586 1264 626 quos
1277 571 1347 612 ubi
1360 573 1496 628 spoliis
1511 579 1552 616 &

161 637 388 694 »sanguine
416 636 694 695 expleverint,
715 638 885 684 mutari3
913 637 1146 691 exquirique
1167 650 1296 676 novos
1319 634 1421 677 smus
1444 642 1455 668 5
1472 667 1484 687 ‚
1511 642 1552 679 ὃς

160 716 184 738 ²>
196 703 304 743 varia
319 701 519 758 praedandi
532 698 744 742 vocabula.
758 700 904 741 Instare
919 699 1116 741 delectum
1124 728 1138 749 ,
1158 713 1239 753 quo
1254 697 1369 740 liberi
1383 714 1404 740 a
1418 715 1555 755 paren-

161 763 299 805 >tibus
314 793 328 814 ‚
350 764 489 805 fratres
508 779 530 804 a
544 763 730 805 fratribus
743 793 756 815 ,
783 762 895 805 velut
911 763 1137 819 supremum
1158 763 1401 804 dividantur.
1417 765 1552 804 Num-

81 842 135 873 ιο
161 842 183 863 >>
194 842 313 882 quam
329 828 455 883 magis
471 827 666 868 adflietam
682 842 767 868 rem
781 828 1010 869 Romanam
1024 842 1036 874 3
1061 841 1138 867 nec
1160 824 1267 866 aliud
1283 828 1325 867 in
1346 824 1522 867 hibernis
1539 838 1555 877 ,’

159 889 311 945 »quam
328 891 497 947 praedam
513 894 553 932 ὅ(
570 891 703 932 senes:
728 889 960 932 attollerent
980 892 1136 931 tantum
1164 888 1307 931 oculos
1320 919 1334 940 ,
1357 893 1398 931 &
1419 891 1554 931 inania

159 953 402 1010 »legionum
418 952 436 976 ⁶
450 955 616 995 nomina
631 969 681 995 ne
708 955 989 1010 pavescerent:
1017 954 1093 994 effe
1121 952 1190 993 fibi
1220 952 1342 994 robur
1372 953 1553 1010 peditum

159 1031 183 1055 2>
193 1019 451 1073 equitumque
466 1032 476 1065 3
494 1017 816 1073 consanguineos
830 1019 1054 1059 Germanos
1070 1031 1080 1064 ;
1097 1014 1250 1058 Gallias
1264 1016 1371 1057 idern
1385 1019 1553 1073 cupien-

158 1095 182 1117 »
192 1093 267 1122 tes:
284 1095 335 1122 ne
348 1082 545 1122 Romanis
560 1081 721 1135 quidem
734 1083 936 1137 ingratum
950 1081 989 1122 id
1003 1080 1177 1130 bellum,
1195 1078 1308 1132 cujus
1322 1079 1553 1135 ambiguam

158 1207 273 1250 reddi
294 1225 316 1246 >›
328 1239 338 1250 .

81 1153 132 1199 15
159 1143 395 1186 »fortunam
425 1145 667 1202 Vespasiano
695 1146 962 1202 imputaruros
983 1150 1020 1185 ⁷:
1041 1144 1214 1186 vietoriae
1241 1145 1440 1185 rationem
1466 1159 1553 1186 non

224 1271 327 1314 XV.
360 1271 554 1314 MAGNO
575 1287 670 1314 cum
685 1272 835 1314 assensu
850 1271 1030 1321 auditus,
1049 1269 1216 1311 barbaro
1233 1271 1311 1312 ritu
1324 1300 1338 1321 ,
1358 1275 1397 1312 &
1415 1271 1553 1327 patriis

159 1335 503 1377 exsecrationibus
527 1332 543 1357 ⁸
557 1365 570 1386 ,
589 1336 794 1376 universos
810 1335 948 1390 adigit.
964 1333 1070 1375 Miffi
1086 1333 1135 1374 ad
1149 1333 1434 1374 Canninefates
1449 1364 1462 1384 ,
1483 1335 1553 1388 qui

160 1397 327 1441 confilia
341 1398 553 1440 sociarent.
570 1398 627 1440 Ea
642 1413 740 1455 gens
756 1411 908 1455 partem
923 1396 1059 1438 insulae
1079 1401 1095 1425 9
1116 1396 1216 1438 colit
1229 1426 1242 1448 ‚
1266 1398 1422 1452 origine
1438 1427 1450 1448 ,
1471 1397 1551 1439 lin-

203 1538 214 1553 ¹
236 1534 351 1565 spncm
371 1545 541 1566 ΕΡυιΑιιυΜ
565 1538 578 1569 ]
602 1534 641 1564 Et
661 1533 743 1565 inter
761 1543 836 1574 epu·
875 1532 1012 1566 trunculi
1038 1532 1162 1573 aliquot
1186 1532 1323 1569 minuti,
1355 1532 1488 1571 praefeffi
1515 1531 1551 1564 &

161 1571 205 1604 las
219 1572 257 1604 de
268 1573 356 1611 bello
370 1574 545 1606 consultare
561 1573 646 1604 soliti
664 1582 750 1604 erant
762 1575 835 1604 bar—

159 1611 251 1684 }aiih
259 1612 340 1644 Vide
360 1612 443 1644 infra
463 1614 501 1645 de
517 1613 661 1644 Moribus
685 1614 834 1644 German.

203 1694 214 1708 ²
237 1693 372 1723 SAcium
394 1703 427 1723 m
447 1703 550 1723 nemus
576 1696 587 1726 J
609 1693 695 1722 Inter
716 1692 835 1722 Mosam

161 1731 199 1764 &
219 1731 383 1767 Rhenum,
411 1731 450 1761 ad
474 1731 728 1767 Duodecimum,
751 1742 835 1762 nunc

161 1770 382 1802 Duoden-Werd
390 1793 399 1805 ‚
412 1770 500 1802 fuiffe
513 1781 622 1802 nemus
630 1771 709 1801 illud
719 1771 835 1801 sacrum

162 1811 228 1842 deae
246 1811 342 1842 Levae
357 1835 366 1849 ,
389 1810 498 1850 ibique
519 1811 620 1842 adhuc
645 1810 702 1841 effe
728 1810 835 1841 vicum

161 1849 267 1880 Lewen
279 1873 288 1887 ,
321 1850 476 1882 existimat
494 1851 544 1881 Cl.
565 1850 674 1890 Alting
687 1872 697 1886 ‚
722 1849 835 1880 Notiria

162 1889 324 1920 Germaniae
344 1889 483 1927 inferioris
507 1890 629 1929 antiquae
644 1914 653 1925 ‚
673 1900 741 1929 pag.
765 1900 834 1928 103.

161 1929 198 1961 ὃ(
211 1930 291 1961 Tab.
309 1930 363 1961 IV.
378 1930 426 1960 De
444 1929 490 1959 his
513 1929 694 1961 nemoribus
714 1929 835 1960 dicetur

161 1967 264 2001 adhuc
286 1968 369 2000 infla
387 1970 426 1999 de
448 1969 590 2000 Moribus
608 1970 756 2000 German.
778 1970 833 1999 IX.

202 2014 213 2036 3
237 2009 351 2045 Neque
373 2020 451 2039 mum
472 2010 700 2046 sociem-rem]
720 2009 833 2048 Neque

163 2046 250 2078 enim
271 2047 391 2084 socios,
409 2056 444 2079 ut
457 2049 554 2083 olim,
577 2048 627 2079 sed
653 2048 756 2079 servos
782 2049 833 2078 ha-

161 2086 244 2118 beri·
255 2088 364 2119 Mallet
384 2088 493 2119 Illustr.
508 2088 748 2127 Huetius',neque
762 2088 833 2116 enim

161 2127 192 2157 in
207 2126 382 2171 fficiezatem:
398 2137 433 2158 ac
460 2127 587 2168 quidem
611 2128 734 2159 merito.
750 2128 832 2158 Eva-

161 2165 260 2197 nuiss'e
288 2166 413 2211 videtur
433 2167 607 2207 praepofitio
628 2168 670 2198 ob
697 2167 833 2206 superio-

161 2215 227 2237 tem
249 2206 431 2244 particulam
452 2208 533 2237 enim.

200 2250 215 2269 ⁴
237 2247 379 2283 QUANDO
402 2257 550 2277 ιεοΑτυΜ
565 2249 578 2284 ]
592 2248 711 2277 Notam
732 2246 832 2277 inter-

131 2306 137 2311 ·
161 2285 295 2325 rogandi
307 2287 386 2316 reste
401 2286 544 2325 apposuit
561 2286 702 2325 Lipfius;
730 2285 833 2324 ficque

161 2323 398 2364 interpretatum
415 2326 477 2362 En,
501 2325 594 2365 usque
611 2327 648 2356 eo
670 2325 747 2356 viles
770 2326 833 2356 Ro-

161 2363 260 2394 manis
279 2364 379 2395 sumus
391 2387 400 2399 ‚
418 2374 452 2395 ur
468 2375 532 2396 non
551 2365 643 2405 legati
660 2387 668 2400 ‚
687 2374 739 2395 aut
760 2375 834 2404 prae-

162 2410 248 2447 tore-s
262 2403 367 2434 saltem
381 2414 438 2435 nos
457 2404 604 2444 diripiant
619 2405 673 2441 (id
696 2405 737 2435 est
748 2426 757 2439 ‚
776 2404 833 2435 ho-

162 2441 331 2475 nestiorum
348 2443 492 2477 manibus
513 2447 698 2485 percamus)
718 2445 770 2477 sed
790 2445 834 2477 la-

879 1573 1089 1604 centuriones.
1110 1573 1208 1604 Aliter
1222 1573 1272 1602 Cl.
1289 1573 1438 1602 Ernestus.
1467 1571 1548 1603 Vide

876 1614 976 1644 Notas
986 1612 1020 1643 &
1030 1613 1275 1643 Emendationes
1286 1612 1325 1641 ad
1342 1611 1414 1641 Hist.
1428 1613 1469 1642 lV
1479 1633 1488 1647 ,
1501 1622 1550 1649 ¹4-

916 1658 924 1679 5
948 1653 1068 1683 Novos
1089 1653 1201 1689 smus]
1224 1650 1346 1689 Quibus
1358 1652 1549 1681 Batavorum

876 1702 950 1731 opes
973 1701 1059 1722 crant
1075 1692 1197 1722 abditae.
1215 1691 1297 1722 Vide
1310 1690 1397 1730 supra
1410 1689 1485 1720 Hist.
1499 1691 1550 1726 11,

874 1742 893 1768 9
914 1772 928 1790 ⁶
948 1771 1060 1801 ΙΝΑΜΑ
1082 1770 1271 1806 nacionum]
1295 1767 1548 1807 Infrequentium

874 1809 1146 1854 invalidorumque
1160 1809 1323 1849 legionum
1343 1808 1449 1847 inania
1461 1816 1549 1840 erant

874 1858 1017 1880 nomina.

913 1895 927 1914 ⁷
946 1892 1176 1920 Inpurmmzos
1196 1888 1210 1925 ]
1228 1888 1312 1917 Bene
1332 1886 1441 1917 Illustr.
1464 1887 1549 1917 Hue-

874 1928 933 1960 tius
947 1940 954 1958 :
979 1927 1012 1957 Si
1026 1951 1035 1965 ,
1060 1927 1178 1956 Batavis
1201 1925 1395 1955 rebellantibus
1405 1950 1413 1962 ‚
1427 1936 1471 1955 res
1487 1936 1549 1955 ma·

873 1966 1058 2008 lesuccedar,
1080 1967 1120 1996 irn
1137 1965 1303 2005 excusabunt
1315 1965 1388 2002 apud
1403 1965 1546 2005 Vefiraficz-

873 2018 954 2044 num,
967 2006 1035 2046 qudd
1056 2006 1267 2036 Vitellianarum
1278 2005 1399 2042 partium
1416 2006 1547 2044 reliquias

872 2047 978 2076 abolere
990 2047 1160 2076 tentaverint
1174 2044 1244 2086 ;fin
1259 2045 1393 2083 vincam,
1415 2045 1474 2084 quis
1488 2046 1548 2074 vic-

872 2097 944 2116 tores
961 2086 998 2115 ad
1013 2084 1178 2115 reddendam
1198 2085 1331 2114 rationem
1353 2095 1448 2125 cogere
1458 2084 1545 2124 pcffir,

913 2126 924 2146 ⁸
949 2127 1077 2156 PATRus
1098 2127 1408 2163 txsncnnriomnus]
1424 2124 1545 2155 Gentili

872 2166 922 2196 sua
939 2166 1110 2206 religione,
1124 2174 1157 2196 ut
1177 2165 1293 2196 dicrum
1310 2164 1398 2204 supra
1418 2164 1456 2195 de
1473 2163 1546 2194 Bri-

873 2205 975 2236 tannis
987 2229 996 2242 ,
1018 2205 1131 2235 Annal.
1149 2206 1228 2240 XII,
1245 2214 1293 2242 34.

912 2250 924 2269 9
943 2246 1076 2275 PARTEM
1094 2242 1469 2281 mstvtffi]0ccidenta1em
1482 2251 1546 2280 par-

872 2293 936 2315 tem
952 2284 1055 2314 insula:
1066 2307 1074 2321 ‚
1088 2286 1121 2315 ὅ(
1143 2286 1273 2314 Oceano
1288 2282 1472 2322 proximam.
1490 2281 1546 2323 Pli-

872 2325 940 2354 nius
952 2326 1057 2363 lv,15‚
1068 2323 1224 2363 nobilfflima
1236 2322 1404 2352 Batavorum
1414 2320 1498 2360 insula
1516 2321 1546 2348 {r

873 2363 1105 2400 Cnnnenujnrum.
1128 2363 1176 2394 lbi
1193 2373 1275 2393 nunc
1298 2362 1326 2390 la
1341 2361 1435 2400 Have,
1453 2360 1547 2388 limer-

872 2403 937 2432 dam
948 2428 956 2441 ‚
971 2404 1033 2434 &c-
1050 2402 1295 2433 Canninefarum
1309 2410 1411 2431 autem
1424 2409 1545 2443 memo·-

872 2443 951 2476 riam
970 2443 1083 2475 exstare
1099 2443 1133 2475 in
1149 2442 1222 2476 vico
1235 2440 1415 2480 liemclturg
1426 2459 1434 2475 ,
1448 2449 1501 2479 qui
1512 2448 1545 2470 in

1575 307 1694 332 A.U.C.

1597 356 1671 385 822.

1599 407 1621 430 J.
1635 407 1664 431 C.

1605 456 1659 491 69.
