2209 3047
303 180 774 223 HISTORIARUM
812 179 1004 221 LIBER
1038 180 1334 224 TERTIUS.
1434 197 1518 237 2¹5

144 261 379 319 prodidere,
399 265 491 303 cum
508 278 528 303 a
545 260 675 304 Galba
689 260 951 303 descivissent.
967 261 1165 317 Praecipiti
1183 265 1222 302 in
1240 264 1429 305 occasum
1444 266 1530 318 die,
1554 287 1668 300 Ξ

143 326 196 366 ob
214 341 405 382 pavorem
423 327 717 380 magistratuum
735 326 1040 378 senatorumque
1054 354 1067 374 ‚
1092 326 1161 378 qui
1177 326 1312 382 dilapsi
1329 344 1379 369 ex
1396 329 1500 370 Urbe
1517 359 1530 381 ‚
1555 319 1669 392 “3¹:20

143 402 213 429 aut
240 404 308 445 per
335 389 476 430 domos
502 388 710 429 clientium
738 389 863 428 semet
892 386 1153 428 occultabant
1168 418 1179 437 ‚
1208 393 1345 430 vocari
1374 392 1529 434 senatus
1577 414 1599 437 J,
1613 385 1649 439 es

144 467 227 492 non
251 453 394 507 potuit.
416 452 696 492 Domitianum
711 480 723 500 ‚
750 453 952 507 postquam
976 449 1077 490 nihil
1096 450 1236 492 hostile
1253 454 1531 508 metuebatur,
1582 462 1634 494 69-

92 530 116 570 5
146 515 195 555 ad
210 515 332 556 duces
349 516 519 571 partium
537 514 780 570 progress'um
794 543 807 563 ,
834 518 875 554 ὅ(
897 512 1080 568 Caestzrem
1101 514 1395 556 consalutatum
1411 548 1424 569 ,
1451 522 1528 559 mi-

91 573 93 575 ’
140 575 199 620 les
215 578 400 633 frequens
414 608 426 628 ‚
449 591 571 632 utque
589 590 671 619 erat
686 578 727 616 in
743 578 859 617 armis
873 606 886 627 ,
912 578 954 617 iu
972 591 1154 633 paternos
1170 593 1332 634 penates
1351 581 1529 624 deduxit.

148 699 275 730 nemine
304 699 549 730 dissertationem
564 721 572 734 ‚
603 697 664 736 quai
690 697 821 737 fingula-
859 701 899 729 At
915 699 994 729 nulli
1020 699 1129 730 ssnceri
1151 699 1214 738 ejus
1239 701 1378 737 nummi,
1397 712 1434 732 ex
1455 713 1529 740 oere,

149 749 215 769 rem
233 739 268 769 ὃς
288 738 449 768 absurdam
469 739 506 768 de
535 737 660 771 Galbae,
684 738 820 768 Othonis
859 739 966 769 Roma:
984 738 1062 773 cufi,
1076 739 1353 772 haetenusinventi
1368 742 1453 771 sunt:
1473 744 1530 773 cir-

149 779 184 808 &
204 777 325 808 Vitellii
348 777 545 807 triumviratu
564 776 749 816 opinionem
762 801 770 813 ‚
786 777 820 806 in
859 777 1071 808 cumferuntur
1080 779 1257 815 adulterini,
1268 790 1345 818 quos
1358 781 1438 810 inter
1450 783 1529 812 cele-

149 816 257 847 iisdem
282 816 415 853 Diariis,
444 815 578 856 Augusto
601 816 723 853 mense,
744 824 819 855 part.
858 817 1039 847 bratissimus
1056 818 1112 854 est,
1138 829 1231 857 quern
1255 820 1384 859 Magnus
1401 821 1529 852 Etruria)

149 857 173 885 1.
189 866 257 895 pag.
277 866 353 895 1350
367 856 400 887 &
415 855 499 895 seqq.
517 854 706 893 propositam
718 879 727 892 ‚
739 866 819 886 con·
860 856 931 886 Dux
953 856 1033 887 olim
1055 857 1131 887 emit
1155 868 1248 896 7000.
1264 859 1344 896 frudi
1356 883 1364 896 ,
1382 868 1414 890 ut
1432 861 1528 899 vulgi)

151 895 243 925 futat.
268 895 329 925 Vix
349 903 454 927 tamen
475 895 538 925 haec
560 894 749 926 refutatione
772 895 820 924 in-
859 895 1043 934 loquuntur.
1066 898 1100 926 In
1128 907 1187 928 una
1204 897 1268 927 falfi
1291 899 1379 937 hujus
1408 901 1528 930 nummi

151 934 270 973 digent.
284 936 375 965 Nunc
390 935 464 966 vero
475 959 483 972 ,
496 945 534 965 ne
549 934 608 964 alia
625 934 704 964 fraus
717 934 820 965 subre-
859 943 943 974 parte
955 936 1036 965 IMP.
1049 937 1180 967 OTHO.
1196 938 1305 968 CAES.
1324 940 1420 970 AVG.
1438 941 1469 969 P.
1485 941 1528 970 Μ.

151 983 204 1013 pat
217 998 225 1010 ‚
241 974 412 1004 addiderim
424 997 432 1009 ‚
447 974 521 1005 licet
542 973 574 1003 id
595 973 723 1004 eruditis
747 984 819 1004 om-
859 976 947 1005 COS.
964 976 1004 1004 11.
1021 976 1121 1015 Caput
1140 976 1277 1007 Othonis
1296 978 1478 1008 laureatum.
1493 982 1529 1009 In

151 1013 242 1043 nibus
253 1012 288 1043 fit
303 1021 498 1052 compertum
509 1037 517 1050 ,
528 1014 699 1043 nonnullos
711 1023 819 1044 aureos
858 1013 953 1044 altera
967 1022 1070 1053 parte:
1090 1016 1265 1047 MATVRA
1289 1018 1527 1049 CELERITAS.

151 1053 374 1096 argenteosque
388 1052 523 1083 Othonis
541 1052 818 1089 nummoshaberi,
858 1056 1029 1091 Imperator
1047 1054 1078 1084 in
1093 1054 1245 1094 suggestu,
1263 1057 1397 1088 adstante
1426 1057 1530 1088 homi-

149 1092 271 1131 ahquot
287 1100 399 1128 etiam,
426 1092 555 1123 rariores
580 1100 683 1123 tamen
696 1115 705 1128 ,
723 1103 819 1122 aereos
858 1103 932 1123 num
950 1093 1170 1132 multitudine,
1188 1097 1352 1134 pecuniam
1374 1107 1390 1127 e
1405 1096 1470 1128 finu
1485 1098 1529 1129 ef-

147 1130 324 1170 reperiri,in
337 1133 472 1172 AEgypto
486 1131 706 1165 &Antiochiae
720 1131 818 1162 cusos.
858 1131 973 1164 fundit.
992 1134 1022 1163 S.
1044 1134 1080 1163 C.
