2230 3047
654 184 731 230 ηε
889 177 937 218 e.
1005 176 1422 228 CORNELII
1486 175 1778 217 TACITI

512 275 625 297 ,εΞ-τΞ
645 260 838 313 gniorque
854 287 866 308 ,
899 259 948 299 ad
973 274 1111 300 omnes
1138 260 1448 314 municipiorum
1482 255 1747 309 villarumque
1775 256 2023 299 amoenitates

514 310 625 385 Agge*
644 321 816 362 relistens
843 327 852 342 ¹
871 351 885 372 ‚
911 324 1023 376 gravi
1044 323 1192 363 Urbem
1214 322 1372 376 agmine
1394 318 1566 376 petebat.
1582 320 1800 374 Sexaginta
1817 318 1942 360 millia
1962 335 2023 360 ar-

535 376 604 430 ch..
644 396 843 425 matorum
863 388 877 405 ²
899 385 1161 440 sequebantur
1175 415 1187 436 ,
1212 382 1375 425 licentia
1399 396 1598 439 corrupta.
1616 381 1819 423 Calonum
1837 397 2023 423 numerus

545 455 596 489 69·
645 446 815 503 amplior
836 452 874 494 33
899 449 1178 504 procacissimis
1201 449 1320 488 etiam
1345 447 1448 486 inter
1471 446 1605 487 servos
1624 444 1794 487 lixarum
1815 446 1986 500 ingeniis
2014 461 2023 484 z

645 524 708 551 tot
724 510 948 566 legatorum
963 513 1262 564 amicorumque
1280 511 1493 551 comitatus
1510 508 1695 550 inhabilis
1712 509 1759 549 ad
1776 508 1993 564 parendum
2009 536 2023 559 ,
2082 521 2104 561 5

648 574 770 614 etiam
788 574 815 614 fi
840 573 992 614 summa
1013 573 1202 615 modestia
1228 586 1442 628 regeretur.
1465 572 1698 613 Onerabant
1723 571 2024 612 multitudinem

649 636 761 678 obvii
782 651 831 678 ex
852 636 959 678 Urbe
979 637 1178 678 senatores
1199 636 1448 690 equitesque:
1473 636 1634 690 quidam
1655 648 1765 676 metu
1778 664 1790 685 ‚
1814 633 1933 675 multi
1956 648 2026 690 per

649 698 947 750 adulationem,
974 702 1122 750 ceteri,
1147 716 1193 742 ac
1217 698 1426 756 paullatim
1448 714 1612 750 omnes,
1638 714 1714 749 ne,
1739 698 1825 738 aliis
1845 697 2026 754 proficis-

648 762 829 804 centibus
843 793 855 813 ,
880 763 949 819 ipsi
970 777 1230 804 remanerent.
1258 762 1591 818 Adgregabantur
1612 777 1633 803 e
1653 760 1770 819 plebe
1785 791 1798 812 ‚
1829 759 2025 815 flagitiosa

647 840 718 882 per
733 825 920 879 obsequia
935 825 1105 867 Vitellio
1122 827 1299 881 cogniti,
1322 826 1480 877 scurrae,
1498 827 1704 866 histriones
1719 855 1731 875 ,
1754 826 1916 879 aurigae,
1940 824 2025 877 qui-
2057 835 2070 860 1
2082 835 2106 860 0

645 888 718 929 bus
732 887 800 928 ille
816 889 1078 930 amicitiarum
1092 889 1451 930 dehonestamentis
1468 889 1566 929 mire
1580 887 1790 943 gaudebat.
1806 889 1897 928 Nec
1912 884 2027 927 colo-

645 953 718 991 niae
742 951 863 991 modo
876 980 890 1001 ,
916 965 983 992 aut
1004 953 1247 1008 municipia,
1275 953 1467 1006 congestu
1489 953 1696 1007 copiarum
1718 955 1756 1000 4,
1777 949 1927 1005 sedipfi
1941 947 2027 990 cul-

641 1026 749 1054 tores
769 1043 781 1063 ,
816 1029 1012 1068 arvaque,
1041 1016 1204 1056 maturis
1229 1013 1309 1067 jam
1348 1013 1555 1069 frugibus,
1592 1027 1637 1054 ut
1673 1011 1814 1053 hostile
1855 1011 1985 1053 solum
2011 1022 2027 1063 ,·

645 1076 906 1118 vastabantur.

706 1139 1031 1181 LXXXVIII.
1064 1141 1257 1181 MULTAE
1281 1144 1321 1181 &
1339 1153 1492 1181 atroces
1506 1140 1608 1180 inter
1624 1140 1662 1180 se
1679 1138 1852 1179 militum
1872 1137 1997 1179 caedes
2010 1167 2024 1189 ,
2058 1145 2071 1170 1
2084 1142 2106 1182 5

645 1202 730 1258 post
748 1202 984 1244 seditionem
999 1204 1137 1244 Ticini
1154 1217 1329 1260 coeptam
1349 1207 1387 1250 53
1415 1217 1600 1244 manente
1622 1201 1830 1257 legionum
1855 1199 2026 1242 auxilio-

643 1279 810 1318 rumque
831 1265 1051 1313 discordia;
1076 1266 1145 1306 ubi
1175 1267 1358 1308 adversus
1383 1281 1559 1322 paganos
1585 1264 1602 1287 ⁶
1629 1266 1861 1306 certandum
1891 1265 1996 1305 foret
2012 1295 2027 1315 ,

643 1328 852 1368 consensu.
867 1329 946 1370 Sed
960 1329 1129 1385 plurima
1146 1331 1310 1385 strages,
1325 1330 1373 1371 ad
1389 1329 1602 1385 septimum
1617 1328 1664 1369 ab
1681 1328 1787 1369 Urbe
1804 1327 1977 1384 lapidem
1991 1333 2027 1367 ⁷:

640 1389 804 1445 singulis
822 1391 877 1432 ibi
904 1392 1097 1434 militibus
1112 1392 1301 1434 Vitellius
1332 1406 1489 1449 paratos
1517 1391 1654 1443 cibos,
1677 1405 1722 1432 ut
1746 1390 2025 1447 gladiatoriam

644 1453 821 1508 saginam
849 1452 862 1476 8
877 1485 890 1505 ,
913 1455 1127 1497 dividebat.
1143 1456 1194 1496 Et
1210 1456 1332 1497 effusa
1351 1455 1512 1512 plebes,
1537 1456 1632 1496 totis
1650 1455 1689 1496 se
1706 1456 1836 1496 castris
1852 1454 2023 1495 miscue·
2051 1467 2108 1492 20

686 1565 696 1581 ¹
720 1561 886 1592 REstrEus
907 1567 918 1597 ]
952 1563 1126 1595 Confistens
1145 1588 1154 1603 ‚
1180 1557 1321 1596 morans.⁴
1355 1564 1448 1603 quam
1464 1564 1497 1594 in
1514 1563 1668 1595 exercitus
1682 1562 1858 1594 ministeria.
1880 1562 1928 1592 De
1943 1561 2025 1593 calo-

645 1600 695 1631 Sic
720 1600 880 1636 Phaedrus,
898 1602 1025 1640 Fab.1,
1049 1615 1095 1634 12.
1354 1603 1446 1633 nibus
1463 1605 1498 1635 ὅ(
1520 1604 1590 1634 lixis
1619 1603 1693 1634 vide
1719 1613 1784 1642 quae
1815 1610 1929 1646 notata·
1956 1601 2025 1632 sunt

695 1658 735 1683 Aa
745 1659 837 1689 fontem
851 1666 930 1683 cervus
951 1658 1003 1683 caim
1019 1659 1124 1691 bibiffst,
1143 1660 1242 1692 restitit,
1354 1642 1428 1687 Hist·
1443 1643 1475 1677 1³
1495 1654 1546 1681 49·
1574 1642 1769 1687 JLuxurlantP
1796 1650 1899 1673 amem
1920 1650 2024 1679 lmpe-

693 1693 726 1716 Et
746 1693 770 1716 in
783 1693 871 1725 liquore
891 1693 951 1717 viiic
978 1694 1078 1726 effigiem
1089 1695 1167 1726 βω,
1354 1692 1419 1719 no,
1443 1691 1478 1712 ac
1499 1692 1635 1713 maxime
1651 1682 1784 1713 Vitellio
1797 1704 1805 1716 ,
1828 1681 1911 1711 hunc
1936 1680 2022 1711 calo-

1355 1731 1429 1751 num
1447 1731 1611 1753 numerum
1632 1731 1728 1751 nemo
1756 1721 1918 1751 mirabitur
1933 1742 1943 1755 ‚
1969 1719 2024 1758 qui

685 1754 707 1797 ²,
726 1754 908 1784 Stxmmu
938 1765 1051 1785 ΜιιιιΑ
1080 1758 1313 1794 ARM-wonum]
1353 1761 1540 1798 attenderit,
1553 1763 1623 1792 cum
1634 1770 1652 1791 a
1666 1760 1801 1791 Cimbris
1811 1762 1872 1790 Cn.
1888 1759 2023 1789 Manlius

644 1792 748 1829 Major
766 1793 896 1832 quidem
928 1793 1028 1825 fuerat
1051 1795 1173 1826 Vitellii
1201 1796 1316 1827 exerci—
1354 1800 1387 1830 ὃς
1404 1800 1552 1832 Servilius
1572 1799 1679 1838 Caepio
1703 1799 1777 1829 vicii
1801 1799 1890 1835 sunt,
1907 1798 2022 1827 militum

644 1839 692 1874 tus
704 1855 712 1867 ,
731 1840 765 1862 ut
783 1832 919 1862 vidimus
936 1833 1023 1872 supra
1035 1835 1107 1864 H1st.
1121 1836 1152 1871 Ι,
1168 1838 1203 1865 61
1222 1836 1314 1873 &64
1353 1838 1438 1868 millia
1457 1840 1591 1880 oc‘loginta
1611 1839 1697 1878 occifiz
1716 1838 1824 1874 firiffe,
1847 1837 1971 1867 calonum
1988 1847 2024 1865 ac

644 1871 718 1913 Hiss.
732 1872 777 1914 11',
800 1881 850 1911 57.
875 1874 916 1916 ᾼτ
936 1873 1034 1917 multa
1058 1873 1224 1911 hominum
1244 1874 1315 1904 mil·
1353 1878 1471 1907 lixarum
1508 1878 1705 1919 quadraginta.
1731 1877 1819 1908 Livii
1854 1877 2022 1917 Ephome,

645 1909 687 1939 ha
703 1919 855 1948 perierant
875 1922 909 1941 m
933 1913 1050 1956 proelus
1066 1913 1105 1943 ad
1123 1914 1230 1944 locum
1245 1914 1315 1945 Cas·
1353 1919 1482 1949 LXVII.

644 1956 768 1984 torum,
791 1951 828 1980 ad
849 1951 1051 1989 Bebrxacum,
1067 1952 1142 1982 Hist.
1159 1954 1205 1988 11,
1226 1963 1266 1991 24
1281 1954 1314 1985 δε
1391 1961 1406 1980 4
1427 1958 1601 1987 Conantur
1630 1959 1645 1995 ]
1672 1956 1872 1988 cibariorum
1892 1977 1902 1993 ,
1931 1964 2023 1987 com·-

641 1999 692 2031 43..
716 1989 822 2019 Caedes
834 2000 962 2029 quoque
979 1991 1117 2029 plurimae
1137 1992 1170 2022 in
1189 1992 1315 2024 seditio·
1353 2005 1520 2027 meatuum.

641 2028 732 2070 mbus
752 2027 835 2071 ῑᾷὄῒπ
847 2051 856 2063 ‚
873 2029 945 2059 Hist-
959 2031 1013 2074 ‚IL
1031 2034 1069 2061 68
1084 2032 1117 2062 ὃ(
1134 2034 1183 2062 88-
1199 2033 1313 2071 Ampu-
1395 2041 1403 2062 5
1427 2036 1533 2067 Txcnu
1555 2045 1684 2066 carpum
1701 2037 1715 2074 ]
1741 2034 1820 2067 Vide
1844 2035 1931 2074 supra
1954 2044 2022 2073 cap.

642 2073 699 2096 tati
719 2067 747 2110 le
771 2069 1148 2112 ionum'auxlhorumque
1169 2072 1312 2102 numeri:
1351 2076 1401 2105 68.

641 2115 743 2143 prorm
759 2117 821 2137 cuae
852 2109 1163 2149 mistiones-oblatae:
1186 2110 1312 2142 remilsae
1390 2115 1403 2133 ⁶
1422 2114 1599 2146 Anvmsus
1616 2115 1779 2151 melanos]
1802 2114 1955 2144 Adversus
1966 2123 2021 2143 eos

639 2145 829 2175 Batavorum
848 2147 1009 2178 cohortes:
1037 2149 1158 2180 reddita
1177 2150 1313 2181 civitati·
1351 2153 1404 2192 qui
1426 2164 1493 2183 non
1508 2153 1695 2184 militabant.
1726 2154 1773 2183 De
1803 2152 1928 2193 paganis
1955 2152 2021 2182 dic-

640 2184 697 2228 bus
714 2185 878 2215 Gallorum
896 2187 1031 2230 auxilia,
1043 2188 1119 2218 Hist.
1135 2190 1183 2226 11,
1200 2192 1312 2226 69.Sa-
1349 2201 1415 2223 tum
1435 2193 1474 2223 est
1497 2192 1583 2231 supra
1608 2192 1682 2222 Hist.
1697 2193 1729 2228 Ι,
1755 2202 1802 2232 53.

640 2230 683 2267 ῐιεε
697 2233 770 2264 ergo
795 2235 832 2254 ex
859 2226 973 2269 Tacito
986 2235 1070 2265 patet
1079 2229 1244 2267 quomodo
1259 2229 1312 2259 im·
1389 2238 1402 2257 7
1424 2233 1588 2262 Sap-rmum
1607 2242 1644 2262 ΑΒ
1660 2233 1744 2261 URBE
1767 2242 1906 2262 LAPIDEM
1918 2231 1934 2267 ]
1948 2231 2018 2269 Sep-

641 2271 778 2294 mmutus
791 2263 884 2308 fuerit
901 2265 1022 2296 Vitellii
1043 2267 1207 2298 exercitus.
1222 2269 1311 2299 Frus-
1350 2278 1412 2301 tem
1426 2271 1526 2301 millia
1546 2270 1680 2310 passuum
1689 2271 1727 2301 ab
1743 2271 1845 2308 Urbe3
1862 2280 1896 2300 ac
1911 2269 2018 2308 proin-

642 2309 751 2346 traque
772 2304 907 2334 eruditus
934 2305 1066 2336 Savilius
1088 2306 1233 2337 Tacitum
1261 2307 1309 2338 hic
1350 2310 1387 2340 de
1400 2321 1496 2349 prope
1511 2311 1618 2341 locum
1629 2332 1638 2346 ,
1655 2310 1708 2349 qui
1723 2320 1806 2340 nunc
1818 2309 1930 2340 dicitur
1948 2308 2018 2338 Pri-

642 2341 771 2372 vellicat
783 2366 791 2379 ,
807 2351 841 2372 ut
858 2345 938 2374 rec'le
965 2345 1142 2376 observavit
1161 2346 1308 2385 Ryckius.
1348 2359 1392 2378 ma
1416 2350 1515 2379 Porta.

682 2385 691 2406 3
716 2382 876 2412 Cunnum
899 2393 1046 2427 nullanus
1067 2386 1308 2428 AM32110n]Tot
1388 2388 1400 2408 ⁸
1421 2390 1564 2419 Samum
1578 2387 1746 2431 ]Saginam
1771 2387 1856 2418 illam
1877 2386 2017 2418 imitatur

641 2419 768 2453 aderant
787 2421 929 2462 calones,
945 2423 1140 2464 lrxae‚magrs
1151 2424 1185 2456 in
1195 2424 1289 2457 luxus
1296 2449 1306 2466 ,
1347 2427 1400 2467 id,
1418 2428 1505 2468 quod
1519 2437 1603 2459 nunc
1621 2427 1754 2459 d1cimus
1773 2438 1826 2458 une
1840 2436 1971 2468 cocagne.
