2230 3047
164 844 216 872 10

163 1153 211 1192 15

156 1476 212 1503 20

427 181 904 228 HISTORIARUM
939 179 1137 221 LIBER
1176 182 1431 223 PRIMUS.
1573 193 1629 233 45

246 280 325 322 que
350 271 360 288 ¹
385 265 564 308 faventes
591 264 821 314 vocabant,
849 262 958 318 quod
980 262 1058 302 fine
1081 261 1203 301 modo
1218 291 1230 311 ,
1258 263 1335 302 fine
1356 261 1536 315 judicio,
1559 261 1631 302 do-
1655 279 1773 300 Ξ

248 343 359 370 naret
381 330 472 380 sua,
495 328 705 383 largiretur
724 327 877 368 aliena:
900 324 1034 375 simul,
1059 325 1245 365 aviditate
1263 326 1485 380 imperandi
1506 329 1519 346 ²
1537 355 1550 376 ,
1573 326 1631 382 ip-

248 393 288 433 sa
311 394 407 432 vitia
431 407 503 447 pro
518 391 732 432 virtutibus
746 388 1122 445 interpretabantur.
1138 386 1265 427 Multi
1283 389 1324 426 in
1340 401 1508 442 utroque
1525 403 1633 428 exer-

249 456 333 495 citu
355 455 453 495 ficut
472 455 639 494 modesti
661 454 890 507 quietique,
920 454 975 493 ita
1002 449 1097 491 mali
1123 455 1163 491 ὅ(
1187 451 1353 490 strenui:
1381 451 1447 491 sed
1472 449 1633 506 profusa

248 518 459 573 cupidine,
480 521 520 557 &
535 517 678 570 insigni
697 517 921 556 temeritate
934 545 947 565 ,
970 514 1093 569 legati
1109 513 1318 567 legionum
1330 542 1344 563 ,
1363 512 1531 555 Alienus
1549 515 1634 554 Coe-

247 582 338 621 cina
352 609 365 631 ,
392 584 434 620 ὃ(
457 579 602 621 Fabius
623 577 794 620 Valens:
831 592 852 618 e
874 578 1015 632 quibus
1041 575 1192 618 Valens
1204 605 1219 626 ,
1247 575 1423 616 infensus
1457 577 1593 617 Galbae
1618 606 1635 630 ,

245 655 448 697 tamquam
467 642 663 683 deteCmm
680 657 701 683 a
715 642 753 682 se
770 642 955 696 Verginii
972 641 1269 682 cu11&ationem
1290 644 1300 667 ³
1320 669 1333 689 ‚
1362 639 1539 695 oppressa
1557 641 1634 682 Ca-

245 707 395 762 pitonis
410 704 573 746 consilia
589 710 626 755 4,
642 704 798 759 ingrate
814 703 962 744 tulisset
983 709 1012 754 5,
1034 704 1217 757 instigare
1229 701 1459 752 Vitellium,
1483 720 1504 738 «
1520 704 1632 744 ardo-

244 783 362 809 »rem
379 767 554 808 militum
569 785 591 805 ))
616 768 827 808 ostentans.
852 784 873 804 «
895 767 1031 822 Ipsum
1052 764 1200 806 celebri
1222 764 1369 819 ubique
1388 763 1515 806 fama:
1545 765 1634 806 nul-

244 830 357 872 ›ilam
379 833 419 871 in
442 830 594 873 Flacco
613 830 856 873 Hordeonio
881 829 898 851 ⁶
923 844 1097 870 moram:
1125 829 1261 869 adfore
1281 829 1552 869 Britanniam:
1577 829 1635 870 se-

243 912 266 934 »
278 908 417 936 cutura
442 896 739 936 Germanorum
761 892 930 935 auxilia:
959 891 1064 933 male
1091 891 1187 932 fidas
1215 893 1467 948 provincias:
1493 907 1634 948 preca-

243 960 380 998 »rium
403 958 487 999 seni
518 959 730 1014 imperium
746 986 759 1007 ‚
790 961 830 997 ὅ(
854 956 966 997 brevi
992 953 1267 997 transiturum:
1295 955 1488 1011 panderet
1509 956 1634 996 modo

242 1038 264 1058 »
276 1022 400 1061 sinum
416 1051 429 1072 ,
455 1025 495 1062 ὅ(
514 1022 694 1061 venienti
709 1020 875 1060 fortunae
891 1032 1133 1060 occurreret.
1147 1019 1300 1060 Merito
1319 1018 1510 1060 dubitasse
1528 1021 1633 1061 Ver-

242 1085 430 1139 »ginium
446 1114 460 1134 ,
487 1085 654 1138 equestri
679 1081 830 1123 familia
846 1112 858 1132 ,
889 1084 1032 1137 ignoto
1062 1095 1194 1138 patre:
1220 1083 1439 1138 imparem,
1467 1082 1494 1121 si
1519 1097 1632 1123 rece-

244 1146 391 1203 »pisset
408 1148 621 1202 imperium
639 1159 813 1195 :tutum,
829 1146 854 1184 fi
874 1145 1096 1186 recusasset.
1112 1144 1284 1187 Vitellio
1305 1158 1383 1186 tres
1401 1146 1520 1201 patris
1537 1161 1632 1187 con-

242 1208 425 1250 »sulatus
439 1239 454 1261 ‚
470 1209 679 1250 censuram
692 1239 706 1260 ,
724 1208 945 1263 collegium
961 1208 1122 1249 Caesaris
1140 1213 1177 1258 ⁷,
1195 1212 1235 1249 &
1250 1209 1458 1264 imponere
1474 1207 1632 1266 jampri-

240 1288 264 1311 >)
275 1273 365 1314 dem
389 1273 645 1329 Imperatoris
686 1273 991 1326 dignationem,
1021 1275 1062 1312 ὃ(
1088 1271 1240 1312 auferre
1273 1273 1417 1326 privati
1443 1271 1632 1314 securita-

241 1349 357 1376 »tem
376 1353 419 1378 ».
440 1335 709 1391 Quatiebatur
730 1337 790 1376 his
827 1335 947 1389 segne
977 1336 1213 1389 ingenium,
1250 1347 1296 1375 ut
1324 1336 1632 1391 concupisceret

240 1401 368 1454 magis
389 1428 401 1448 ,
435 1398 553 1454 quam
575 1412 619 1439 ut
643 1399 829 1455 speraret.

303 1462 439 1503 LIII.
473 1464 547 1502 AT
566 1463 606 1502 in
628 1462 830 1517 superiore
853 1459 1097 1511 Germania,
1125 1461 1309 1512 Caecina,
1332 1459 1478 1503 decora
1493 1459 1631 1513 juven-

240 1522 280 1568 ta
292 1554 307 1579 ‚
328 1541 499 1583 corpore
517 1527 659 1581 ingens
673 1554 686 1577 ,
709 1526 830 1566 animi
846 1524 1086 1566 immodicus
1102 1554 1115 1575 ‚
1140 1525 1242 1566 scito
1264 1524 1447 1566 sermone
1460 1555 1473 1576 ,
1495 1526 1628 1566 ereuo

283 1654 292 1669 ¹
327 1650 529 1681 Com-rnen
561 1658 808 1684 aomrmamoua
834 1649 848 1685 ]
876 1649 915 1679 Ut

242 1688 387 1720 noscatur
403 1688 564 1729 ingenium
583 1687 740 1725 hominis,
757 1698 820 1727 quo
833 1687 915 1718 forte

242 1738 414 1768 numquam
448 1728 563 1758 exstitit
585 1727 681 1766 magis
705 1727 914 1765 spernendus,

241 1768 336 1811 paulo
365 1767 511 1806 longiora
539 1767 665 1798 afferam
693 1776 732 1796 ex
760 1765 913 1796 Suetonio

241 1816 276 1838 m
291 1806 398 1837 Vitell.
417 1808 486 1838 Vll.
509 1806 674 1837 Vitellium
691 1805 914 1836 advenientem

240 1845 313 1874 male?
332 1846 472 1875 animatus
492 1855 559 1885 erga
577 1845 734 1881 Principem
755 1845 892 1874 exercitus
904 1868 912 1881 ‚

237 1895 325 1922 pronu
338 1895 386 1924 que
407 1884 443 1914 ad
463 1895 507 1914 res
525 1895 612 1914 novas
625 1908 634 1921 ‚
649 1884 736 1913 libens
755 1894 789 1912 ac
806 1884 916 1922 supinis

240 1925 317 1954 mani
336 1934 368 1953 us
378 1925 501 1961 excepit,
515 1924 589 1954 velut
604 1923 672 1953 dono
687 1922 764 1952 deum
777 1923 912 1959 oblatum,

238 1963 321 1994 tenid
335 1963 566 2003 confiilisfilium‚
587 1972 670 1992 oeture
688 1963 797 2002 integra
810 1962 915 2000 ‚facili

239 2012 279 2032 ac
307 2002 421 2043 prodigo
447 2003 549 2033 animo.
572 2002 666 2043 Quam
695 2012 811 2031 veterem
837 2001 915 2040 dese

237 2042 435 2082 perfimstonem
452 2041 582 2073 Vitellius
598 2041 752 2071 recentibus
766 2042 849 2071 etiam
869 2051 915 2069 ex-

235 2081 398 2119 perimentis
422 2091 557 2117 auxerat,
582 2083 639 2112 ῑοτά
668 2081 715 2110 vizi
733 2081 914 2123 caligatorum

237 2131 339 2160 quoque
363 2121 478 2151 militum
495 2121 587 2150 obvios
608 2120 767 2159 exosculans
782 2133 790 2148 :
816 2130 915 2159 perque

236 2159 348 2199 stabula
371 2170 405 2189 ac
427 2160 572 2199 diversi>ria
586 2184 594 2198 ,
620 2159 783 2189 mulionibus
802 2170 835 2188 ac
852 2160 915 2189 via—

239 2199 345 2229 toribus
362 2209 463 2236 praeter
477 2199 581 2228 modum
597 2199 696 2228 comis:
714 2208 743 2228 ut
765 2198 915 2238 manefin-

236 2238 336 2278 gulos,
351 2239 444 2277 jamne
465 2238 853 2279 jentaffent?scifi'irarezur‚
868 2239 915 2277 fi—

238 2288 288 2317 que
302 2277 394 2318 feciffie
417 2278 490 2307 ruflu
515 2289 613 2317 quoque
638 2277 794 2317 ostenderet.

281 2323 292 2337 ²
318 2320 505 2350 Avrmmriz
525 2316 837 2354 lMPERAN01]Simul
850 2315 914 2346 avi-

955 1647 1040 1678 enim
1073 1647 1204 1679 aviditas
1233 1646 1385 1678 militibus
1416 1647 1539 1683 inerat,
1561 1657 1631 1678 non

954 1696 1058 1717 antem
1072 1687 1157 1727 segni
1178 1687 1362 1727 praepinguis
1375 1697 1410 1718 ac
1429 1686 1567 1717 ventrofi
1577 1687 1631 1718 Vi·

955 1727 1035 1757 tellii
1063 1726 1204 1766 ingenio.
1225 1727 1272 1757 De
1293 1726 1350 1757 hac
1364 1750 1373 1763 ,
1395 1726 1461 1756 sara
1477 1726 1604 1766 quidem
1620 1749 1631 1764 ,

955 1776 1021 1796 non
1043 1774 1148 1796 tamen
1164 1765 1331 1802 insolenti,
1359 1765 1485 1796 dicendi
1505 1765 1630 1797 ratione

954 1805 1028 1836 vide
1047 1806 1147 1837 Notas
1170 1806 1205 1837 ὃς
1224 1805 1470 1836 Emendationes
1494 1806 1532 1835 ad
1552 1805 1629 1836 Hist.

954 1846 985 1882 1,
1005 1854 1052 1884 52.

995 1890 1004 1910 3
1030 1884 1182 1914 Vnam-11
1217 1884 1497 1921 cuxe‘rATiouEM]
1523 1884 1628 1914 Tacit.

954 1923 1040 1968 supra
1055 1933 1121 1962 cap.
1141 1925 1171 1953 8.
1188 1922 1251 1952 Nec
1265 1922 1361 1962 statim
1379 1933 1427 1959 pro
1445 1922 1538 1952 Galba
1556 1923 1628 1954 Ver-

950 1972 1056 2002 gznzus.

992 2007 1006 2025 4
1027 2004 1190 2032 oppansa
1213 2002 1384 2031 Cmroms
1405 2003 1629 2039 cousrrm]Ut

954 2041 1071 2071 dietum
1088 2041 1128 2071 est
1152 2041 1184 2070 in
1204 2041 1430 2079 Supplemento
1457 2041 1628 2072 Annalium

954 2082 1045 2116 XVI,
1068 2091 1120 2117 92.

997 2126 1004 2147 5
1028 2121 1168 2149 {Neam
1191 2119 1364 2155 τυιῐεεετ]
1383 2118 1482 2149 Nullo
1502 2119 1628 2150 reddito

953 2159 1008 2189 fibi
1032 2159 1178 2196 praemio,
1197 2167 1231 2189 ut
1255 2160 1336 2189 reete:
1363 2159 1499 2198 explicat
1520 2159 1628 2188 lllustr.

954 2197 1092 2229 Huetius.

994 2240 1006 2256 ⁶
1030 2238 1154 2267 chco
1173 2237 1370 2268 Honnromo
1388 2239 1402 2275 ]
1419 2237 1466 2267 Dc
1489 2247 1552 2276 quo
1576 2236 1628 2267 su-

956 2278 1008 2316 pra
1025 2276 1099 2306 Hist.
1116 2276 1147 2312 l,
1164 2287 1194 2312 9.

996 2322 1007 2341 7
1032 2317 1222 2345 Colman-M
1243 2316 1388 2345 CAESARlS
1402 2316 1413 2352 ]
1428 2315 1514 2344 Pater
1529 2313 1628 2344 Vitel-

240 2356 285 2394 di,
296 2365 330 2387 ut
345 2358 566 2396 Imperatorem
576 2357 725 2387 haberent
736 2356 912 2392 Vitellium,
958 2354 990 2384 lii
1011 2354 1109 2385 fuerat
1127 2362 1172 2384 tct
1193 2354 1300 2385 consul
1318 2378 1327 2390 ,
1351 2353 1460 2384 censor
1474 2377 1482 2388 ,
1508 2353 1631 2391 collega

240 2396 292 2427 scu
316 2404 349 2426 ut
373 2397 539 2434 imperaret
559 2396 721 2432 Vitellius,
756 2395 817 2433 ipsa
836 2394 915 2425 vitia
958 2393 1083 2424 Claudii
1102 2393 1238 2423 Caesaris.
1266 2394 1346 2425 Vide
1365 2403 1431 2432 qua:
1459 2392 1538 2423 dic'la
1562 2391 1633 2423 suut

243 2444 299 2473 pro
324 2435 490 2468 virtutibus
519 2436 814 2476 interpretabantur.
844 2435 915 2466 Haec
957 2434 1044 2473 supra
1060 2433 1133 2465 Hist.
1150 2434 1184 2471 1,
1205 2444 1235 2470 9·

1657 318 1688 342 A.
1699 319 1770 342 uc.

1678 365 1750 393 822.

1684 423 1705 445 J.
1717 422 1750 446 C.

1687 469 1741 502 69.
