2209 3047
313 195 395 237 AD
424 194 648 237 LIBRUM
673 193 747 236 111.
771 192 916 237 HrsT.
943 193 991 233 c,
1016 194 1194 236 CORN.
1228 192 1438 236 TAcm.
1483 201 1569 247 465

239 272 344 309 CAP.
379 272 544 309 XXXIX.
575 273 782 309 MATurzAnr
815 274 1052 316 PERNICIEM]
1085 272 1182 308 Bene
1218 272 1294 308 Mss.
1323 272 1421 309 Flor.
1461 272 1575 309 Corb.

185 322 275 373 Agr.
302 322 416 360 editio
438 322 604 371 princeps
623 349 632 365 ,
658 323 852 359 Rhenanus
875 325 908 358 ὃς
933 320 1178 360 Recentiores.
1229 321 1305 358 ΜΠ.
1335 322 1438 358 Harl.
1464 322 1575 360 Bodl.

182 373 253 411 Jes.
267 373 387 409 Guelf.
407 375 440 408 ὃς
454 372 674 409 Puteolanus
687 402 696 417 ,
722 385 882 408 maturam
901 373 1134 418 poenitentiam.

236 422 373 458 PALAM
395 426 534 467 JUSSA]
567 422 663 459 Male
684 423 798 460 editio
815 422 982 471 princeps
1000 448 1010 466 ‚
1032 422 1145 469 palam
1168 421 1249 467 visz.
1280 422 1346 458 Ms.
1362 422 1450 472 Agr.
1460 422 1576 469 palam

180 472 268 520 jujfiz
294 484 400 507 autem
428 483 585 514 atrocem,
614 476 682 509 &c.

239 521 380 558 Nomm
405 525 593 568 GAumo]
624 522 751 559 Manet
785 520 944 569 Lipsius,
981 519 1129 557 notabili.
1161 518 1290 556 Melius
1307 547 1317 562 ‚
1343 532 1383 556 ut
1407 521 1543 570 opinor
1563 548 1576 566 ‚

191 572 326 607 ionobili
364 573 470 607 audio.

202 604 222 621 Ο
243 586 432 668 QUAgse]
463 620 518 658 Ita
542 619 621 656 Mff.
643 619 740 656 Flor.
769 620 857 670 Reg.
881 620 992 658 Corb.
1015 620 1102 670 Agr.
1130 619 1244 656 editio
1272 618 1438 668 princeps
1466 624 1499 656 ὃς
1520 633 1577 657 re·-

188 671 379 708 centioreS.
407 671 485 707 Mff.
501 670 604 707 Harl.
622 669 729 706 Bodl.
746 669 812 708 Jes.
835 674 868 706 δε
885 670 1103 707 Puteolanus
1125 698 1135 714 ,
1168 683 1230 719 qua
1258 671 1354 716 (ipfiz
1373 674 1456 704 enim
1478 672 1578 706 verba

190 722 330 769 referam
344 726 358 767 )
371 723 409 767 se
419 721 553 768 pavtffe.

240 770 451 816 SANcTus]
476 769 573 805 Bene
593 768 671 805 Mss.
688 769 791 806 Harl.
812 769 921 806 Bodl.
939 770 1006 806 Jes.
1025 769 1244 806 Puteolanus
1275 772 1309 805 &
1334 767 1580 805 Recentiores.

188 819 235 856 In
264 819 427 856 editione
457 818 647 868 principe,
676 821 797 868 fastus.
828 820 917 856 Inde
935 820 1158 868 conjiciebat
1184 819 1240 856 Cl.
1258 817 1422 855 Ernestus
1442 846 1452 862 ,
1477 819 1581 866 fastis

195 870 388 905 inturbidus.

246 919 389 956 PARUM
409 921 662 964 EFFUGERAT]
685 917 738 953 Ita
749 918 823 955 Mss.
836 918 933 955 Flor.
945 920 1034 968 Reg.
1051 918 1164 956 Corb.
1182 919 1297 965 Quod
1313 918 1440 956 merito
1453 918 1583 966 proba-

192 979 270 1007 tum
297 970 373 1006 Jac.
389 969 587 1006 Gronovio
608 971 642 1004 δε
658 968 946 1005 Recentioribus.
972 969 1097 1005 Editio
1125 969 1292 1017 princeps
1309 973 1342 1006 δε
1361 969 1554 1006 Rhenanus
1568 995 1581 1013 ‚

193 1032 231 1055 ut
249 1033 366 1066 parum
392 1020 550 1068 effligeret.
570 1018 636 1054 Ms.
656 1019 745 1069 Agr.
771 1020 928 1068 effiagen't.
948 1018 1027 1056 Mff.
1046 1019 1148 1056 Harl.
1173 1019 1283 1056 Bodl.
1306 1019 1372 1057 Jes.
1397 1022 1430 1056 ὃς
1445 1017 1582 1057 Puteo-

191 1068 295 1106 lanus
308 1098 318 1112 ,
347 1081 509 1117 utparum
523 1069 674 1117 abfuerit.

241 1172 350 1208 CAP.
378 1170 452 1206 XL.
481 1171 660 1213 Ausi-<2111
687 1175 906 1218 lecroNEs]
937 1171 1088 1220 Legiones
1110 1169 1204 1208 abest
1233 1183 1253 1206 a
1281 1170 1348 1206 Ms.
1371 1170 1486 1208 Corb.

241 1222 401 1259 ACCITIS
423 1233 470 1257 Ex
498 1220 635 1268 URBE]
665 1221 735 1258 Ms.
754 1221 866 1258 Corb.
888 1225 996 1257 accitis
1011 1222 1050 1257 ab
1066 1222 1160 1257 Urbe.
1350 1222 1357 1225 ⁷

248 1323 357 1360 CAP.
383 1322 480 1358 XLI.
514 1322 576 1358 Ne
603 1334 644 1359 m
670 1334 806 1360 TANTO
828 1324 1010 1366 QUIDEM]
1042 1318 1141 1356 Male
1156 1318 1348 1356 Rhenanus
1368 1332 1387 1357 e
1408 1319 1475 1357 Ms.
1494 1318 1588 1357 Bud.

195 1386 234 1409 ne
251 1376 287 1408 in
318 1384 408 1409 tanto
435 1373 613 1420 difirimine
630 1374 766 1420 quidem.

245 1423 340 1459 TAM
361 1434 491 1459 PARVA
515 1434 626 1458 MANU
643 1426 660 1467 ]
691 1422 819 1458 Mallet
835 1421 891 1457 Cl.
908 1420 1073 1456 Ernestus
1086 1447 1096 1463 ‚
1114 1431 1181 1454 tam
1191 1432 1296 1466 parva
1310 1433 1433 1455 manus.

244 1473 529 1517 MORABATUR]
559 1471 656 1507 Male
673 1471 750 1507 Mss.
763 1471 852 1520 Reg.
874 1470 989 1507 Corb.
1009 1473 1043 1506 &
1057 1469 1172 1506 editio
1187 1469 1376 1518 princeps,
1389 1470 1589 1506 hortabatur.

246 1523 400 1558 Avmos
423 1525 741 1566 PERICULORUM]
771 1520 912 1557 Frustra
928 1530 1044 1557 tentat
1069 1518 1225 1556 Faernus
1241 1547 1251 1563 ‚
1277 1520 1413 1566 pavidos
1431 1521 1591 1566 periculo-

197 1586 282 1609 rum.
305 1571 349 1607 In
377 1570 546 1607 civilibus
564 1570 668 1606 bellis
696 1570 941 1619 periculorum
959 1569 1274 1619 mutationumque
1302 1569 1399 1606 avidi
1419 1569 1562 1606 milites.

254 1621 484 1658 DEDECORIS
507 1623 698 1667 sueonos]
727 1620 825 1657 Bene
845 1620 921 1656 Mff.
937 1620 1036 1656 Flor.
1050 1618 1136 1669 Reg.
1156 1619 1260 1656 Harl.
1276 1619 1384 1655 Bodl.
1399 1618 1466 1656 Jes.
1479 1619 1591 1655 Corb.

199 1671 322 1709 Guelf.
348 1671 464 1708 editio
479 1670 665 1720 princeps,
686 1669 844 1708 Pichena
861 1673 895 1706 ὃς
911 1669 1158 1707 Recentiores.
1185 1668 1378 1706 Rhenanus
1391 1698 1400 1713 ‚
1433 1670 1562 1705 decoris.

248 1721 307 1758 ET
328 1726 491 1767 muers]
520 1720 575 1756 Ita
585 1720 663 1756 Mff.
681 1723 715 1757 &
730 1731 866 1759 veteres
884 1719 1172 1770 recentioresque
1189 1719 1381 1757 editiones.
1406 1719 1591 1769 Copulam

199 1772 237 1811 ὃ
254 1771 373 1808 omifit
390 1771 595 1807 Rhenanus.

256 1821 358 1858 Imm
378 1821 622 1868 ETRURIAM]
653 1820 867 1866 Rhenanus,
891 1821 962 1857 inde
987 1823 1020 1856 in
1039 1821 1235 1864 Etruriam3
1263 1819 1522 1870 refragantibus
1544 1819 1594 1856 li-

197 1871 273 1910 bris
290 1871 429 1920 scriptis
448 1874 482 1907 ὃς
497 1871 614 1907 editis.

255 1921 426 1958 GALLIAS
450 1933 500 1957 ET
523 1933 732 1958 rzxizizcrrus
761 1932 810 1957 ET
835 1921 1061 1958 GERMANIAE
1085 1924 1262 1966 GENTES]
1294 1920 1349 1956 Ita
1376 1920 1454 1957 Mff.
1473 1919 1591 1957 Vatic.

199 1970 301 2009 Flor.
314 1970 418 2007 Harl.
439 1970 547 2007 Bodl.
561 1971 629 2008 Jes.
643 1972 731 2021 Agr.
750 1971 970 2009 Puteolanus
984 1971 1273 2008 &Recemiorea
1300 1971 1333 2006 A
1355 1970 1421 2006 Ms.
1443 1969 1531 2020 Reg.
1559 1973 1594 2006 <Sc

202 2021 366 2059 editione
381 2021 546 2071 principe
567 2020 663 2058 abest
676 2049 685 2064 ,
710 2022 853 2059 Gallias.
882 2021 1074 2058 Rhenanus
1093 2020 1211 2058 omisit
1225 2048 1235 2064 ,
1265 2021 1302 2056 ἓν
1318 2023 1485 2056 exercitus.
1511 2019 1594 2056 Pars

229 2070 351 2108 uidem
368 2084 500 2122 magna
519 2072 740 2108 exercituum
752 2071 1056 2109 Germanicorum
1072 2082 1147 2107 tum
1166 2081 1241 2107 erat
1257 2069 1294 2105 in
1306 2069 1412 2107 Italia
1425 2098 1436 2114 ,
1466 2082 1593 2106 mane-

202 2084 267 2157 ἓως
299 2131 418 2157 tamen
444 2135 524 2171 pars
553 2122 590 2157 in
617 2121 801 2170 superiore
831 2122 1074 2170 inferioreque
1103 2120 1318 2165 Germania,
1343 2132 1450 2170 quam
1463 2120 1594 2157 Valens

204 2170 299 2209 ciere
314 2181 470 2220 poterat.
489 2171 558 2208 Hce
578 2171 741 2222 legiones
755 2182 1000 2210 memorantur
1018 2170 1108 2208 infra
1128 2183 1207 2220 cap.
1225 2171 1289 2219 46.

259 2272 365 2310 CAP.
390 2272 504 2309 XLII.
534 2273 735 2310 APENNJNI
762 2276 899 2320 JUGls]
931 2271 1010 2310 Mss.
1039 2271 1153 2308 Corb.
1177 2271 1266 2322 Reg.
1299 2275 1333 2309 &
1364 2271 1477 2309 editio
1496 2271 1598 2321 prin-

204 2333 291 2372 ceps
305 2349 315 2366 ‚
346 2326 527 2371 Apenninis
537 2326 639 2371 jugis.

264 2374 453 2410 SEGNITiA
475 2376 620 2419 MARis]
649 2372 706 2409 Ita
721 2372 795 2410 ΜΠ.
818 2372 915 2410 Flor.
938 2373 991 2409 Re
1020 2371 1156 2408 .Corb.
1177 2371 1262 2422 Agr.
1281 2372 1395 2409 editio
1406 2372 1595 2420 princeps,

207 2421 368 2460 Pichena
383 2425 417 2459 &
432 2421 679 2460 Recentiores.
710 2422 787 2462 ΜΠ.
805 2423 909 2460 Harl.
927 2422 984 2459 Bo
1013 2421 1036 2459 l.
1063 2422 1131 2461 Jes.
1152 2425 1186 2460 δε
1200 2422 1418 2460 Puteolanus
1432 2449 1442 2465 ‚
1466 2420 1598 2470 ρει-ἰῶ

339 2493 446 2537 Tom.
470 2495 550 2538 III.
1308 2495 1351 2536 N
1364 2508 1390 2535 n
1404 2508 1432 2535 n
