2209 3047
596 211 683 249 412
840 192 1040 233 NOTAE
1080 189 1160 231 ET
1197 182 1728 231 EMENDATIONES

647 270 746 307 Huic
774 268 997 316 cenotaphio
1032 267 1208 316 insculpta
1238 265 1341 302 caelii
1368 265 1498 314 imago.
1531 265 1651 312 Caput
1688 263 1795 299 habet
1825 265 1977 304 cinclum

599 320 716 357 civica
743 319 881 355 corona
907 318 1079 367 quercea,
1108 317 1254 354 brachia
1278 314 1423 351 armillis
1447 314 1611 350 redimita
1626 313 1746 362 :supra
1764 312 1930 351 humeros
1948 319 1982 353 δε

598 371 636 405 in
664 371 805 418 pe6tore
831 367 940 417 gestat
965 367 1146 416 phaleras:
1171 366 1293 403 dextra
1318 375 1415 401 tenet
1441 363 1572 399 hastam
1595 375 1718 412 puram
1734 390 1742 405 ‚
1768 361 1899 399 sinistra
1920 377 1981 400 ve-

597 419 734 455 xillum.
766 417 855 455 Inde
887 417 991 454 facile
1021 418 1199 465 intelligas
1231 415 1354 451 omnia
1377 414 1497 450 Taciti
1521 414 1603 450 loca
1631 442 1640 457 ‚
1677 412 1804 462 quibus
1834 424 1980 462 compta

598 469 716 519 figna,
743 467 845 504 laetos
868 468 1040 505 exercitus
1057 494 1065 508 ,
1093 465 1222 503 milites
1245 464 1438 515 insignibus
1463 464 1640 513 fulgentes
1663 473 1848 499 memorat.

651 518 822 568 Legionis
847 529 963 554 autem
994 515 1290 553 duodevicesimae
1311 527 1445 551 nomen
1471 514 1618 561 Trajani
1639 524 1743 549 aetate
1769 522 1983 548 renovatum

599 567 696 604 fuisse
724 567 889 611 videtur,
919 567 940 602 si
970 567 1060 602 nihil
1086 576 1272 615 peccatum
1301 564 1349 601 est
1371 565 1407 600 in
1435 563 1676 612 Inscriptione
1706 562 1846 606 veteri,
1877 575 1983 612 quam

596 630 619 653 a
641 617 834 654 Sirmondo
864 618 1003 666 accepit
1026 619 1196 652 Gruterus
1213 642 1221 657 ,
1253 628 1334 665 pag.
1358 627 1488 651 mxcvi.
1515 627 1610 650 num.
1636 613 1670 649 6.
1703 611 1758 646 Ibi
1786 613 1882 648 enim
1907 625 1983 648 me-

598 687 758 713 moratur
776 677 844 712 Cn.
864 676 1018 712 Marcius
1029 676 1110 712 Gal.
1129 675 1314 711 Plaetorius
1329 674 1434 711 Celer
1453 674 1551 710 miles
1566 673 1673 709 LEG.
1696 676 1830 712 XVIII.
1850 672 1982 708 FIRM.

599 726 707 762 donis
730 726 883 762 donatus
907 739 927 760 a
951 726 1038 762 divo
1063 726 1222 768 Traiano
1246 725 1281 760 in
1308 724 1406 761 bello
1430 724 1600 760 Parthico
1616 752 1624 767 ,
1663 727 1802 761 corona
1827 722 1984 766 murali,

599 776 788 825 torquibus
805 804 812 818 ‚
840 775 1008 818 armillis,
1038 775 1204 824 phaleris.
1233 774 1440 811 Monuerim
1471 774 1509 809 iri
1534 775 1602 810 hac
1626 775 1868 823 Inscriptione
1898 773 1984 821 pos-

598 836 656 861 tea
680 825 801 862 errasse
832 827 1048 869 Gruterum,
1074 826 1156 861 curn
1195 825 1310 862 edidit
1344 824 1451 860 LEG.
1491 823 1635 859 XXIIII
1670 825 1787 860 GEM.
1826 823 1984 859 MART.

599 874 769 911 VICTR.
794 874 941 911 Schedae
961 875 1036 911 ΜΠ.
1066 875 1249 911 Sirmondi
1274 874 1407 910 habent
1424 873 1528 910 LEG.
1548 873 1670 909 XIIII.
1688 873 1808 910 GEM.
1828 871 1982 908 MART.

595 924 763 961 -VICTR
786 924 893 972 Apud
917 925 1094 960 eruditum
1117 925 1245 968 Shaw‚
1275 932 1413 973 Voyages
1430 925 1561 965 ,Tom.
1587 923 1615 958 I.
1641 936 1722 973 pag.
1751 924 1839 972 263.
1861 935 1903 958 ex
1924 935 1985 958 ve-

599 974 667 1011 teri
689 973 948 1022 inscriptione,
972 974 1121 1022 Trajani
1143 985 1270 1018 aetate,
1297 984 1513 1011 memoratur
1538 985 1684 1023 quoque
1710 974 1817 1009 LEG.
1844 971 1984 1008 XVIII.

598 1023 789 1061 PRIMIG.
817 1023 856 1059 id
881 1023 930 1060 est
954 1026 1033 1072 legio
1070 1025 1315 1071 duodevicesima
1344 1025 1549 1071 primigenia.
1583 1021 1653 1058 Sed
1687 1022 1859 1059 mendose
1890 1022 1985 1058 forte

598 1086 666 1121 pro
703 1072 813 1108 LEG.
847 1073 964 1110 XXII.
1000 1073 1068 1109 Illa
1099 1074 1193 1110 enim
1223 1074 1321 1123 legio
1343 1075 1539 1120 primigenia
1566 1072 1917 1122 cognominabatur,
1945 1082 1986 1107 ut

600 1123 722 1159 videre
746 1122 794 1159 est
817 1122 856 1158 in
884 1123 1125 1172 Inscriptione
1141 1152 1150 1167 ,
1178 1137 1257 1173 quae
1282 1136 1368 1160 mox
1394 1122 1559 1159 afferetur
1584 1134 1661 1170 cap.
1689 1135 1753 1170 43.

650 1171 774 1209 Lmo
807 1185 1110 1211 UNDEVICESIMA.
1150 1173 1261 1209 Nulla
1287 1175 1360 1220 ejus
1389 1172 1525 1208 mentio
1550 1172 1646 1220 apud
1677 1173 1837 1209 Dionem
1862 1199 1871 1214 ,
1905 1172 1978 1208 loc.

599 1222 660 1258 cit.
685 1222 764 1259 Nee
802 1234 821 1257 a
862 1222 997 1259 Tacito
1029 1234 1247 1260 memoratur
1273 1223 1311 1258 in
1336 1222 1575 1259 Historiarum
1602 1221 1712 1257 libris.
1740 1222 1879 1271 Nempe
1912 1234 1986 1258 una

597 1272 713 1357 fuera}
740 1285 759 1309 e
782 1271 917 1318 tribus,
947 1286 1027 1323 quse
1052 1273 1208 1310 Variana
1235 1273 1337 1310 clade
1365 1272 1525 1322 periere,
1551 1281 1592 1308 ut
1618 1272 1774 1309 vidimus
1793 1272 1897 1321 supra
1914 1271 1986 1307 An-

597 1334 642 1357 na
662 1349 669 1356 .
728 1350 737 1365 ‚
770 1323 831 1359 60.

647 1370 803 1408 LEGIO
831 1372 1070 1410 VICESIMA
1093 1402 1102 1418 ,
1130 1375 1168 1410 in
1195 1374 1391 1410 Britannia.
1425 1373 1543 1409 Tacit.
1568 1373 1660 1410 Hist.
1689 1374 1707 1408 I
1724 1401 1734 1416 ,
1768 1374 1826 1410 60.
1848 1377 1881 1409 &
1900 1374 1984 1417 III,

597 1433 662 1458 22.
691 1421 832 1466 Dioni,
860 1422 933 1460 loc.
963 1423 1023 1460 cit.
1052 1426 1132 1470 legio
1156 1425 1303 1471 vicesima
1328 1424 1459 1459 Valeria
1480 1424 1609 1458 Vielrix
1625 1426 1657 1456 in
1671 1425 1833 1470 ficperiore
1857 1425 1987 1458 Britan-

598 1471 667 1507 ηὶᾶ.
695 1471 738 1506 In
761 1473 914 1508 nummis
940 1473 1126 1516 Gallieni,
1158 1473 1254 1509 LEG
1278 1473 1357 1510 XX.
1384 1473 1427 1508 In
1453 1472 1610 1509 Carausri
1632 1485 1781 1508 nummo
1807 1472 1902 1520 apud
1926 1472 1984 1508 Cl.

597 1519 794 1571 Stukeley‚
824 1522 920 1559 LEG
951 1524 1020 1558 XX
1048 1524 1125 1559 VV.
1154 1523 1192 1558 id
1220 1523 1268 1559 est
1296 1525 1375 1571 legio
1410 1522 1557 1570 vicesima
1588 1523 1718 1557 Valeria
1749 1523 1888 1557 szlrix.
1917 1521 1985 1558 Ea-

600 1569 680 1607 dem
708 1571 806 1620 legio
828 1572 994 1609 vicesima
1010 1600 1019 1616 ‚
1049 1583 1153 1609 aetate
1180 1572 1315 1609 Dionis
1330 1601 1339 1616 ‚
1368 1571 1435 1607 fuit
1458 1571 1496 1606 in
1520 1570 1702 1620 superiore
1725 1571 1929 1607 Germania.

650 1619 804 1658 LEGIO
832 1621 1255 1659 UNAETVICESIMA
1285 1620 1446 1658 RAPAX
1467 1649 1476 1664 ,
1505 1620 1543 1656 in
1561 1620 1753 1669 Superiore
1778 1620 1983 1657 Germania.

598 1669 718 1706 Tacit.
743 1671 835 1708 Hist.
862 1672 903 1715 Ι,
935 1673 979 1708 61
1014 1676 1045 1708 ὅς
1076 1674 1137 1719 67.
1166 1673 1228 1716 ΙΙ,
1259 1685 1323 1719 43.
1357 1673 1402 1708 In
1427 1683 1577 1707 nummo
1604 1670 1762 1707 Gallieni
1795 1671 1889 1718 apud
1925 1670 1982 1707 Cl.

598 1719 758 1755 Banduri
786 1721 858 1758 loc.
888 1722 949 1758 cit.
975 1721 1070 1758 LEG
1102 1722 1185 1758 XXI
1217 1721 1338 1758 GEM.
1369 1722 1407 1757 id
1433 1720 1481 1758 est
1507 1722 1588 1769 legio
1613 1720 1854 1767 unaetvicefima
1878 1722 1986 1756 Gemi-

599 1782 652 1805 ηα.
684 1771 740 1807 De
775 1771 817 1807 ea
847 1771 921 1808 silet
956 1771 1046 1808 Dio.
1081 1774 1164 1819 Ejus
1196 1783 1429 1808 monumenta
1458 1771 1497 1806 in
1527 1783 1614 1820 agro
1648 1770 1852 1819 Tigurino‚
1886 1782 1985 1807 anno

600 1829 706 1904 &754
735 1832 833 1857 eruta
858 1821 942 1858 vide
973 1822 1068 1871 apud
1098 1821 1403 1866 schelhornium,
1432 1821 1642 1856 Amoenitates
1678 1821 1850 1864 literariae,
1872 1818 1982 1857 Tom.

679 1897 686 1904 .
739 1882 756 1904 a
786 1899 793 1906 .
825 1883 839 1906 1
871 1874 903 1908 &
930 1871 964 1908 se
1018 1899 1025 1908 .

650 1882 802 1956 LEglgO
829 1885 1280 1965 DUOEq‘IqVICESIMA,
1325 1921 1363 1956 in
1396 1920 1576 1969 superiore
1617 1919 1820 1956 Germania.
1861 1919 1981 1956 Tacit.

599 1966 693 2004 Hist.
720 1969 761 2011 1,
800 1972 844 2007 18
881 1974 913 2007 ὃς
950 1982 1008 2021 ςς.
1036 1971 1120 2014 ΙΙΙ,
1158 1973 1214 2009 18.
1248 1971 1327 2014 IV,
1361 1983 1423 2017 24.
1457 1970 1635 2019 Frequens
1669 1971 1743 2017 ejus
1774 1969 1910 2005 mentio
1945 1969 1983 2005 in

599 2017 826 2066 Moguntinis
853 2020 1103 2058 monumentis.
1140 2020 1182 2056 In
1217 2020 1369 2056 nummis
1403 2019 1561 2056 Gallieni
1594 2018 1690 2054 LEG
1723 2017 1837 2054 XXII.
1872 2018 1983 2054 Nulla

599 2067 674 2114 ejus
697 2070 867 2105 memoria
893 2071 988 2119 apud
1014 2070 1195 2112 Dionem,
1228 2070 1300 2107 loc.
1332 2069 1392 2105 cit.
1412 2069 1516 2105 Dicta
1534 2068 1582 2105 est
1602 2071 1793 2116 primigtnia
1812 2068 1847 2103 in
1870 2068 1983 2104 veteri

599 2114 840 2165 Inscriptione
865 2121 960 2167 apud
980 2120 1158 2157 eruditum
1171 2120 1262 2156 Gori
1279 2148 1287 2163 ,
1303 2121 1447 2167 Inscript.
1461 2121 1573 2167 Amiq.
1588 2118 1698 2154 Tom.
1714 2118 1785 2153 III.
1801 2130 1880 2166 pag.
1899 2131 1982 2162 ¹72·

599 2164 710 2220 LEG.
722 2167 833 2204 XXII.
849 2169 1034 2207 PRIMIG.
1048 2170 1193 2206 Dicitur
1210 2170 1316 2206 etiam
1330 2172 1520 2218 primigenia
1532 2196 1541 2211 ,
1559 2171 1615 2215 pia
1630 2168 1763 2215 ‚fidelis
1781 2168 1818 2202 in
1832 2167 1980 2216 Inscrip-

599 2224 702 2252 tione
736 2217 850 2265 pofita
877 2220 966 2255 olim
994 2221 1029 2255 in
1058 2220 1245 2256 Veteribus
1274 2219 1390 2256 castris
1413 2247 1423 2263 ,
1452 2220 1570 2254 Samen
1595 2248 1603 2260 ‚
1643 2230 1741 2254 nunc
1770 2218 1808 2255 in
1837 2217 1984 2267 oppido

599 2265 779 2313 Bergendal
804 2268 961 2311 servata,
991 2269 1074 2308 teste
1097 2269 1154 2307 Cl.
1178 2269 1305 2321 Alting
1320 2298 1329 2315 ,
1357 2269 1429 2308 loc.
1455 2268 1516 2306 eit.
1544 2280 1628 2318 pag.
1656 2279 1718 2315 32.
