2209 3047
351 176 432 220 AD
449 176 672 220 LIBRUM
696 176 770 219 IV.
798 174 942 219 HIST.
974 175 1022 216 C.
1046 176 1226 218 CORN.
1254 175 1465 218 TACITI.
1525 188 1607 229 515

225 256 456 306 prodigentia
480 255 684 292 Domitiani
707 281 717 297 ,
752 264 792 290 ut
819 252 942 291 omnia
969 265 1075 289 aurea
1097 266 1330 303 gemmeaque
1358 253 1469 290 vellet
1489 281 1498 296 ,
1525 252 1611 291 teste

223 307 418 344 Plutarcho
435 306 509 343 loc.
524 306 584 343 cit.
610 308 704 353 Quae
719 316 837 341 autem
857 303 1052 340 multitudo
1076 316 1227 351 operum
1242 332 1251 348 ‚
1276 304 1360 340 cum
1385 303 1511 352 templi
1540 306 1612 340 Ca-

224 357 372 407 pitolini
387 358 494 392 aditus
506 370 608 392 omnes
628 384 637 399 ‚
656 369 758 391 omnes
776 355 896 404 gradus
918 367 1044 402 totaque
1071 366 1144 388 area
1161 356 1230 389 hinc
1253 368 1330 390 auro
1347 382 1356 397 ,
1385 356 1455 389 hinc
1478 365 1612 401 argento

222 407 397 444 reluceret
412 435 421 451 ,
437 406 522 444 teste
535 406 654 443 Plinio
671 407 707 441 in
722 404 933 453 Panegyric.
952 403 1041 441 LII?
1062 403 1155 450 Quae
1170 405 1383 452 magnitudo
1400 431 1408 446 ,
1439 404 1522 440 cum
1547 416 1611 440 co-

223 457 315 507 gitas
328 457 502 506 templum
520 457 696 493 ducentos
709 455 818 506 pedes
833 454 985 505 longum
1000 487 1008 500 ,
1036 452 1189 490 totidem
1203 453 1310 491 ferme
1324 454 1451 496 latum,
1480 455 1611 490 ῐθξὶυιτι

224 508 323 544 fuiffe
340 507 508 543 inauratis
523 507 653 556 tegulis
676 507 775 543 aereis
793 533 803 549 ,
827 518 974 555 quarum
992 503 1115 554 postea
1132 514 1268 552 partem
1293 505 1483 540 maximam
1501 504 1614 540 Gize-

224 556 366 601 fichus,
383 557 631 594 Vandalorum
653 569 713 592 rex
730 583 741 599 ,
772 556 809 591 in
832 555 993 591 Africam
1025 552 1220 603 asportavit
1249 566 1257 589 ε
1283 555 1354 598 ejus
1373 554 1506 603 fastigia
1523 566 1614 603 qua-

227 607 338 657 drigis
362 635 371 651 ,
398 607 562 644 coloffeis
577 606 695 642 statuis
711 634 719 647 ,
742 605 893 655 aliisque
913 605 1074 654 plurimis
1096 603 1266 640 inauratis
1279 604 1498 640 ornamentis
1514 603 1615 640 efful-

226 657 314 697 sisse,
333 657 385 693 uti
405 656 524 693 adhuc
540 656 664 693 videre
681 655 729 692 est
745 655 781 691 in
792 655 997 691 Domitiani
1013 654 1166 690 nummis
1184 654 1196 690 ?
1212 652 1315 700 Quid
1331 666 1427 689 nunc
1439 654 1614 701 porticus,

227 707 315 754 quid
330 706 545 744 vestibulum
560 707 709 755 loquar,
728 706 811 742 cum
830 706 889 742 vel
907 706 988 754 ipsae
1011 715 1127 754 portae
1151 702 1354 740 craffiffimis
1378 706 1410 738 ὃς
1433 703 1614 750 pondero-

226 755 357 792 siffimis
384 756 549 792 obductae
586 757 696 792 effent
729 755 870 792 laminis
893 755 1005 791 aureis
1022 783 1031 799 ,
1061 767 1145 804 quas
1163 767 1183 789 a
1200 753 1424 796 Stilichone,
1452 751 1618 788 Honorii

228 805 320 842 duce
336 834 346 850 ‚
368 805 503 842 ablatas
527 817 702 843 memorat
713 805 874 843 Zosimus
889 833 898 849 ‚
921 805 1057 840 libr.V.
1083 807 1180 843 οὗτος
1202 804 1262 853 γάρ
1284 834 1292 846 ,
1314 806 1466 848 Στελίχων
1485 830 1493 842 ,
1517 808 1615 850 θύρας

228 861 259 893 ὄν
277 859 322 901 τᾷἷ
347 863 400 896 τ’ἶις
420 856 531 901 Ρ”ὦμκς
545 860 727 902 Καπιτωλίῳ
742 882 752 898 ,
778 860 888 903 χρυσίῳ
908 859 997 892 πολῦν
1024 856 1139 891 ’ἕλκοντι
1157 858 1272 898 ςοιθμὸν
1294 858 1494 898 superplena-{vac
1510 879 1520 893 ,
1541 855 1618 887 αἰπο-

229 910 347 952 λεπίο-ιᾳ
369 906 548 956 προσ-τέξῃ.
572 907 663 942 Haec
687 905 814 953 templi
839 915 957 942 extera
995 919 1004 941 :
1048 906 1200 953 majores
1226 903 1321 939 intus
1343 914 1442 951 opes.
1470 901 1530 944 Si,
1558 901 1619 937 vel

229 956 269 992 in
302 955 422 1005 primo
452 955 592 1005 templo
617 956 836 1005 Capitolino
859 982 868 998 ,
910 955 1025 991 fiffilis
1052 953 1190 1003 Jupiter
1214 965 1359 990 aureum
1386 961 1522 988 teneret
1549 950 1621 987 ful-

230 1018 315 1043 men
334 1006 596 1056 quinquaginta
616 1006 743 1055 pondo
760 1012 768 1051 (
783 1008 871 1042 librae
888 1005 967 1041 sunt
985 1006 1122 1041 Gallicae
1137 1015 1268 1039 monetae
1284 1005 1469 1051 47‚25o),
1483 1001 1618 1052 quanto

230 1055 312 1105 plus
327 1057 403 1092 auri
422 1056 600 1106 impendit
614 1056 847 1094 Domitianus
862 1084 871 1099 ,
895 1067 935 1092 ut
948 1055 1090 1104 Jupiter
1109 1068 1185 1091 non
1206 1053 1319 1090 modo
1344 1064 1489 1088 aureum
1511 1051 1624 1087 habe-

231 1116 287 1142 ret
310 1105 445 1144 fulmen
457 1135 467 1150 ‚
489 1107 550 1144 sed
570 1118 610 1143 ut
626 1118 705 1144 tota
725 1108 799 1156 ejus
810 1106 942 1156 effigies
955 1135 964 1150 ‚
979 1107 1053 1154 ejus
1068 1105 1243 1154 sceptrum
1256 1132 1265 1148 ,
1291 1105 1365 1152 ejus
1387 1102 1518 1139 solium
1533 1113 1622 1138 auro

233 1155 414 1194 renideret
440 1157 453 1194 ἓ
480 1159 637 1205 Quantae
662 1158 830 1207 impensoe
858 1157 897 1192 in
923 1156 1076 1193 Junonis
1107 1155 1354 1204 Minervaeque
1383 1151 1625 1190 cellis!Adde

232 1219 332 1243 nunc
359 1207 545 1246 innumera
577 1208 728 1245 deorum
755 1207 938 1244 fimulacra
968 1220 977 1242 ε
1002 1205 1094 1243 adde
1116 1206 1279 1241 inaurata
1307 1203 1488 1253 laquearia
1511 1201 1627 1239 :adde

234 1266 353 1293 cetera
369 1258 545 1306 parietum
570 1259 753 1309 totiusque
776 1257 903 1306 templi
929 1269 1034 1293 aurea
1051 1256 1195 1293 decora.
1222 1254 1316 1290 Haec
1333 1253 1357 1290 fi
1379 1254 1501 1290 animo
1523 1265 1628 1289 com-

233 1307 465 1355 prehenderis
478 1337 487 1352 ‚
508 1308 680 1358 simulque
698 1308 916 1357 reputaveris
932 1317 1104 1356 quantum
1124 1307 1161 1342 in
1174 1305 1263 1342 urbe
1276 1304 1430 1340 maxima
1443 1331 1451 1347 ‚
1468 1302 1628 1339 maximo

235 1356 321 1392 luxu
336 1386 345 1401 ,
364 1358 704 1407 exquifitiffimisque
720 1358 850 1393 artibus
870 1357 964 1393 foret
979 1356 1234 1404 manipretium
1251 1381 1259 1396 ‚
1279 1353 1371 1389 nihil
1389 1353 1454 1390 ess'e
1477 1353 1630 1388 nimium

236 1405 276 1441 in
292 1407 455 1454 pecuniae
475 1407 610 1443 summa
626 1435 635 1450 ‚
657 1419 762 1457 quam
776 1406 987 1443 Plutarchus
1003 1405 1202 1455 adsignavit
1218 1433 1226 1448 ‚
1247 1403 1354 1440 facile
1371 1402 1631 1451 deprehendes.

284 1455 413 1504 Neque
432 1457 509 1506 quis
528 1456 657 1493 dixerit
670 1469 794 1493 aurum
809 1456 875 1493 esse
895 1456 1026 1506 sequax
1051 1468 1093 1491 ac
1117 1454 1248 1491 ductile
1261 1482 1270 1497 ‚
1292 1452 1550 1502 Romanosque
1578 1463 1631 1487 ar-

237 1512 312 1542 tem
334 1505 426 1541 illud
452 1506 628 1542 dilatandi
655 1506 804 1543 novisse.
835 1505 878 1541 Id
897 1506 993 1543 certe
1006 1504 1166 1541 Romani
1184 1517 1321 1541 novere
1334 1531 1343 1547 ,
1364 1502 1534 1553 liquidem
1554 1501 1631 1538 auri

238 1554 384 1591 unciam
399 1557 640 1605 inseptingenczs
656 1557 692 1592 ὓ·
709 1559 943 1605 quinquagenas
958 1584 966 1597 ,
980 1557 1125 1602 pluresve
1146 1556 1286 1590 brae‘leas
1303 1581 1312 1598 ‚
1337 1553 1526 1602 quaternum
1543 1565 1631 1587 utro-

238 1619 297 1654 que
314 1606 487 1654 digitorum
507 1605 741 1650 dividebant,
769 1605 854 1642 teste
869 1605 988 1642 Plinio
1010 1604 1170 1641 XXXIII
1191 1632 1201 1648 ,
1239 1618 1271 1653 3.
1302 1604 1351 1639 At
1380 1603 1417 1638 in
1441 1601 1632 1651 praecipuis

239 1655 464 1705 perennibus
486 1669 528 1692 ue
543 1656 738 1704 operibus,
764 1655 987 1692 craffioribus
1012 1655 1206 1692 utebantur
1229 1653 1388 1690 braaeis.
1412 1652 1470 1688 Sic
1494 1652 1633 1688 inaura-

240 1716 317 1742 tum
338 1705 453 1742 fuerat
501 1717 640 1742 ortunae
668 1705 890 1743 Praenestina:
917 1705 1152 1741 simulacrum.
1184 1704 1294 1741 Unde
1313 1703 1447 1739 Plinius
1471 1702 1542 1738 loc.
1569 1701 1631 1739 cit.

241 1755 437 1804 Craffiffimae
452 1770 492 1792 ex
510 1758 555 1792 his
582 1756 729 1793 braGteis
744 1756 944 1804 Praenestinae
965 1767 1122 1791 vocantur
1143 1783 1153 1799 ‚
1193 1757 1369 1790 etiamnum
1390 1755 1553 1788 retinentis
1579 1765 1637 1787 no-

241 1819 331 1848 men,
353 1808 502 1842 Fortunae
528 1811 678 1843 inaurato
696 1809 740 1843 ibi
755 1807 940 1854 fidelzffim&
956 1806 1143 1852 fimulacro.
1170 1804 1216 1841 Et
1233 1804 1316 1840 san‘e
1334 1832 1342 1847 ‚
1360 1802 1383 1838 st
1401 1802 1635 1839 Domitianus

243 1856 423 1893 craffiores
444 1857 521 1893 illas
545 1858 698 1894 braeteas
712 1870 790 1894 non
803 1856 994 1893 induxisset
1012 1884 1020 1899 ‚
1036 1868 1229 1903 numquam
1248 1853 1424 1891 eviluiffet
1439 1852 1636 1890 secundum

243 1906 421 1955 templum
435 1908 687 1956 Capitolinum
705 1936 716 1952 ,
737 1909 836 1955 cujus
860 1910 893 1943 &
919 1906 1051 1955 tegulae
1076 1909 1109 1942 &
1133 1905 1335 1955 laquearia,
1360 1907 1393 1940 &
1420 1904 1489 1939 alia
1513 1915 1637 1952 quam-

243 1956 399 2006 plurima
414 1970 625 1995 ornamenta
646 1969 746 1995 erant
763 1959 942 1999 inaurata,
968 1956 1112 2005 insuper
1132 1955 1176 1991 ab
1193 1954 1355 2004 Augusto
1369 1982 1378 1998 ,
1398 1953 1637 2003 magnificen-

244 2006 375 2044 tissimo
391 2008 557 2057 Principe
575 2037 584 2052 ‚
607 2009 785 2045 refeffixm.
816 2007 1002 2044 Eviluerat
1018 2017 1137 2043 tamen
1151 2034 1160 2050 ‚
1179 2018 1248 2042 nec
1272 2004 1403 2053 reperti
1423 2032 1432 2048 ,
1461 2003 1523 2040 nisi
1540 2003 1637 2039 senes

245 2055 388 2106 aliquot
402 2083 411 2099 ,
437 2058 499 2109 qui
520 2058 611 2094 illud
633 2058 822 2095 laudarent
841 2085 850 2101 ,
868 2071 945 2094 non
965 2057 1013 2093 ob
1031 2069 1120 2105 opes
1137 2085 1146 2100 ,
1175 2056 1234 2092 sed
1253 2055 1312 2093 vel
1329 2053 1550 2103 antiquitatis
1571 2052 1638 2087 stu-

247 2105 312 2142 dio
330 2134 338 2150 ,
360 2107 442 2150 vel,
463 2119 503 2144 ut
517 2109 655 2157 opinor
670 2137 680 2152 ,
709 2109 758 2145 ob
779 2108 1019 2158 symmetriam
1043 2106 1295 2143 columnarum
1321 2118 1330 2141 t
1353 2117 1435 2140 nam
1457 2102 1639 2139 Domitia-

247 2168 314 2192 nus
333 2181 344 2198 ‚
379 2157 463 2193 cum
489 2159 675 2195 crasfitiem
703 2159 953 2195 columnarum
982 2156 1166 2193 marmoris
1190 2154 1364 2193 Pentelici
1392 2151 1638 2193 imminuiffet,

248 2206 420 2243 nonnihil
444 2208 634 2245 venustatis
658 2209 846 2246 addiderat
862 2237 872 2253 ‚
910 2208 971 2245 sed
1006 2207 1144 2257 aliquid
1174 2204 1384 2256 symmetriae
1417 2204 1640 2244 detraxerat,

248 2255 335 2293 teste
349 2256 544 2295 Plutarcho
569 2286 579 2302 ‚
605 2258 679 2295 loc.
705 2259 767 2296 cit.
789 2258 960 2297 Ceterum
983 2258 1091 2295 vilius
1113 2257 1227 2294 fuerat
1249 2254 1445 2294 seeundum
1465 2251 1644 2303 templum

251 2306 518 2358 Capitolinum.
551 2308 641 2346 Inde
657 2309 831 2346 Martialis
847 2337 857 2354 ,
880 2309 1100 2359 Epigramm.
1129 2308 1178 2352 V,
1210 2320 1271 2345 10.

456 2379 516 2421 Effe
540 2380 604 2420 quid
623 2381 672 2410 hoc
691 2381 801 2419 dicam,
826 2381 899 2411 vivis
917 2380 985 2420 qudd
1001 2379 1081 2417 fama
1103 2389 1244 2420 negatur,

503 2419 543 2451 Er
553 2421 609 2462 sua
633 2421 702 2462 quud
721 2431 803 2451 rarus
822 2430 943 2460 tempora
959 2419 1039 2450 lec'lor
1059 2429 1135 2451 anzar
1153 2421 1169 2451 .‹‘

1287 2478 1386 2520 Ttt
1426 2475 1452 2529 ij
