2209 3047
594 208 683 248 452
784 193 1008 234 NOTAE
1049 189 1133 231 ET
1170 188 1776 235 EMENDATIONES

591 281 677 306 tum.
702 268 753 303 Ea
774 267 920 304 retinuit
941 267 1000 304 Cl.
1023 266 1179 304 Gordon
1196 295 1205 311 ,
1229 271 1263 304 δε
1287 267 1418 303 vertit:
1445 267 1545 314 After
1568 270 1617 304 the
1639 270 1762 318 viffory
1782 283 1848 306 was
1864 285 1974 318 grown

586 320 720 366 public,
747 319 812 353 and
836 331 870 352 as
892 329 923 353 to
947 319 998 353 the
1013 329 1111 366 party
1136 319 1176 366 of
1193 317 1359 365 Vespasian
1382 320 1431 354 the
1443 317 1522 365 first
1542 319 1660 353 afflons
1691 319 1732 366 of
1747 320 1796 355 the
1818 334 1886 357 war
1912 324 1974 358 had

585 369 708 414 proved
737 368 929 414 prosperous.

645 417 880 454 ADDUCTIUS
907 421 924 463 ]
951 418 1048 455 Bene
1073 417 1148 453 Mss.
1175 416 1293 452 Vatic.
1317 416 1415 453 Flor.
1440 417 1552 454 Corb.
1577 417 1731 466 Lipsius,
1759 417 1916 455 Pichena
1941 422 1975 456 &

588 465 833 504 Recentiores.
859 467 1041 517 Corrupte
1064 466 1130 502 Ms.
1157 465 1245 516 Reg.
1277 467 1439 503 adducius.
1471 467 1549 503 Mff.
1577 468 1678 503 Harl.
1707 467 1814 504 Bodl.
1842 469 1909 506 Jes.
1939 472 1975 505 &

588 516 768 552 editiones
793 527 948 562 veteres,
976 518 1136 553 audacius.

638 565 674 601 81
706 578 878 603 PLACERE
906 573 923 614 ]
946 568 1042 604 Bene
1064 565 1141 602 Mss.
1165 565 1262 602 Flor.
1285 567 1403 604 Guelf.
1424 566 1526 603 Harl.
1549 566 1657 603 Bodl.
1675 566 1741 603 Jes.
1761 566 1919 604 Pichena
1938 571 1972 605 &

586 615 831 654 Recentiores.
853 617 897 653 In
917 618 981 653 Ms.
1006 616 1118 652 Corb.
1143 619 1176 652 ὃς
1199 616 1419 654 editionibus
1436 616 1638 662 veteribus,
1653 617 1688 665 fi
1701 618 1854 664 placeret.
1875 617 1973 656 Ten-

586 665 686 702 tabat
709 666 869 703 Muretus
884 695 893 710 ,
909 667 975 713 fibi
996 668 1146 712 placeret.

634 717 931 762 RevascmE]
962 715 1041 752 Mff.
1058 715 1128 753 Jes.
1154 718 1187 753 &
1210 716 1332 754 Guelf.
1350 719 1546 766 revivifiere.

636 817 743 854 CAP.
772 818 874 856 VIII.
902 818 1067 854 VICETIA
1096 822 1114 865 ]
1140 818 1237 856 Bene
1258 819 1416 856 Pichena
1436 831 1455 856 e
1481 818 1547 855 Ms.
1567 818 1664 855 Flor.
1686 818 1807 868 Vulgo
1832 818 1869 854 in
1893 817 1968 854 Mff.

584 869 619 904 δε
645 868 823 904 veteribus
842 867 1086 912 editionibus,
1109 871 1270 904 vincentia
1284 897 1293 912 ,
1321 880 1382 906 aut
1404 872 1554 904 vicentia.

636 916 902 954 INTERJECTUS
928 921 945 963 ]
973 919 1070 955 Bene
1098 917 1253 966 Lipsius,
1274 918 1432 956 Pichena
1454 922 1487 955 ὃς
1508 918 1752 955 Recentiores.
1777 915 1873 952 Mare
1892 915 1970 953 Mff.

578 964 677 1003 flor.
706 966 793 1016 Reg.
826 966 939 1004 Corb.
964 970 998 1003 ὃς
1022 967 1137 1004 editio
1168 968 1360 1018 princeps,
1390 971 1584 1005 incerzefflus.
1616 967 1694 1004 ΜΠ.
1727 965 1831 1003 Harl.
1860 965 1971 1004 Bodl.

580 1016 649 1053 Jes.
679 1020 712 1052 δε
740 1016 978 1059 Puteolanus,
1007 1021 1204 1064 interceptus.

636 1067 803 1102 RAET1AM
831 1070 848 1112 ]
875 1067 971 1103 Bene
995 1066 1072 1103 Mff.
1094 1067 1210 1104 Vatic.
1234 1068 1375 1104 Farnes.
1400 1067 1512 1104 Corb.
1537 1070 1570 1103 &
1593 1065 1761 1103 Pichena.
1785 1065 1967 1115 Corrupte

578 1114 655 1151 Mff.
679 1115 775 1152 Flor.
798 1115 886 1166 Reg.
909 1120 941 1152 &
965 1115 1080 1153 editio
1104 1117 1294 1166 princeps,
1316 1121 1465 1165 pretium.
1488 1116 1600 1153 Unde
1624 1115 1864 1159 Puteolanus,
1892 1116 1966 1152 JaC.

579 1164 792 1202 Gronovius
808 1194 816 1208 ,
843 1169 876 1203 ὃ(
892 1166 952 1202 alii
975 1166 1100 1210 multi,
1118 1181 1173 1213 per
1190 1169 1362 1205 Rhaetiam.
1387 1167 1455 1204 Sed
1478 1166 1670 1203 Flavianus
1694 1166 1868 1202 exercitus
1888 1178 1966 1201 non

576 1213 777 1260 interjefms
797 1215 845 1252 est
865 1229 929 1265 per
948 1216 1097 1253 Raetiam
1110 1243 1120 1260 ,
1143 1229 1222 1266 quae
1240 1230 1308 1266 pro
1328 1217 1530 1254 Vitellianis
1548 1216 1669 1252 stabat.
1690 1214 1807 1251 Pofita
1825 1215 1967 1251 tantum

575 1264 708 1300 auxilia
728 1266 764 1301 in
787 1266 875 1302 latus
895 1265 1019 1302 Raetiae
1035 1295 1045 1310 ,
1071 1267 1170 1316 quod
1196 1280 1238 1304 ea
1260 1279 1334 1305 erat
1354 1266 1478 1304 infesta
1491 1295 1501 1311 ,
1526 1277 1566 1302 ut
1589 1265 1744 1303 vidimus
1763 1265 1866 1314 supra
1883 1277 1966 1316 cap.

574 1325 613 1363 5.
640 1313 779 1352 Frustra
801 1316 963 1353 tentabat
988 1316 1143 1365 Lipslus,
1168 1319 1305 1354 Raeticas
1333 1319 1494 1365 Iuliasque
1521 1319 1632 1363 Alpes.

624 1363 684 1400 Ne
716 1377 889 1403 PERVIUM
916 1370 933 1412 ]
968 1366 1043 1401 Mff.
1073 1370 1105 1403 &
1137 1378 1274 1404 veteres
1301 1367 1589 1415 recentioresque
1623 1365 1802 1402 editiones
1823 1392 1832 1408 ,
1862 1378 1898 1399 ac
1927 1377 1966 1400 ne

566 1418 729 1460 pervium.
765 1418 812 1450 Ac
834 1416 1076 1452 omittendum
1096 1416 1235 1466 optime
1254 1417 1423 1454 viderunt
1443 1417 1602 1453 Pichena
1621 1418 1655 1451 δε
1674 1414 1832 1463 Lipssus;
1854 1413 1964 1463 idque

570 1475 687 1500 rerum
712 1465 815 1502 series
837 1466 1004 1515 postulat.

625 1513 874 1552 OBSEPSERAT
901 1520 918 1562 ]
943 1515 1043 1551 Male
1066 1515 1131 1550 Ms.
1152 1513 1218 1551 Jes.
1240 1515 1410 1563 obseffirat.
1433 1515 1558 1551 Editio
1583 1515 1771 1562 princeps,
1794 1514 1962 1560 olfederat.

624 1562 722 1600 PosT
751 1578 817 1601 RES
846 1569 863 1612 ]
884 1565 1028 1602 Pessim‘e
1045 1565 1111 1601 Ms.
1130 1563 1218 1615 Reg.
1235 1566 1306 1613 post
1327 1578 1403 1603 tres.
1420 1564 1510 1603 Inde
1527 1563 1659 1600 sciolus
1684 1562 1812 1613 aliquis
1828 1562 1964 1613 scripsit

571 1613 613 1651 in
631 1614 697 1652 ΜΓ.
721 1614 815 1652 Bud.
837 1616 907 1663 post
930 1628 992 1652 tres
1015 1617 1142 1662 menses.

620 1713 729 1750 CAP.
759 1714 823 1751 IX.
854 1714 1012 1752 CASTRA
1039 1726 1259 1753 PERMUNHT
1285 1718 1304 1762 ]
1330 1714 1407 1754 ΜΠ.
1437 1716 1528 1766 Reg.
1554 1718 1589 1752 ὃς
1613 1714 1678 1753 Jes.
1698 1716 1910 1762 permunivit.
1927 1714 1962 1752 A

569 1763 637 1800 ΜΓ.
662 1764 728 1801 Jes.
753 1763 872 1809 abest,
901 1765 1016 1811 castra.

618 1813 808 1851 Pon-:RE
838 1818 855 1861 ]
878 1815 954 1850 Mff.
976 1816 1067 1865 Reg.
1092 1814 1207 1852 Corb.
1233 1817 1268 1852 ὃς
1291 1814 1408 1851 editio
1432 1816 1622 1865 princeps,
1643 1814 1824 1862 potutffint.

623 1863 952 1911 CONSCIVISSENT]
977 1865 1043 1901 Ms.
1073 1864 1139 1901 Jes.
1167 1865 1284 1914 prima
1314 1878 1422 1901 manu
1441 1897 1449 1908 ,
1483 1866 1692 1913 concniſjent.
1725 1865 1785 1901 Sic
1816 1874 1962 1914 quoque

568 1912 718 1950 volebat
742 1916 910 1951 Muretus.
935 1914 1058 1952 Altera
1080 1926 1188 1950 manu
1211 1915 1441 1952 emendatum
1462 1915 1499 1952 in
1525 1915 1589 1951 Ms.
1614 1914 1679 1952 Jes.
1710 1914 1932 1961 consciviffint.

619 1962 849 2000 VIPSTANJUS
880 1965 1055 2000 MESSALA
1085 1969 1103 2012 ]
1128 1965 1206 2001 Mff.
1228 1965 1331 2001 Harl.
1357 1965 1464 2001 Bodl.
1480 1965 1546 2002 Jes.
1564 1964 1650 2014 Reg.
1668 1967 1700 2000 ὃς
1719 1964 1960 2008 Puteolanus,

566 2012 735 2060 Vipsanus.
756 2014 883 2051 Editio
898 2015 1064 2063 princeps
1080 2042 1090 2058 ,
1118 2016 1298 2062 Vipsanius.
1317 2016 1517 2063 Rupertus,
1532 2014 1690 2064 Ryckius
1707 2017 1740 2050 &
1764 2013 1957 2050 Recentio-

567 2074 622 2098 res
641 2088 649 2104 ‚
678 2064 859 2109 Vipstanus.
883 2064 1036 2107 Melius,
1054 2066 1248 2113 Vipstanius.
1274 2064 1368 2100 Nam
1392 2065 1429 2100 in
1455 2065 1568 2101 veteri
1591 2063 1832 2112 Inscriptione
1861 2062 1958 2112 apud

565 2110 769 2155 Muratori‚
794 2116 907 2152 Novus
930 2116 1104 2162 Thesaurus
1128 2117 1270 2164 Inscript.
1299 2115 1409 2151 Tom.
1444 2113 1472 2151 1.
1503 2127 1586 2165 pag.
1617 2125 1765 2152 cccx1x.
1795 2125 1895 2152 num.
1918 2125 1957 2151 2.

565 2162 640 2211 ejus
663 2162 891 2210 consulatus,
919 2164 1079 2213 Trajano
1105 2163 1298 2214 Principe,
1326 2175 1556 2202 memoratur.

975 2255 1010 2279 L.
1039 2255 1296 2280 VIPSTANIO
1323 2255 1532 2280 MESSALA

948 2304 988 2328 Μ.
1018 2305 1330 2330 VERGILIANO
1359 2306 1565 2330 PEDONE.

560 2357 621 2393 Sic
645 2369 790 2408 quoque
817 2369 952 2396 veteres
976 2359 1111 2408 Iapides
1134 2360 1229 2408 apud
1256 2362 1468 2403 Gruterum,
1499 2373 1581 2409 pag.
1610 2369 1730 2395 Mvax
1751 2361 1785 2394 ὃς
1804 2369 1921 2396 MLxx.

609 2406 807 2446 LAumBUs
835 2421 1150 2447 ATTOLLEBATUR
1177 2413 1196 2456 ]
1221 2410 1383 2447 Laudibus
1404 2409 1500 2449 abest
1524 2422 1544 2446 a
1570 2409 1637 2446 Ms.
1664 2408 1776 2446 Corb.
