2209 3047
588 243 671 281 5⁷2
786 220 1002 263 NOTAE
1054 216 1140 259 ET
1187 215 1780 261 EMENDATIONES

585 302 746 339 crassiora
770 299 834 334 sint
847 325 855 340 ,
885 296 958 332 duo
984 295 1099 332 triave
1126 294 1215 331 folia
1232 294 1454 343 agglutinata
1472 295 1563 333 sunt.
1580 294 1674 331 Nam
1692 295 1806 333 Judaei
1827 305 1973 339 tenuem

583 350 779 388 Sinenszum
801 349 961 384 charram
986 346 1141 382 alumine
1165 357 1241 381 non
1259 344 1407 381 illinunt
1430 373 1441 389 ,
1468 356 1507 382 ut
1534 347 1682 396 utraque
1705 359 1748 382 ex
1767 358 1867 395 parte
1889 351 1975 398 pos-

585 402 651 437 sint
671 399 833 436 scribere.
859 396 1000 446 Singuli
1016 396 1070 431 illi
1094 395 1176 431 libri
1196 395 1290 430 circa
1310 394 1465 431 mediam
1483 396 1635 444 primam
1651 396 1820 446 paginam
1838 397 1974 438 habent

585 450 783 487 tess‘erulam
800 447 946 484 sericam
959 474 969 489 ‚
996 446 1146 482 viridem
1158 473 1167 487 ,
1195 445 1430 482 caeruleamve
1443 473 1453 489 ,
1477 456 1538 482 aut
1554 446 1671 482 albam
1685 474 1694 490 ,
1716 446 1754 481 in
1771 447 1841 496 qua
1859 450 1974 496 prima

585 513 660 536 vox
682 499 787 542 libri,
815 497 874 534 seu
900 496 1065 533 sefflonis
1079 522 1088 539 2
1115 494 1163 531 est
1179 494 1350 544 inscripta
1370 495 1441 532 fine
1462 496 1600 545 punctis
1617 495 1818 533 vocalibus.
1836 497 1974 539 Primus

585 560 699 603 liber,
726 558 786 595 seu
809 557 924 607 prima
946 556 1054 592 festio
1080 553 1184 604 Legis
1208 555 1277 592 hac
1302 556 1420 593 forma
1446 556 1615 605 inscripta
1641 555 1690 592 est
1719 556 1890 611 {nime-³21.
1910 559 1974 597 Se-

586 619 722 656 cundus
741 617 853 662 liber,
879 616 938 652 seu
950 613 1107 651 secunda
1123 614 1231 651 seffio
1247 614 1458 665 inscriptum
1470 615 1580 652 habet
1597 611 1674 669 lffil.
1693 619 1839 656 Tertius
1861 619 1975 665 liber,

585 680 646 716 seu
677 679 784 716 tertia
803 678 912 715 sefflo
927 704 937 720 ,
959 669 1009 727 ἰἾῑ)
1027 669 1097 728 ἾῑγΙ.
1131 674 1178 711 Et
1203 675 1250 713 fic
1275 676 1320 713 de
1349 678 1486 713 ceteris.
1518 675 1603 712 Vox
1621 688 1739 716 autem
1756 707 1766 723 ,
1799 679 1838 715 in
1857 679 1975 728 prima.

586 739 720 789 pagina
741 739 788 775 fic
811 737 1001 784 inscripta,
1027 736 1066 771 in
1088 735 1199 771 altera
1225 735 1500 785 sequentibusve
1525 736 1692 786 paginis,
1730 739 1829 776 tituli
1861 739 1942 775 vice
1962 764 1977 782 ‚

588 801 666 824 non
687 789 867 838 repetitur.
891 784 1048 835 Singulae
1077 796 1194 822 autem
1218 785 1302 821 libri
1335 786 1478 835 paginae
1509 798 1588 822 non
1609 786 1789 838 signantur
1811 818 1822 833 ‚
1861 800 1902 825 ut
1933 788 1974 824 in

587 838 716 874 nostris
734 837 861 875 Bibliis
875 864 884 879 ‚
912 834 1024 872 literis
1039 846 1074 875 J,
1088 847 1130 875 2,
1144 848 1170 873 R
1183 864 1193 879 ‚
1219 836 1278 873 sed
1297 837 1445 886 integris
1462 835 1616 872 vocibus
1638 837 1725 875 w‘uv
1738 865 1748 878 ‚
1762 849 1851 877 now
1862 864 1872 878 ‚
1883 849 1977 881 -ffiN,

585 888 626 924 id
648 888 697 924 est
717 891 847 934 prima,
866 886 1029 934 flectenda,
1057 888 1151 921 tertia
1177 889 1245 922 δίε.
1268 886 1420 923 Numeri
1444 897 1563 922 autern
1588 885 1643 921 illi
1672 886 1710 922 in
1735 887 1872 923 summa
1895 887 1978 936 qui-

587 938 669 974 dem
696 937 851 986 pagina,
880 935 940 972 sed
966 934 1162 980 interiore,
1189 949 1267 973 non
1295 937 1408 978 vero,
1439 947 1479 972 ut
1511 936 1608 984 apud
1645 949 1735 979 n08‚
1764 936 1943 974 exteriore
1966 966 1977 980 ,

589 988 802 1023 scribuntur.
826 986 1007 1023 Sec'tiones
1031 996 1150 1022 autern
1174 986 1280 1035 Legis
1306 986 1441 1023 eaedem
1467 986 1547 1022 sunt
1571 998 1678 1036 atque
1698 987 1737 1022 in
1761 986 1889 1023 nostris
1911 987 1978 1022 Bi-

591 1037 684 1072 bliis.
712 1035 986 1072 Tantummodo
1011 1048 1054 1072 ex
1076 1048 1126 1083 52
1154 1039 1188 1072 &
1223 1048 1266 1085 53
1297 1035 1514 1073 seffionibus
1540 1049 1650 1072 unam
1679 1036 1875 1073 sectionem
1899 1036 1977 1073 effi-

590 1087 689 1123 ciunt
710 1086 825 1123 Judaei
850 1085 1024 1122 Sinenses.
1048 1085 1140 1122 Inde
1162 1098 1230 1122 nos
1248 1098 1474 1123 numeramus
1500 1097 1549 1135 54
1569 1086 1741 1123 sefflones
1765 1086 1888 1136 Legis,
1909 1086 1977 1135 ipfi

588 1137 673 1173 vero
702 1148 745 1185 53
774 1147 987 1178 numerant3
1014 1135 1185 1185 solitique
1208 1135 1289 1172 sunt
1313 1136 1431 1173 dicere
1455 1136 1491 1172 se
1515 1136 1648 1173 habere
1670 1139 1758 1185 King
1784 1150 1824 1172 ou
1846 1138 1899 1172 che
1912 1139 1980 1184 san

588 1188 690 1222 Kiuen
705 1214 714 1229 ,
743 1186 780 1222 id
803 1186 851 1223 est
873 1185 1136 1236 quinquaginta
1156 1197 1227 1223 tres
1249 1198 1388 1235 partes,
1416 1197 1478 1222 aut
1494 1185 1608 1223 libros
1622 1214 1632 1230 ‚
1663 1186 1847 1235 scripturae
1865 1199 1978 1223 cano-

588 1236 690 1273 nicae.
718 1237 762 1272 In
786 1236 829 1271 iis
848 1236 948 1272 libris
971 1236 1134 1285 appofita
1157 1236 1239 1273 sunt
1260 1236 1405 1287 [ing-ulis
1426 1235 1580 1272 vocibus
1598 1238 1729 1286 punffi’ta
1747 1236 1905 1273 vocalia.
1927 1237 1979 1272 Ii-

589 1286 670 1322 dem
693 1286 829 1323 habent
852 1286 1046 1336 phethuras
1067 1289 1102 1323 ὃς
1122 1286 1323 1330 sethumas3
1350 1286 1412 1324 sed
1433 1286 1553 1322 literas
1582 1298 1604 1325 D
1641 1290 1676 1323 &
1699 1303 1724 1330 D
1756 1299 1874 1336 neque
1906 1285 1980 1322 dis-

587 1337 761 1386 jungunt,
780 1349 897 1386 neque
917 1336 1103 1385 triplicant
1113 1349 1126 1380 ;
1146 1337 1368 1385 conjunctim
1389 1337 1527 1385 semper
1546 1336 1684 1373 habent
1702 1338 1757 1376 'DD
1771 1365 1780 1380 ‚
1807 1336 1869 1373 vel
1900 1335 1926 1372 Γ
1929 1349 1952 1374 D
1967 1349 1979 1373 τ

586 1386 698 1435 idque
718 1399 796 1423 non
815 1386 854 1421 in
877 1386 958 1435 ipso
980 1398 1080 1422 textu
1094 1415 1104 1430 ,
1131 1398 1172 1422 ut
1187 1387 1299 1436 vulgb
1315 1387 1518 1437 loquimur,
1538 1386 1702 1423 inseritur
1715 1414 1728 1430 ‚
1751 1386 1814 1423 sed
1830 1387 1868 1422 in
1886 1398 1977 1423 mar-

586 1436 672 1485 gine
699 1436 908 1485 apponitur.
935 1435 978 1471 ln
1002 1436 1098 1472 libro
1124 1436 1243 1484 primo
1258 1464 1269 1480 ,
1298 1437 1359 1473 seu
1383 1436 1540 1472 seffione
1564 1437 1729 1484 Berefith‚
1758 1448 1883 1486 quater
1904 1449 1979 1473 no-

586 1497 682 1521 tatur
706 1486 773 1524 '09-
798 1485 956 1521 Primum
981 1486 1140 1521 occurrit
1156 1485 1196 1521 in
1212 1486 1331 1534 capite
1348 1486 1466 1535 primo
1484 1486 1632 1522 Genefis
1647 1497 1730 1522 ante
1746 1486 1886 1522 versum
1908 1498 1955 1522 10
1966 1517 1977 1529 ,

587 1536 684 1583 juxta
708 1547 938 1572 communem
963 1534 1123 1571 nostrum
1148 1535 1337 1571 dividendi
1364 1535 1540 1571 modum:
1568 1534 1766 1571 secundum
1791 1546 1873 1571 ante
1897 1548 1978 1572 ver-

589 1585 664 1620 sum
693 1597 742 1632 27
765 1585 920 1631 ejusdem
948 1584 1098 1634 capitis:
1116 1584 1265 1622 tertium
1290 1596 1374 1622 ante
1401 1584 1541 1621 versum
1565 1595 1611 1620 21
1645 1584 1773 1634 capitis
1803 1584 1980 1622 secundi:

591 1634 754 1683 quartum
783 1647 866 1672 ante
900 1636 1039 1671 versum
1069 1646 1118 1682 14
1147 1635 1245 1672 tertii
1274 1635 1413 1685 capitis.
1439 1634 1572 1672 Praeter
1592 1634 1672 1670 haec
1704 1645 1860 1684 quatuor
1885 1636 1942 1674 ’ῦῦ
1966 1662 1979 1679 ,

589 1683 682 1720 nihil
707 1685 807 1721 aliud
830 1684 878 1722 est
901 1685 939 1720 in
965 1685 1040 1721 hoc
1063 1685 1183 1734 primo
1207 1685 1306 1722 libro
1320 1714 1330 1730 ,
1351 1686 1412 1723 seu
1429 1685 1547 1734 prima
1567 1684 1724 1721 sefflone
1737 1712 1748 1729 ,
1768 1685 1868 1721 nulla
1887 1697 1979 1722 nota

591 1734 743 1784 margini
765 1735 929 1785 apposita
942 1763 952 1778 ‚
981 1735 1081 1771 nulla
1103 1735 1292 1773 intervalla
1306 1764 1317 1780 ,
1348 1735 1457 1772 nullae
1482 1734 1686 1772 divisiones.
1702 1735 1748 1770 In
1768 1734 1840 1772 fine
1857 1746 1979 1772 tamen

590 1784 802 1834 lingularum
823 1784 1000 1834 phrafium
1018 1797 1253 1835 apponuntur
1265 1786 1407 1834 pefickim
1422 1814 1433 1830 ,
1461 1785 1522 1822 seu
1546 1785 1620 1821 duo
1647 1786 1795 1833 punda:
1816 1797 1895 1835 quae
1912 1785 1978 1834 ipfi

590 1846 726 1870 vocant
749 1837 842 1872 Kela.
867 1835 1046 1872 Numerus
1069 1836 1234 1872 versuum
1248 1864 1258 1880 ‚
1285 1836 1415 1886 quibus
1437 1835 1587 1885 quisque
1612 1834 1724 1878 liber,
1745 1834 1805 1871 seu
1826 1846 1979 1885 quaeque

591 1883 697 1920 seffio
727 1885 889 1930 constat,
919 1886 958 1921 in
982 1886 1054 1923 fine
1076 1885 1162 1922 libri
1187 1886 1409 1935 exprimitur.
1434 1885 1496 1922 Sic
1521 1886 1560 1921 in
1583 1884 1655 1921 fine
1681 1884 1790 1927 libri,
1816 1885 1876 1921 seu
1900 1885 1978 1921 sec-

591 1934 701 1969 tionis
717 1935 855 1983 Berqfitlz
870 1963 880 1980 ‚
898 1935 1028 1986 legitur
1045 1947 1113 1981 m?
1127 1965 1137 1981 ,
1151 1936 1191 1973 id
1205 1936 1253 1974 est
1277 1937 1397 1974 versus
1427 1936 1514 1984 146.
1537 1936 1583 1972 In
1606 1935 1678 1972 fine
1703 1934 1851 1973 secundi
1867 1934 1978 1978 libri,

591 1983 651 2020 seu
667 1983 830 2022 sestionis
845 1988 974 2030 Noaclz,
994 1986 1124 2037 legitur
1145 1998 1216 2033 ,περ
1231 2015 1241 2031 ,
1270 1987 1310 2023 id
1331 1986 1380 2024 est
1405 1986 1525 2023 versus
1553 1998 1639 2035 ¹43·

646 2032 759 2070 Judaei
783 2035 945 2072 Sinenses
965 2049 1044 2073 non
1066 2048 1202 2079 norunt
1228 2040 1307 2073 Keri
1337 2040 1371 2074 ὃς
1397 2037 1525 2072 Kethib.
1555 2036 1609 2073 At
1642 2035 1681 2071 in
1717 2047 1844 2072 eorum
1875 2034 1983 2070 libris

591 2081 672 2118 sunt
690 2084 844 2122 minores
861 2086 1084 2137 majoresque
1098 2086 1223 2124 literae.
1248 2087 1307 2123 Sic
1325 2086 1455 2124 Genes.
1480 2086 1519 2122 II
1532 2113 1543 2130 ,
1560 2097 1587 2133 4
1601 2113 1612 2129 ‚
1629 2085 1669 2120 in
1694 2097 1788 2122 voce
1807 2096 1952 2123 omna:
1965 2111 1979 2128 ‚

593 2133 718 2169 ceteris
742 2136 854 2172 multb
877 2136 998 2173 minor
1028 2135 1258 2177 est'literafn.
1285 2137 1373 2174 Non
1396 2137 1516 2173 minor
1548 2135 1739 2172 videbatur
1760 2134 1866 2170 litera
1890 2146 1913 2173 :³
1937 2133 1980 2170 in

590 2195 687 2219 voce
707 2184 843 2227 nnn-2¹7,
870 2185 1000 2223 Genes.
1029 2187 1178 2231 XXIII,
1211 2200 1248 2223 2.
1270 2189 1322 2224 At
1356 2187 1595 2236 interrogatus
1630 2185 1886 2233 Tclzang—Kiao‚
1916 2183 1979 2220 seu

590 2231 793 2282 Synagog'ae
816 2238 928 2271 rec'lor
944 2264 955 2280 ‚
983 2250 1061 2274 eam
1088 2237 1264 2274 minorem
1284 2237 1349 2274 effe
1374 2235 1608 2273 adseveravit.
1635 2234 1774 2271 Contra
1798 2234 1837 2269 in
1861 2234 1980 2283 prima.

591 2294 687 2318 voce
710 2282 854 2319 Genesis
880 2291 1019 2333 nium-w]
1036 2316 1046 2331 ,
1072 2287 1175 2324 litera
1199 2297 1221 2323 3
1245 2287 1294 2324 est
1314 2287 1429 2324 multo
1448 2288 1574 2333 major.
1599 2286 1728 2321 Praeter
1751 2285 1880 2333 punsta
1906 2295 1979 2320 vo-

594 2331 709 2376 c'alia,
738 2335 771 2368 δε
794 2345 961 2371 accentus
987 2338 995 2352 ¹
1017 2365 1027 2380 ,
1058 2350 1137 2387 quae
1167 2338 1291 2375 omnia
1318 2350 1391 2374 uno
1415 2337 1564 2373 nomine
1588 2334 1705 2373 Judaei
1726 2333 1887 2371 Sinenses
1909 2345 1978 2381 ap·-

626 2427 635 2440 ¹
664 2421 769 2449 Quidam
785 2431 895 2448 arcemus
907 2424 933 2448 in
947 2425 1012 2449 libris
1022 2426 1160 2450 Judaeomm
1172 2426 1259 2451 Sinen-
1300 2426 1456 2459 perexiguum
1475 2426 1507 2449 est
1527 2425 1652 2449 discrimen
1667 2442 1674 2452 2
1696 2432 1741 2448 nec
1756 2430 1842 2447 ¹²⁰⁸²¹u
1861 2422 1973 2454 dignum·

591 2453 650 2478 fium
668 2464 682 2480 a
703 2457 788 2481 nostris
815 2459 951 2484 accentibus
971 2460 1048 2493 figuti
1065 2459 1178 2485 diffirum
1199 2470 1205 2484 z
1222 2461 1261 2484 sed
1275 2430 1283 2494 1
1299 2460 1388 2485 Eadem
1399 2461 1470 2487 sunt,
1486 2467 1513 2483 ‘dc
1532 2460 1615 2486 nost¹²
1627 2476 1635 2486 ι
1657 2458 1751 2484 vocalia
1768 2465 1852 2483 corum
1875 2456 1973 2489 purast-2·
