2230 3047
130 822 180 849 10

129 1137 177 1177 15

123 1458 180 1484 20

336 165 808 208 HISTORIARUM
847 163 1046 205 LIBER
1080 164 1432 207 SECUNDUS.
1507 179 1586 215 137

209 246 470 298 credebatur,
498 248 642 288 ducem
664 247 703 288 se
728 245 902 302 partibus
928 246 1126 290 offerens3
1150 261 1169 285 a
1190 261 1268 299 quo
1298 245 1525 301 neglectus,
1548 246 1588 284 in

208 310 324 351 nullo
341 311 567 352 Othoniani
581 309 678 350 belli
693 311 765 350 usu
780 309 870 350 fuit:
890 307 1115 349 labantibus
1135 313 1144 329 ¹
1166 308 1322 348 Vitellii
1340 309 1474 358 rebus,
1492 308 1589 350 Ves-

209 374 410 429 pafianum
432 375 589 415 secutus
605 403 617 423 ,
650 373 798 428 grande
822 385 1071 413 momentum
1097 370 1273 419 addidit,
1304 373 1479 412 strenuus
1504 386 1586 411 ma-

210 452 290 487 nu,
315 437 496 477 sermone
517 450 749 491 promptus,
770 436 939 476 serendae
961 437 1002 474 in
1023 434 1122 475 alios
1142 433 1299 472 invidiae
1322 435 1488 484 artifex,
1512 435 1588 475 dis-

211 500 357 540 cordiis
373 504 413 540 &
429 498 688 539 seditionibus
703 512 866 554 potens,
886 512 1040 554 raptor,
1062 496 1246 551 largitor,
1265 511 1362 551 pace
1379 498 1558 551 pessimus
1573 527 1587 548 ,

208 561 319 603 bello
340 578 421 604 non
445 561 701 618 spernendus.
716 561 849 604 Junffl
869 561 962 602 inde
978 561 1139 601 Moesici
1161 574 1206 599 ac
1230 559 1453 600 Pannonici
1475 575 1588 601 exer-

207 627 310 666 citus
323 655 336 676 ‚
361 624 637 666 Dalmaticum
658 623 828 664 militem
849 638 1004 665 traxere
1020 654 1032 675 ,
1058 637 1297 678 quamquam
1316 621 1589 664 consularibus

206 686 349 743 legatis
366 687 468 728 nihil
485 686 748 728 turbantibus.
763 687 880 728 Titus
900 688 1070 743 Ampius
1087 686 1300 728 Flavianus
1317 686 1563 726 Pannoniam
1577 716 1590 735 ,

207 751 422 806 Pompeius
434 750 620 792 Silvanus
634 749 880 791 Dalmatiam
892 750 1104 800 tenebant,
1120 750 1263 791 divites
1276 749 1401 789 senes.
1411 749 1489 789 Sed
1505 763 1591 803 pro·

209 828 370 856 curator
393 814 528 855 aderat
548 813 763 854 Cornelius
784 813 934 855 Fuscus
948 844 961 864 ,
985 815 1124 868 vigens
1145 825 1283 862 aetate,
1311 811 1426 853 claris
1450 810 1590 851 natali-

208 875 302 919 bus:
328 875 453 934 prima
474 875 663 930 juventa,
693 879 836 930 quietis
859 877 1048 932 cupidine
1071 880 1085 896 ²
1102 906 1114 926 ‚
1143 877 1385 917 senatorium
1406 874 1590 915 ordinem

208 955 393 982 exuerat:
422 941 528 981 idem
542 956 616 996 pro
634 939 766 981 Galba
781 941 862 981 dux
878 940 1047 981 colonia:
1065 939 1138 979 suae
1161 944 1170 967 ³
1187 969 1200 989 ‚
1223 936 1346 992 eaque
1365 936 1484 994 opera
1505 952 1591 993 pro-

209 1006 459 1045 curationem
490 1004 654 1060 adeptus
674 1009 717 1053 4,
742 1004 933 1060 susceptis
954 1003 1182 1059 Vespasiani
1217 1000 1418 1057 partibus,
1443 1002 1592 1042 acerri-

207 1083 314 1108 mam
347 1066 457 1108 bello
483 1068 613 1108 facem
642 1066 840 1123 praetulit3
865 1082 947 1107 non
974 1080 1056 1107 tam
1086 1066 1252 1122 praemiis
1280 1064 1551 1120 periculorum
1579 1093 1594 1115 ,

209 1130 327 1185 quam
342 1130 429 1186 ipsis
448 1130 635 1186 periculis
650 1129 778 1170 loetus:
803 1145 875 1186 pro
892 1131 1009 1171 certis
1028 1133 1068 1170 &
1085 1128 1184 1169 olim
1200 1129 1340 1184 partis,
1360 1143 1465 1169 nova
1479 1158 1490 1177 ,
1514 1142 1593 1168 am-

207 1194 329 1250 bigua
343 1198 383 1234 &
401 1195 590 1249 ancipitia
611 1192 798 1234 malebat.
815 1194 943 1248 Igitur
958 1207 1121 1233 movere
1138 1196 1176 1232 ὅ(
1195 1205 1378 1245 quatere,
1399 1189 1592 1245 quidquid

206 1258 370 1311 usquam
391 1272 538 1312 aegrum
559 1257 691 1306 foret,
717 1257 1014 1311 adgrediuntur.
1033 1257 1197 1311 Scriptae
1217 1256 1259 1293 in
1279 1254 1525 1294 Britanniam
1543 1253 1593 1294 ad

208 1321 578 1376 quartadecimanos
597 1325 633 1370 5,
654 1321 695 1359 in
709 1320 946 1374 Hispaniam
962 1320 1010 1360 ad
1026 1320 1228 1375 primanos
1243 1317 1259 1338 ⁶
1275 1316 1465 1372 epistolae3
1482 1316 1592 1371 quod

205 1398 372 1439 utraque
394 1383 503 1438 legio
524 1398 596 1439 pro
624 1384 816 1433 Othone,
840 1383 1003 1423 adversa
1023 1381 1194 1423 Vitellio
1224 1381 1372 1420 fuerat:
1400 1381 1591 1436 spargun-

206 1461 271 1488 tur
286 1463 356 1504 per
372 1446 526 1488 Gallias
541 1445 688 1493 literae3
717 1460 1005 1500 momentoque
1026 1446 1217 1500 temporis
1237 1443 1428 1498 flagrabat
1449 1444 1590 1498 ingens

206 1510 380 1561 bellum,
399 1509 572 1564 Illyricis
590 1508 830 1551 exercitibus
847 1508 978 1566 palam
996 1506 1328 1558 desciscentibus,
1349 1508 1490 1548 ceteris
1507 1506 1592 1546 for-

206 1587 346 1616 tunam
368 1574 573 1614 secuturis.

269 1637 566 1678 LXXXVII.
600 1637 720 1677 DUM
742 1638 850 1687 haec,
874 1652 943 1692 per
958 1636 1207 1692 provincias,
1229 1650 1250 1675 a
1265 1633 1506 1689 Vespasiano
1524 1632 1591 1673 du-

207 1700 397 1756 cibusque
417 1701 587 1757 partium
609 1713 826 1756 geruntur3
851 1698 1043 1742 Vitellius
1066 1699 1338 1754 contemptior
1359 1698 1400 1736 in
1425 1696 1508 1737 dies
1533 1696 1591 1737 se-

915 1828 976 1858 nia.
1003 1825 1152 1856 Praeterea
1172 1825 1293 1856 Cluniae
1319 1824 1379 1855 fuit
1411 1832 1589 1856 conventus

251 1836 260 1850 ¹
292 1831 491 1861 Lanu-rmus
510 1834 522 1864 ]
551 1830 690 1869 Repente
705 1828 876 1859 ruentibus.

914 1866 1062 1906 juridicus
1077 1889 1085 1902 ‚
1108 1866 1196 1904 quod
1218 1866 1314 1905 vulgo
1340 1863 1500 1902 proprium
1524 1873 1589 1895 erat

210 1870 340 1908 Optime
359 1869 444 1900 enim
461 1869 617 1908 Ryckius,
637 1869 694 1898 labi
712 1869 752 1898 est
770 1867 878 1898 senfim

209 1910 334 1945 cadere,
351 1908 464 1946 labare,
485 1920 516 1939 re
540 1912 611 1940 ente
623 1919 721 1939 ruere.
733 1907 781 1938 Sic
792 1907 878 1946 supra

208 1949 323 1981 Annal.
345 1950 414 1979 XIV
426 1973 435 1986 ,
453 1959 506 1985 ¹2,
536 1948 637 1977 abame
650 1948 677 1976 A
700 1947 827 1985 rippi1153
844 1948 878 1977 ὅ(

208 1989 321 2019 Annal.
339 1989 429 2026 XVI,
454 1999 511 2025 33,
525 1987 663 2016 Soranum
677 1959 830 2016 subantem.

249 2033 263 2048 ²
284 2030 418 2066 Quis-trs
440 2039 587 2058 cummim
609 2029 623 2065 ]
662 2025 782 2056 Eruditi
818 2025 879 2055 viri

211 2067 339 2099 Grotius
357 2066 531 2098 &Huetius
550 2067 680 2097 mallent
701 2064 814 2104 quaestfis
835 2074 878 2093 cu-

209 2106 378 2144 pidine.sed
388 2106 461 2136 vide
476 2108 576 2137 Notas
589 2107 623 2137 ὅ(
635 2104 878 2136 Emendationes

212 2147 251 2177 ad
266 2146 338 2176 Hist.
353 2146 380 2175 Π
391 2169 399 2183 ,
418 2149 466 2176 86.

254 2191 263 2212 ³
287 2185 359 2215 Dux
383 2196 525 2216 commta
547 2187 638 2222 sum]
666 2186 742 2222 Quae
763 2182 798 2213 fit
826 2182 879 2212 illa

212 2225 361 2261 colonia,
387 2224 549 2255 incertum.
571 2225 642 2261 Ejus
671 2233 789 2254 nomen
810 2221 879 2252 sane

211 2272 439 2296 memoraverat
459 2263 584 2294 Tacitus
596 2263 628 2292 in
650 2262 686 2292 ea
708 2271 791 2301 parte
808 2261 879 2291 libri

212 2303 405 2336 sextidecimi
424 2303 610 2338 Annalium,
639 2312 704 2341 quae
718 2301 820 2340 periit.
832 2300 879 2330 lbi

213 2344 297 2375 enim
323 2344 428 2374 Galbae
459 2342 548 2372 initia
571 2349 755 2371 narraverat.
786 2340 881 2370 Forte

916 1903 1068 1938 coloniae,
1090 1913 1124 1934 ut
1144 1905 1287 1935 observat
1302 1903 1440 1934 eruditus
1456 1903 1588 1940 Florez,

915 1945 1057 1976 Medallas
1084 1943 1115 1972 de
1137 1943 1268 1982 EfimzHa,
1293 1953 1360 1982 pag.
1389 1946 1457 1979 366.
1474 1942 1588 1985 ,Pluri-

916 1995 1001 2015 mum
1013 1993 1115 2015 autem
1131 1994 1230 2022 operae
1243 1983 1378 2021 praestare
1391 1989 1496 2019 potuit
1509 1983 1588 2012 Cor-

918 2025 1016 2055 nelius
1050 2022 1162 2053 Fuscus
1180 2046 1188 2058 ‚
1222 2025 1293 2052 cum
1319 2021 1419 2052 Galba
1453 2020 1531 2051 hanc
1554 2022 1589 2052 in

917 2066 1025 2094 urbem
1043 2063 1071 2093 se
1091 2062 1269 2100 recepiss‘et,
1291 2070 1324 2091 ut
1349 2060 1484 2090 vidimus
1502 2060 1589 2099 supra

916 2104 949 2134 in
972 2102 1196 2141 Supplemento
1215 2101 1329 2131 Annal.
1348 2101 1418 2130 XVI
1431 2122 1439 2134 ,
1460 2102 1508 2130 80.

955 2146 970 2166 4
992 2143 1265 2172 Paocummoum
1286 2149 1424 2170 ADEPTUS
1439 2141 1451 2176 ]
1469 2140 1588 2170 Procu-

918 2181 1072 2212 rationem
1088 2179 1254 2210 Pannoniae
1276 2180 1310 2209 ὃ(
1330 2178 1501 2209 Dalmatiae.

959 2227 967 2248 5
993 2223 1318 2258 Quanransscmauos
1342 2220 1355 2256 ]
1384 2217 1588 2255 Quartamde-

919 2260 1031 2291 cimam
1066 2259 1226 2298 legionem
1261 2265 1465 2289 memoratam
1502 2256 1589 2295 supra

918 2300 991 2330 Hist.
1012 2300 1061 2335 11,
1085 2309 1120 2336 43
1141 2299 1175 2329 ὅ(
1193 2300 1244 2328 66.

958 2341 971 2358 ⁶
994 2339 1182 2375 Pmmsos]
1198 2336 1328 2367 Primam
1339 2335 1497 2374 legionem
1509 2333 1589 2365 Clas-

213 2391 317 2415 tamen
333 2384 404 2413 urbs
423 2381 475 2412 illa
492 2381 553 2412 fuir
573 2380 697 2412 Clunia.
716 2381 797 2410 Nam
812 2380 882 2409 Pto·
920 2377 1072 2418 ficorum,
1091 2385 1124 2409 ut
1140 2378 1203 2417 jam
1220 2376 1335 2409 diclum
1355 2375 1395 2406 est
1417 2375 1503 2414 supra
1522 2383 1589 2413 cap.

215 2423 323 2453 lernaeo
339 2423 366 2452 11
379 2446 388 2459 ,
407 2425 426 2452 6
438 2445 447 2458 ,
459 2428 648 2454 memoratur
663 2419 778 2452 Clunia
789 2419 881 2451 colo-
920 2422 972 2458 67.

308 2466 415 2508 Tom.
447 2466 527 2509 III.

1366 2459 1393 2499 S

1613 255 1728 270 ==

1613 290 1683 313 A.U.
1698 290 1729 313 C.

1635 337 1706 365 822.

1635 387 1657 410 J.
1675 386 1704 410 C·

1645 434 1695 469 69.
