2209 3047
608 206 698 246 514
798 186 1021 229 NoTAE
1064 182 1148 223 ET
1195 179 1793 227 EMENDATtoNEs

628 307 728 363 De
761 301 1028 380 Capitolio
1062 322 1095 357 a
1122 303 1488 357 VESPASIANO
1516 299 1592 357 <30
1616 303 1964 360 DOMITIANO

983 385 1322 461 Principibus
1359 384 1605 460 restituto,

649 511 722 548 Um
748 509 925 546 deferbuit
937 509 1115 546 bellorum
1129 506 1292 543 civilium
1311 507 1432 551 aestus,
1452 507 1576 558 resque
1593 508 1739 558 publica
1752 536 1761 552 ,
1773 508 1991 557 Vespasiano

605 561 792 609 Principe,
816 560 997 610 acquievit
1014 585 1023 601 ,
1043 557 1226 607 proecipua
1240 558 1403 594 omnium
1421 571 1506 595 cura
1521 558 1590 594 fuit
1612 570 1652 595 ut
1674 558 1888 596 restitueretr
1901 561 1966 596 Ca-

606 611 790 661 pitolium.
821 609 1036 647 Consultum
1051 607 1221 657 religioni
1239 638 1247 651 ‚
1269 619 1309 644 ut
1333 608 1458 645 iisdem
1485 608 1631 645 tertium
1651 608 1806 658 vestigiis
1835 622 1992 658 repone-

606 673 703 698 retur
720 675 728 698 :
744 660 804 698 sed
817 687 827 704 ,
850 659 950 710 quod
978 671 1090 694 unum
1116 657 1230 694 veteri
1248 658 1522 709 magnificentiae
1545 658 1679 702 defuit,
1706 659 1841 707 adjecta
1856 659 1992 697 aedibus

606 711 778 748 altitudo.
811 709 855 745 Id
887 722 1034 758 quoque
1063 708 1193 744 saecum
1219 708 1268 744 ob
1292 708 1442 758 grandes
1472 708 1681 753 columnas,
1712 722 1797 758 quas
1816 721 1991 747 memorat

605 760 798 798 Suetonius
814 761 851 795 in
866 758 1011 807 Vespas.
1031 757 1166 795 XVIII.
1184 758 1229 793 In
1254 757 1329 795 hoc
1344 758 1485 806 imperii
1504 759 1696 807 splendore
1715 786 1724 802 ,
1742 762 1777 796 &
1805 759 1888 796 cum
1905 760 1992 797 Ves-

604 811 765 860 pasianus
785 810 820 844 in
841 808 1030 856 religiosos
1044 807 1283 858 publicosque
1298 808 1378 844 usus
1393 808 1488 845 foret
1503 808 1843 845 munificentissimus
1855 837 1864 853 ,
1882 811 1989 859 quam

603 861 814 911 magnificus
831 858 937 894 fuerit
962 858 1001 894 in
1013 857 1230 895 aedificando
1252 858 1443 907 Capitolio
1465 858 1572 894 facile
1591 857 1744 905 judicari
1777 858 1904 906 potest.
1937 860 1990 896 Ut

603 911 730 947 annuis
751 907 923 946 reditibus
943 908 1119 957 templum
1137 908 1442 958 locupletaretur,
1471 908 1563 956 jussit
1584 907 1728 945 Judaeos
1741 935 1750 952 ,
1771 907 1990 959 ubicumque

604 960 774 1009 degerent
789 987 797 1001 ,
827 959 914 996 Jovi
932 958 1150 1007 Capitolino
1163 959 1357 1008 quotannis
1371 959 1511 996 solvere
1527 958 1736 994 didrachma
1748 986 1758 1002 ,
1783 958 1883 1008 quod
1901 969 1990 995 tem-

631 1010 668 1046 lo
683 1008 1042 1058 Hierosolymitano‚
1067 1019 1258 1059 antequam
1285 1019 1503 1046 everteretur
1520 1036 1528 1052 ,
1559 1008 1717 1057 pendere
1753 1019 1852 1044 erant
1877 1008 1989 1045 soliti.

602 1059 746 1108 Joseph.
772 1058 861 1096 Bell.
883 1059 963 1096 Jud.
985 1058 1077 1100 VII,
1113 1061 1147 1095 6.
1177 1072 1275 1096 num.
1302 1060 1335 1095 6.
1354 1058 1468 1095 Fuisse
1484 1058 1521 1094 in
1538 1057 1691 1107 imperio
1716 1058 1885 1094 Romano
1908 1058 1991 1107 plus

602 1111 707 1159 quam
726 1108 836 1145 vicies
860 1120 1012 1146 centena
1025 1109 1139 1145 millia
1154 1136 1163 1153 ,
1193 1109 1254 1146 seu
1273 1121 1487 1153 2,000,000
1501 1136 1510 1152 ,
1525 1108 1733 1144 Judaeorum
1751 1135 1760 1151 ,
1785 1108 1847 1157 qui
1872 1109 1988 1144 tribu-

601 1170 676 1196 tum
703 1158 794 1195 illud
811 1159 1014 1203 solverent,
1047 1172 1155 1196 nemo
1182 1159 1266 1196 san‘e
1282 1159 1502 1195 diffitebitur.
1535 1158 1619 1194 Fuit
1642 1170 1728 1207 ergo
1758 1157 1817 1195 vel
1847 1171 1889 1194 ex
1918 1159 1989 1195 hac

599 1210 669 1245 una
685 1208 827 1245 tantum
842 1220 942 1258 parte
961 1222 1099 1245 annuus
1116 1209 1243 1259 templi
1263 1209 1468 1258 Capitolini
1492 1207 1626 1244 reditus
1647 1207 1817 1243 librarum
1835 1207 1987 1245 Gallicae

597 1269 753 1296 monetae
772 1258 852 1307 plus
868 1260 973 1309 quam
992 1272 1214 1306 2,900‚ooo.
1239 1259 1365 1296 Paucis
1380 1258 1481 1294 annis
1501 1257 1595 1294 stetit
1614 1257 1840 1306 Capitolium
1863 1270 1883 1293 a
1898 1258 1987 1296 Ves-

596 1309 741 1356 pasiano
767 1308 975 1345 restitutum.
1004 1309 1131 1345 Statim
1154 1308 1235 1358 post
1255 1311 1329 1358 ejus
1353 1319 1507 1346 mortem
1532 1307 1707 1346 incendio
1734 1306 1897 1344 haustum
1925 1307 1985 1346 est.

594 1358 776 1395 Plutarch.
788 1358 826 1395 in
842 1359 1026 1408 Poplicol.
1043 1373 1125 1409 pag.
1150 1371 1236 1409 105.

642 1408 749 1445 Titus
764 1408 802 1444 in
818 1408 995 1457 Capitolii
1013 1409 1275 1445 restitUtionem
1294 1407 1481 1446 confestim
1503 1408 1670 1445 incubuit
1686 1434 1696 1451 ,
1726 1416 1767 1442 ut
1780 1407 1925 1444 videtur
1941 1419 1985 1445 ex

592 1469 833 1495 monumento
853 1459 1000 1494 fratrum
1013 1458 1223 1501 Arvalium,
1248 1459 1343 1507 apud
1369 1458 1548 1494 eruditum
1561 1457 1770 1505 Philippum
1793 1469 1813 1492 a
1836 1457 1951 1494 Turre
1973 1484 1984 1501 ‚

592 1510 804 1544 Monumenta
816 1512 932 1545 veteris
944 1509 1039 1544 Antii
1055 1536 1064 1552 ,
1084 1521 1166 1557 pag.
1180 1518 1243 1556 95.
1264 1510 1313 1544 At
1326 1535 1335 1551 ‚
1365 1507 1448 1543 cum
1474 1508 1704 1556 praepropera
1729 1517 1846 1542 morte
1868 1507 1985 1543 fuisset:

591 1570 713 1607 raptus
725 1586 733 1601 ,
754 1571 846 1606 opus
862 1558 1036 1608 aggressus
1049 1557 1097 1594 est
1113 1557 1219 1594 frater
1237 1559 1311 1606 ejus
1330 1556 1565 1593 Domitianus
1583 1583 1593 1600 ,
1616 1565 1853 1604 quartumque
1872 1556 1984 1605 Capi-

592 1609 724 1645 tolium
746 1608 951 1645 aedificavit.
975 1607 1080 1644 Nihil
1099 1607 1231 1645 aedium
1256 1606 1499 1658 magnitudini
1523 1634 1532 1650 ,
1568 1605 1659 1642 nihil
1687 1604 1871 1647 altitudini
1896 1606 1985 1642 addi

592 1669 746 1707 poterat.
776 1658 945 1708 Princeps
959 1687 967 1703 ,
985 1672 1058 1709 quo
1080 1671 1189 1695 nemo
1204 1658 1272 1695 fuit
1293 1658 1330 1694 in
1348 1656 1564 1694 aedificando
1579 1654 1819 1704 sumptuosior
1839 1683 1849 1698 ‚
1874 1656 1984 1693 vertit

593 1722 694 1744 curas
708 1738 716 1752 ,
749 1719 789 1745 ut
813 1723 935 1759 regum
954 1737 962 1753 ‚
993 1708 1202 1758 reipublicae
1219 1734 1229 1750 ‚
1249 1708 1499 1756 Caesarumque
1526 1718 1638 1755 opera
1655 1705 1886 1742 multitudine
1903 1719 1982 1754 pre-

593 1758 719 1808 tioque
755 1771 1053 1796 ornamentorum
1085 1759 1276 1808 superaret.
1306 1757 1395 1794 Non
1423 1757 1535 1794 modo
1574 1755 1761 1793 columnas
1794 1756 1982 1793 marmoris

593 1809 767 1846 Pentelici
780 1810 935 1846 Athenis
952 1809 1097 1846 advexit
1125 1822 1133 1845 :
1157 1808 1219 1847 sed
1236 1809 1274 1845 in
1289 1808 1460 1845 inauratis
1476 1807 1646 1857 operibus
1663 1834 1672 1851 ‚
1695 1806 1797 1856 quod
1821 1806 1880 1843 vel
1902 1819 1981 1842 ma-

593 1858 703 1895 ximas
715 1859 847 1908 privati
868 1859 973 1896 unius
992 1859 1152 1896 hominis
1166 1872 1255 1909 opes
1270 1859 1430 1908 superat,
1455 1858 1536 1908 plus
1551 1858 1656 1908 quam
1676 1855 1871 1893 duodecim
1896 1856 1980 1892 mil-

592 1907 642 1945 lia
659 1910 899 1955 talentorum,
919 1911 1056 1946 Gallicae
1069 1923 1198 1946 monetae
1212 1911 1309 1946 libras
1329 1911 1570 1959 65,362‚500
1586 1934 1595 1950 ,
1618 1907 1808 1956 impendit.
1835 1906 1920 1943 Τέτκ
1945 1912 1977 1944 δὲ

592 1961 634 1995 ’νέ
653 1965 722 1996 καθ’
743 1964 824 2006 ἡμεῖς
844 1965 892 1997 ’τᾶν
916 1966 1043 2006 μέγιςον
1068 1967 1092 1997 ἐν
1108 1961 1204 2008 Ρ’ὥμῃ
1221 1965 1277 1997 τῶν
1303 1963 1459 1996 isam-mab
1478 1961 1594 1996 πλέτον
1614 1964 1844 2002 ὀκλοᾳιιθένται,
1873 1960 1906 1993 τὸ
1925 1963 1977 1996 τῖίς

592 2011 757 2058 χρυσώσεως
778 2015 821 2055 μὴ
841 2017 956 2058 τελέα-αφ
972 2012 1126 2056 οἶνοίλωμα
1137 2039 1147 2054 ,
1163 2018 1250 2049 πλέον
1269 2014 1284 2049 ἢ
1298 2014 1453 2055 δισχιλίων
1472 2009 1499 2047 ὠ
1510 2012 1620 2058 μυρίων
1641 2007 1800 2045 ταλάντων
1815 2010 1976 2051 γενόμενον.

591 2059 772 2096 Plutarch.
791 2062 861 2097 loc.
876 2061 936 2097 cit.

642 2109 744 2146 Novi
757 2111 923 2159 equidem
935 2110 1079 2147 Radero
1094 2110 1241 2160 aliisque
1250 2109 1436 2147 nonnullis
1445 2108 1592 2146 eruditis
1603 2107 1688 2145 viris
1704 2107 1799 2144 hanc
1810 2107 1977 2155 pecuniae

591 2158 763 2196 summam
784 2161 893 2196 visam
917 2161 983 2198 effe
1006 2161 1209 2198 immanem.
1236 2161 1284 2197 At
1308 2173 1396 2209 pace
1425 2159 1614 2197 dof'torum
1643 2158 1790 2194 illorum
1814 2156 1976 2193 virorum

591 2209 740 2246 dixerim
757 2223 818 2247 eos
832 2224 948 2261 neque
972 2211 1094 2248 luxum
1119 2212 1222 2261 hujus
1244 2211 1378 2255 aetatis,
1407 2222 1522 2260 neque
1547 2207 1816 2263 prodigentiam
1837 2206 1974 2243 Domi-

588 2260 678 2295 tiani
702 2288 712 2304 ,
744 2273 862 2310 neque
889 2262 1154 2298 multitudinem
1171 2290 1180 2306 ‚
1217 2260 1526 2311 magnitudinem,
1552 2258 1706 2308 pretium
1727 2268 1973 2293 mauratorum

588 2322 740 2358 operum
755 2310 1050 2360 Capitolinorum
1067 2312 1146 2348 satis
1162 2312 1360 2348 attendisse.
1384 2310 1417 2347 Is
1434 2320 1508 2348 erat
1531 2310 1634 2357 hujus
1649 2308 1763 2345 aetatis
1786 2307 1890 2343 luxus
1905 2334 1914 2349 ,
1932 2315 1972 2341 ut

587 2358 623 2393 in
647 2360 791 2408 privatis
828 2361 995 2399 domibus
1024 2375 1101 2398 non
1132 2364 1294 2411 laquearia
1317 2363 1480 2404 tantum,
1509 2359 1568 2396 sed
1586 2362 1619 2395 ὅς
1635 2371 1765 2394 camerae
1785 2359 1970 2410 &parietes

586 2408 650 2458 ipfi
683 2424 844 2461 tamquam
875 2413 953 2460 vasa
982 2411 1229 2450 inaurarentur
1253 2439 1265 2459 ,
1304 2411 1388 2450 teste
1416 2409 1558 2455 Plinio,
1586 2406 1771 2450 XXXIII,
1802 2419 1837 2456 3.
1867 2405 1971 2442 Talis
