2230 3047
454 274 568 288 z

475 360 545 387 822.

477 415 499 437 J.
511 416 540 437 C.

483 463 534 496 69

593 185 647 221 60
859 180 906 219 C.
965 180 1394 222 CORNELII
1453 178 1754 220 TACITI

590 262 644 300 Pr
642 260 816 299 ttotiani
832 289 844 309 ,
869 275 966 313 quos
982 291 995 311 ,
1024 276 1092 317 per
1112 261 1400 303 simulationem
1420 259 1576 308 officii,
1600 258 1742 312 legatis
1764 259 1878 298 Otho
1900 258 1964 298 ad-

537 313 566 336 C'
588 321 796 373 junxerat,
816 324 982 373 remissi,
1002 339 1213 379 antequam
1232 322 1456 378 legionlbus
1474 321 1763 362 miscerentur
1772 320 1964 361 ,Addidit

590 384 771 455 epistolas
796 385 942 426 Fabius
957 386 1127 437 Valens,
1148 389 1310 427 nomine
1324 386 1556 425 Germanici
1571 385 1793 433 exercitus,
1812 383 1859 423 ad
1877 397 1965 438 pra:-

590 449 709 487 torias
730 451 769 488 ὅ(
790 448 964 490 Urbanas
986 452 1196 499 cohortes,
1221 450 1269 489 de
1290 448 1436 488 viribus
1458 449 1626 503 partium
1643 446 1899 501 magnificas,
1923 449 1963 485 &

591 510 852 551 concordiam
871 513 1096 552 offerentes.
1119 510 1356 567 Increpabat
1378 510 1484 551 ultro
1498 540 1511 561 ,
1536 527 1557 546 (ε
1578 510 1685 563 quod
1706 512 1817 549 tanto
1840 508 1931 548 ante
1948 511 1962 528 ²
2022 519 2044 558 5

588 589 611 609 >2
623 573 807 613 traditum
825 573 993 615 Vitellio
1010 576 1217 630 imperium
1236 574 1284 614 ad
1301 575 1509 614 Othonem
1525 572 1727 612 vertiffent
1743 589 1764 608 »
1776 603 1785 612 .
1801 572 1860 612 Ita
1877 585 1964 626 pro-

590 635 706 676 mislis
727 635 866 686 simul,
889 653 934 677 ac
951 639 1065 677 minis
1085 637 1362 683 tentabantur;
1387 653 1408 672 (ε
1429 650 1472 676 ut
1491 634 1600 675 bello
1622 637 1789 690 impares
1803 664 1815 684 ,
1841 635 1881 672 in
1902 648 1966 688 pa-

589 712 669 738 »ce
689 699 790 738 nihil
805 699 974 739 amissuri
990 716 1028 738 »ε
1048 714 1176 752 neque
1196 699 1288 739 ideo
1310 700 1632 755 praetorianorum
1656 698 1751 738 fides
1772 710 1933 737 mutata.

653 761 846 803 LXXV.
879 763 905 801 S
918 774 973 801 ΕΙ)
994 762 1236 802 insidiatores
1253 761 1299 802 ab
1317 763 1483 802 Othone
1498 762 1540 800 in
1559 761 1816 801 Germaniam
1830 790 1842 809 ,
1862 775 1883 799 a
1898 759 1964 800 Vi-

588 822 705 864 tellio
720 826 759 863 in
777 824 924 864 Urbem
941 824 1056 864 missi:
1078 825 1250 878 utrisque
1267 825 1402 864 frustra
1414 824 1513 869 fuit3
1534 822 1761 865 Vitellianis
1775 822 1936 877 impune
1950 849 1962 870 ,
1997 832 2044 857 10

590 901 660 941 per
679 900 829 927 tantam
848 887 1058 926 hominum
1077 886 1374 927 multitudinem
1389 917 1401 937 ,
1424 884 1559 926 mutua
1578 884 1800 940 ignorantia
1821 883 1964 924 fallen-

588 948 713 989 tibus:
737 950 988 999 Othoniani,
1012 951 1190 990 novitate
1210 949 1342 990 vultus
1358 980 1370 999 ,
1393 948 1577 989 omnibus
1598 950 1773 988 invicem
1793 948 1964 1001 ignaris,

588 1011 871 1066 prodebantur.
893 1011 1081 1052 Vitellius
1102 1011 1232 1052 literas
1255 1012 1302 1052 ad
1321 1013 1527 1051 Titianum
1541 1041 1553 1060 ,
1578 1010 1736 1050 fratrem
1759 1010 1936 1050 Othonis
1950 1038 1964 1058 ,

589 1075 844 1128 composuit,
872 1092 893 1110 «
913 1076 1079 1114 exitium
1100 1075 1169 1130 ipfi
1192 1073 1354 1128 filioque
1370 1072 1452 1125 ejus
1468 1091 1488 1109 »
1514 1074 1699 1113 minitans
1716 1103 1728 1123 ,
1755 1090 1776 1108 ‹<
1793 1074 1833 1112 ni
1848 1074 1963 1112 inco-

586 1151 609 1173 »
620 1134 746 1176 lumes
766 1136 833 1176 fibi
848 1151 971 1178 mater
988 1153 1033 1178 ac
1052 1136 1167 1177 liberi
1184 1142 1193 1165 ³
1212 1137 1456 1177 servarentur
1471 1154 1491 1172 »
1504 1166 1512 1174 .
1526 1136 1578 1176 Et
1591 1137 1694 1176 stetit
1707 1136 1847 1176 domus
1864 1148 1963 1175 utra·
1997 1140 2009 1165 ¹
2024 1138 2043 1176 ἲ

588 1213 685 1251 que:
712 1199 781 1239 sub
796 1201 976 1243 ..Othone
990 1230 1003 1250 ,
1028 1201 1223 1241 incertum
1248 1215 1298 1240 an
1322 1212 1457 1246 metu3
1486 1197 1675 1241 Vitellius
1700 1200 1826 1239 vietor
1840 1227 1853 1249 ,
1880 1196 1966 1238 cle-

589 1263 746 1301 mentiae
769 1261 940 1316 gloriam
961 1261 1066 1304 tulit.

649 1324 869 1366 LXXVI.
902 1327 1093 1367 PRIMUS
1127 1328 1285 1368 Othoni
1312 1326 1498 1367 fiduciam
1533 1325 1684 1365 addidit
1718 1339 1767 1365 ex
1796 1322 1963 1377 Illyrico

587 1389 777 1438 nuntius,
803 1386 942 1440 jurasse
961 1390 1002 1429 in
1032 1404 1122 1429 eum
1150 1389 1386 1439 Dalmatiae,
1413 1404 1458 1430 ac
1485 1389 1723 1438 Pannoniae,
1746 1392 1786 1428 &
1813 1388 1963 1427 Moefiae

586 1448 782 1503 legiones.
802 1451 915 1491 Idem
932 1466 981 1491 ex
1002 1451 1195 1508 Hispania
1216 1451 1402 1493 allatum:
1430 1451 1687 1504 laudatusque
1705 1465 1772 1506 per
1793 1450 1964 1490 edi3um
1991 1463 2048 1488 20

590 1511 758 1553 Cluvius
781 1514 910 1567 Rufus
932 1519 970 1554 4:
994 1518 1034 1555 ὃ(
1053 1516 1178 1555 statim
1196 1517 1405 1569 cognitum
1425 1515 1502 1564 est,
1525 1513 1756 1555 conversam
1777 1513 1824 1553 ad
1840 1512 1965 1554 Vitel-

587 1573 687 1615 lium
714 1576 961 1632 Hispaniam.
983 1579 1049 1618 Ne
1085 1578 1300 1632 Aquitania
1329 1578 1516 1632 quidem,
1545 1591 1781 1630 quamquam
1805 1591 1826 1616 a
1855 1574 1964 1619 Julio

591 1637 727 1679 Cordo
749 1640 790 1678 in
806 1638 925 1680 verba
942 1641 1119 1681 Othonis
1136 1641 1314 1681 obstricta
1327 1671 1339 1690 ,
1365 1641 1433 1681 diu
1448 1639 1598 1680 mansit.
1619 1639 1826 1692 Nusquam
1842 1638 1936 1679 fides
1950 1668 1964 1689 ,

590 1714 659 1741 aut
682 1717 811 1742 amor:
841 1716 950 1743 metu
973 1719 1019 1744 ac
1050 1704 1273 1744 neceffitate
1298 1706 1377 1743 huc
1401 1702 1499 1743 illuc
1525 1701 1789 1742 mutabantur.
1813 1701 1964 1742 Eadem

589 1764 764 1813 formido
783 1767 1033 1820 provinciam
1055 1766 1360 1807 Narbonensem
1380 1766 1428 1806 ad
1450 1764 1662 1807 Vitellium
1684 1766 1803 1804 vertit
1818 1794 1830 1814 ,
1854 1763 1964 1805 facili
1991 1776 2043 1816 25⁷

589 1827 751 1867 transitu
774 1828 821 1868 ad
840 1830 1043 1884 proximos
1066 1833 1105 1870 ὅ(
1133 1827 1357 1870 validiores.
1378 1829 1625 1883 Longinquae
1651 1829 1865 1883 provinciae
1881 1856 1894 1876 ,
1924 1831 1965 1867 &

591 1891 782 1945 quidquid
808 1906 1005 1932 armorum
1034 1893 1131 1933 mari
1165 1893 1358 1933 dirimitur
1381 1896 1393 1923 5
1412 1921 1425 1942 ,
1450 1905 1573 1947 penes
1596 1892 1806 1932 Othonem
1827 1905 1965 1931 mane-

635 2029 862 2059 ¹an10mssus
885 2035 1128 2064 MISCERENTUR]
1149 2031 1198 2060 Ne
1216 2030 1259 2061 le·
1298 2032 1431 2062 LIBERI
1455 2031 1728 2063 1MP.GERM.1d
1747 2030 1787 2060 est
1810 2029 1886 2058 liberi
1905 2029 1962 2058 Im-

593 2067 717 2106 giones
725 2068 791 2098 illas
810 2079 825 2098 a
845 2068 967 2099 Vitellii
990 2070 1050 2100 fide
1064 2078 1257 2107 averterent,
1294 2081 1372 2107 perat
1375 2072 1429 2100 oris
1454 2071 1623 2101 Germanici.
1646 2070 1755 2108 Capita
1779 2069 1841 2098 duo
1869 2069 1962 2106 juve—-

593 2107 631 2136 ad
649 2105 809 2137 Othonem
831 2118 1061 2139 converterent.
1297 2110 1372 2141 nilia
1403 2111 1537 2142 adversa.
1559 2113 1595 2140 In
1619 2109 1802 2148 quibusdam
1828 2118 1962 2137 nummis

634 2146 778 2175 2ΤΑΝτο
803 2152 907 2181 ANTE]
938 2149 1100 2179 Traditum
1126 2147 1257 2178 Vitellio
1297 2150 1378 2180 inter
1402 2151 1464 2181 duo
1489 2150 1588 2188 capita
1608 2150 1647 2178 est
1664 2148 1755 2178 stella.
1784 2147 1830 2177 De
1854 2146 1898 2176 his
1910 2147 1963 2177 Vi-

592 2183 757 2222 imperium
784 2186 834 2214 die
853 2186 949 2223 prima
965 2188 1122 2224 Januarii,
1137 2187 1257 2217 Othoni
1296 2189 1375 2219 tellii
1392 2189 1495 2220 liberis
1510 2190 1581 2218 vide
1598 2187 1782 2217 Suetonium
1806 2185 1836 2215 in
1851 2186 1959 2216 Vitell.

594 2223 645 2253 ὼε
664 2224 906 2262 quintadecima.
1296 2229 1347 2259 VI.
1367 2229 1400 2259 ὃ(
1418 2231 1554 2259 Stemma
1567 2227 1769 2259 Vitelliorum
1785 2225 1872 2264 supra
1891 2234 1958 2263 cap.

634 2267 643 2288 ³
670 2265 712 2293 Ac
730 2275 831 2293 unani
850 2268 859 2297 ]
884 2265 948 2294 Hos
968 2265 1088 2295 Vitellii
1112 2266 1146 2296 ὃς
1161 2266 1258 2309 ,G-ale
1297 2278 1329 2303 9.
1877 2277 1879 2279 '

593 2300 644 2331 riae
667 2302 823 2332 Fundanae
842 2303 956 2333 liberos
976 2304 1082 2335 videre
1101 2304 1167 2335 est
1160 2315 1191 2334 ln
1207 2316 1259 2335 au-
1336 2310 1349 2329 4
1372 2308 1515 2339 Ctuvms
1538 2308 1637 2337 Rupus
1660 2306 1674 2342 ]
1711 2303 1774 2341 Qui
1808 2302 1880 2340 Hisp
1884 2312 1962 2332 ³1³1ae

595 2340 653 2369 rei5
673 2341 706 2371 ὅ(
738 2351 788 2379 arg
792 2342 888 2372 enteis
910 2343 1029 2373 Vitellii
1058 2344 1191 2373 nummis
1222 2347 1258 2374 A.
1297 2355 1450 2384 praeerat,
1479 2356 1512 2376 ut
1533 2345 1667 2376 vidimus
1695 2343 1782 2381 supra
1799 2341 1959 2375 Hister-1,

594 2366 812 2412 VITELLIVS
835 2382 1327 2416 GERM.1MP.AVG.TR.8.

593 2419 625 2448 Ι.
649 2419 760 2458 Capite
790 2420 939 2451 laureato.
971 2423 1006 2451 In
1027 2432 1131 2455 aversa
1154 2431 1257 2462 parte,
1337 2429 1345 2450 5
1370 2424 1457 2453 Maru
1480 2433 1651 2453 mamm-un
1671 2425 1682 2456 ]
1714 2423 1815 2460 Atque
1837 2418 1963 2457 ibiplu-
