2230 3047
675 192 757 227 160
926 184 974 226 C.
1040 184 1455 229 CORNELII
1509 186 1805 230 TACITI

667 268 828 310 transitu
841 267 1001 308 Vicetia
1022 272 1031 288 ¹
1049 284 1057 308 :
1083 269 1189 322 quod
1206 283 1274 325 per
1293 269 1332 308 se
1350 281 1488 323 parurn
1504 270 1515 316 (
1532 268 1681 308 etenim
1696 268 1863 309 modicae
1878 270 2046 313 munici-

528 314 560 337 A.
572 315 599 337 U.
611 315 640 338 C.
695 333 701 339 .

549 362 618 390 822.

550 416 572 438 J.
585 416 613 438 C.

555 464 605 496 69.

665 347 733 388 pio
748 333 848 371 vires
864 334 875 380 )
893 331 1028 386 magni
1042 333 1238 372 momenti
1254 330 1391 371 locum
1406 329 1581 370 obtinuit
1594 360 1606 381 ,
1625 331 1899 386 reputantibus
1922 349 1942 369 <z
1956 333 2043 376 illic

663 394 898 435 »Caecinam
925 394 1132 448 genitum,
1157 399 1196 434 &
1227 394 1392 449 patriam
1424 393 1594 433 hostium
1621 394 1715 434 duci
1733 408 1910 450 ereptam
1932 412 1974 435 ».
1993 396 2044 437 In.

663 456 958 499 Veronenfibus
975 459 1145 512 pretium
1159 457 1234 496 fuit
1255 461 1268 476 ²
1284 471 1296 502 ;
1321 455 1507 511 exemplo
1524 455 1744 512 opibusque
1757 487 1769 507 ,
1789 472 1917 513 partes
1930 457 2044 510 juve-

662 536 715 562 re.
730 520 780 561 Et
795 519 1020 573 interjectus
1036 521 1233 561 exercitus
1248 519 1417 559 Raetiam
1435 524 1445 547 ³
1466 519 1669 573 Juliasque
1684 519 1808 575 Alpes
1825 526 1866 571 4,
1894 536 1942 562 ne
1958 536 2042 577 per-

662 586 773 624 vium
788 583 858 624 illa
872 585 1124 624 Germanicis
1138 581 1377 623 exercitibus
1390 581 1494 622 foret
1506 613 1519 632 ‚
1540 582 1786 638 obsepserat:
1806 598 1889 637 quae
1902 585 2040 639 ignara

661 647 901 703 Vespasiano
915 677 927 697 ‚
952 660 1019 686 aut
1035 647 1157 685 vetita
1175 651 1186 677 5
1203 663 1209 684 :
1237 646 1383 700 quippe
1406 662 1427 681 «
1447 645 1640 699 Aquileiae
1657 646 1729 685 fisti
1745 645 1896 686 bellum
1910 677 1923 697 ,
1951 647 2040 687 exs-

660 726 682 748 »
694 711 915 766 pectarique
931 710 1169 749 Mucianum
1183 726 1203 744 >›
1218 705 1380 759 jubebat
1394 722 1404 754 3
1424 706 1713 763 adjiciebatque
1728 710 1896 764 imperio
1911 710 2040 751 consi-

660 772 781 823 lium,
803 791 824 810 «
838 772 996 827 quando
1011 773 1211 826 AEgyptus
1222 800 1234 821 ,
1250 769 1414 811 claustra
1427 786 1591 812 annonae
1601 772 1632 823 ⁶,
1650 771 1857 826 vectigalia
1871 772 2040 829 opulen-

658 837 919 877 »tissimarum
941 840 954 861 ⁷
976 835 1274 890 provinciarum
1290 833 1564 874 obtinerentur
1578 865 1590 885 ,
1618 835 1724 891 poffe
1747 834 1905 875 Vitellii
1925 850 2038 876 exer·

658 901 816 940 »citum
833 899 1002 952 egestate
1020 898 1201 953 stipendii
1215 897 1482 951 frumentique
1508 898 1556 938 ad
1583 898 1829 938 deditionem
1851 897 1980 952 subigi
1996 916 2040 940 ».

658 962 811 1004 Eadem
825 962 1041 1002 Mucianus
1053 959 1199 1001 crebris
1212 958 1386 1015 epistolis
1400 960 1608 1009 monebat,
1630 978 1650 997 c<
1665 963 1918 1000 incruentam
1936 965 1975 1001 ὃ(
1992 961 2039 1000 fi-

659 1041 742 1066 »ne
759 1024 867 1065 luistu
892 1024 1100 1064 viCtoriam
1117 1040 1162 1073 »,
1187 1027 1226 1063 &
1253 1021 1329 1063 alia
1357 1021 1635 1074 hujuscemodi
1660 1023 1940 1078 praetexend03
1970 1023 2040 1065 sed

660 1088 795 1143 gloriae
818 1087 980 1136 avidus,
1006 1100 1122 1140 atque
1139 1100 1258 1126 omne
1278 1083 1375 1125 belli
1401 1085 1521 1126 decus
1544 1085 1611 1125 fibi
1633 1087 1820 1126 retinens.
1849 1085 2037 1127 Ceterum

660 1166 711 1192 ex
730 1149 959 1191 distantibus
975 1162 1165 1190 terrarum
1185 1149 1337 1204 spatiis,
1360 1147 1523 1188 consilia
1538 1149 1622 1204 post
1638 1163 1697 1189 res
1713 1148 2003 1194 adferebantur.

722 1214 803 1255 IX.
837 1213 1021 1253 IGITUR
1042 1212 1252 1268 repentino
1267 1211 1428 1252 incursu
1443 1213 1644 1251 Antonius
1665 1213 1848 1253 stationes
1870 1213 2041 1253 hostium

658 1276 852 1333 inrumpit
865 1306 877 1326 ‚
901 1276 1140 1329 tentatisque
1155 1273 1236 1315 levi
1256 1273 1402 1330 proelio
1424 1275 1565 1315 animis
1578 1303 1590 1324 ‚
1617 1289 1667 1314 ex
1685 1290 1797 1328 aequo
1817 1274 2039 1318 discessum.

659 1339 766 1380 Mox
782 1340 941 1380 Caecina
955 1340 1059 1379 inter
1074 1337 1287 1379 Hostiliam
1304 1334 1318 1358 ⁸
1332 1367 1345 1387 ,
1371 1339 1506 1378 vicum
1522 1338 1811 1378 Veronenfium
1828 1367 1840 1387 ‚
1869 1342 1907 1378 ὅ(
1926 1337 2041 1394 palu-

660 1402 727 1443 des
747 1404 903 1444 Tartari
918 1403 1092 1442 fluminis
1104 1432 1117 1452 ,
1145 1402 1265 1441 castra
1281 1402 1515 1456 permuniit:
1547 1413 1655 1442 tutus
1670 1400 1765 1442 loco
1779 1431 1791 1451 ,
1820 1402 1911 1442 cum
1928 1414 2040 1456 terga

659 1465 851 1516 flumine,
876 1465 999 1506 latera
1028 1463 1186 1516 objectu
1212 1462 1365 1519 paludis
1395 1477 1648 1519 tegerentur:
1677 1464 1785 1518 quod
1805 1464 1830 1502 fi
1858 1464 2039 1504 adfuisset

660 1529 757 1572 fides
774 1560 786 1580 ‚
811 1542 877 1570 aut
893 1529 1066 1584 opprimi
1081 1527 1267 1567 universis
1296 1526 1606 1568 Vitellianorum
1633 1526 1781 1567 viribus
1800 1527 1882 1567 duae
1909 1525 2041 1581 legio-

661 1607 730 1632 nes
750 1597 765 1620 9
780 1623 793 1643 ‚
819 1592 996 1633 nondum
1015 1589 1229 1642 conjuneo
1245 1590 1417 1631 Moessco
1433 1591 1634 1640 exercitu,
1649 1603 1836 1646 potuere,
1853 1602 1919 1629 aut
1934 1603 2041 1630 retro

660 1657 751 1696 21&ae
766 1685 778 1705 ‚
794 1653 949 1699 deserta
964 1653 1079 1694 Italia
1092 1684 1104 1703 ‚
1128 1667 1287 1708 turpem
1301 1653 1438 1708 fugam
1456 1653 1749 1694 conscivissent.
1763 1652 1843 1693 Sed
1860 1652 2041 1702 Caecina,

660 1733 731 1774 per
746 1720 871 1759 varias
888 1733 1017 1758 moras
1032 1748 1043 1767 ‚
1067 1717 1193 1774 prima
1213 1716 1387 1756 hostibus
1403 1716 1579 1772 prodidit
1594 1728 1775 1772 tempora
1792 1714 1915 1766 belli,
1944 1716 2040 1757 dum

660 1796 760 1835 quos
777 1783 892 1822 armis
919 1780 1068 1837 pellere
1095 1793 1325 1837 promptum
1341 1792 1448 1829 erat,
1475 1777 1648 1835 epistolis
1676 1780 1883 1835 increpat,
1909 1778 2041 1820 donec

659 1859 731 1900 per
747 1846 908 1885 nuntios
925 1846 1036 1900 pacia
1051 1842 1220 1899 perfidiae
1247 1843 1433 1883 firmaret.
1454 1842 1619 1882 Interim
1651 1842 1835 1898 Aponius
1862 1843 2041 1882 Saturni-

660 1922 733 1952 nus
755 1923 846 1949 cum
860 1906 1022 1963 legione
1037 1904 1202 1962 septim&
1217 1904 1439 1947 Claudiana
1455 1905 1615 1945 advenit
1632 1910 1679 1944 ¹0:
1693 1904 1847 1960 legioni
1859 1903 2041 1946 tribunus

1368 2002 1461 2034 Notis
1493 2003 1527 2034 ὃς
1557 2001 1839 2033 Emendationibus
1861 2002 1900 2032 ad
1923 2001 2038 2033 Annal-

1368 2044 1395 2072 11
1409 2066 1418 2079 ‚
1447 2052 1498 2081 59·

1406 2087 1420 2107 7
1444 2083 1773 2112 ΟευιεκτιεειΜΑιιυΜ
1787 2081 1801 2117 ]
1814 2080 1952 2111 Orientis
1963 2103 1973 2117 ,
1985 2079 2041 2111 ubi

1368 2120 1601 2159 opulentissimae
1625 2119 1807 2159 provinciae.

1408 2159 1419 2179 ⁸
1444 2160 1652 2196 Hos-rimam]
1672 2160 1719 2189 De
1744 2158 1873 2189 Hostilia
1898 2158 1972 2188 vide
1996 2158 2040 2188 su-

1368 2200 1420 2237 pra
1436 2198 1510 2228 Hist.
1533 2199 1560 2228 ΙΙ
1573 2222 1582 2234 ,
1602 2209 1667 2228 ιοο.
1686 2198 1811 2230 Paludes
1827 2199 1904 2228 vero
1917 2197 2039 2229 Tartari

1366 2237 1525 2271 fluminis,
1548 2248 1630 2268 nunc
1660 2237 1683 2267 Ie
1699 2237 1837 2273 Tartaro,
1862 2236 1961 2266 adhuc
1992 2236 2040 2265 vi-

1368 2278 1478 2308 dentur
1495 2278 1528 2307 in
1545 2288 1583 2307 eo
1599 2286 1746 2307 terrarum
1759 2278 1873 2312 τῐᾶἃιι,
1887 2275 1942 2314 qui
1954 2285 2039 2306 nunc

1367 2316 1481 2347 dicitur
1498 2316 1526 2345 Ia
1547 2315 1667 2355 Post-'fine
1685 2315 1716 2344 de
1733 2315 1849 2354 flovigo.

1405 2359 1418 2374 9
1444 2356 1519 2385 Dum.
1543 2366 1691 2386 marones
1705 2357 1716 2392 ]
1730 2355 1868 2392 Septima
1884 2352 2037 2384 Galbiana

1367 2395 1401 2426 ὅ(
1415 2393 1505 2424 tertia
1518 2395 1638 2424 decima
1651 2393 1795 2424 Gemina.
1867 2430 1872 2435 ι

1407 2438 1434 2453 ¹⁰
1454 2435 1605 2468 ADvEtur
1625 2438 1636 2468 ]
1654 2434 1679 2464 E
1699 2432 1815 2464 Moefifi.
1834 2430 1963 2461 H1st.11.
1985 2433 2037 2470 85.

1806 2476 2034 2532 Vipstanius

701 2011 711 2026 ¹
735 2008 869 2037 Vrcssrm
886 2008 900 2044 ]
918 2005 1010 2035 Nunc
1032 2003 1164 2044 Vicenza.

699 2050 713 2064 ²
734 2046 880 2076 Parrum
902 2046 999 2082 wir]
1017 2045 1115 2081 Majus
1141 2052 1242 2082 operae
1258 2052 1329 2082 pre·

661 2083 739 2114 tium
760 2084 818 2114 fuit
830 2109 837 2120 ‚
853 2085 978 2123 plusque
996 2083 1149 2114 utilitatis.

702 2129 711 2150 ³
736 2125 902 2160 Rffirmm]
934 2123 1015 2154 Male
1048 2122 1161 2161 vulgo,
1187 2131 1235 2158 per
1262 2121 1330 2150 Rae-

661 2162 747 2191 ziam.
761 2187 767 2193 .
780 2184 787 2191 .
807 2173 839 2191 ac
854 2173 887 2191 ne
905 2162 1026 2198 pervium
1043 2185 1051 2198 ‚
1076 2163 1138 2192 &c.
1163 2161 1242 2191 Vide
1262 2162 1330 2192 No-

661 2210 706 2232 tas
728 2203 762 2233 8<
781 2201 1022 2232 Emendationes
1034 2201 1073 2232 ad
1090 2200 1163 2230 Hist.
1178 2201 1221 2229 ΙΙΙ
1233 2223 1241 2236 ,
1260 2203 1289 2230 8.

699 2245 714 2264 4
734 2243 904 2277 JULIASQUE
927 2242 1048 2277 ALPES]
1070 2240 1156 2269 Juliae
1171 2239 1262 2282 Alpes
1276 2250 1329 2270 eae-

661 2279 733 2309 dem
743 2281 854 2310 suntac
868 2279 1052 2310 Pannonicae
1063 2302 1070 2314 ‚
1086 2279 1123 2309 de
1140 2279 1251 2317 quibus
1265 2278 1328 2309 dic-

658 2327 725 2350 tum
741 2320 781 2350 est
799 2320 884 2358 supra
900 2319 973 2349 Hist.
988 2319 1034 2353 11,
1047 2320 1098 2354 98.

701 2363 709 2384 5
734 2361 802 2389 Aur
825 2359 969 2395 νετιτΑ]
988 2359 1048 2387 Aut
1064 2357 1103 2387 ab
1122 2356 1179 2387 illo
1198 2356 1308 2386 vetita.

696 2398 710 2416 ⁶
732 2399 901 2429 CLAUSTRA
924 2398 1080 2432 annonas]
1104 2397 1264 2432 Quantum
1276 2405 1327 2425 an-

657 2445 751 2469 nonae
779 2437 937 2471 conferret
960 2438 1108 2476 AEgyptus
1136 2434 1268 2466 diximus
1292 2434 1327 2465 in

2100 536 2122 576 5

2074 855 2125 883 10

2069 1480 2125 1509 20

2069 1794 2122 1834 25
