2230 3047
473 309 507 333 A.
518 310 546 332 U.
559 310 589 333 C.

497 358 568 385 822.

499 409 520 431 J,
533 409 562 432 C.

505 459 556 493 69.

627 195 707 222 112
871 179 918 220 C.
978 179 1402 221 CORNELII
1456 180 1766 223 TACITI

615 264 673 302 nis
696 258 918 300 auctoribus
940 261 1155 315 regressus,
1177 263 1339 302 'vacavit
1363 260 1593 300 abeuntium
1619 260 1805 314 alloquiis
1821 289 1835 312 ,
1861 263 1995 305 donec

616 337 754 366 omnes
775 321 958 363 inviolati
973 324 1284 378 digrederentur.
1300 322 1613 378 Vesperascente
1629 324 1693 364 die
1708 353 1719 372 ‚
1742 324 1842 364 sitim
1856 327 1993 366 haustu

615 386 754 442 gelidae
775 400 881 439 aquae
912 391 922 407 ¹
953 386 1124 428 sedavit:
1151 401 1236 427 tum
1266 385 1393 426 allatis
1421 385 1662 441 pugionibus
1688 386 1868 437 duobus,
1902 390 1996 428 cum

615 463 828 503 utrumque
848 450 1099 504 pertentasset
1112 479 1124 499 ,
1146 449 1314 490 alterum
1334 449 1456 504 capiti
1476 448 1670 489 subdidit:
1694 453 1735 489 &
1757 448 1966 505 explorato
1981 479 1994 501 ,

616 512 695 565 jam
711 512 907 568 profectos
923 514 1074 553 amicos
1083 542 1096 562 ,
1116 514 1273 552 ηοᾶειῃ
1290 513 1485 565 quietam,
1508 525 1629 565 utque
1645 512 1892 563 adfirmatur,
1912 528 1995 554 non

616 576 838 616 insomnem
865 579 878 595 ²
900 577 994 630 egit.
1017 576 1128 615 Luce
1146 573 1295 630 prima,
1317 575 1357 613 in
1377 574 1523 614 ferrum
1540 576 1698 630 petitore
1718 574 1924 615 incubuit:
1947 575 1996 616 ad

617 639 812 694 gemitum
832 640 1064 687 morientis,
1090 637 1245 691 ingressi
1267 635 1425 686 liberti,
1451 638 1630 691 servique
1645 667 1658 687 ‚
1685 641 1725 678 δί
1742 636 1894 678 Plotius
1917 640 1949 679 F
1952 640 1997 678 ir-

618 716 705 742 mus
719 731 731 752 ,
752 702 922 757 praetorii
942 700 1141 755 praefeelus
1154 729 1167 750 ,
1186 715 1310 739 unum
1334 698 1478 740 vulnus
1499 701 1701 740 invenere.
1723 702 1858 741 Funus
1875 714 1997 741 matu-

619 778 769 806 ratum:
796 762 1008 805 ambitiosis
1031 763 1071 803 id
1095 763 1277 817 precibus
1299 763 1491 818 petierat,
1517 780 1538 799 «
1565 778 1615 803 ne
1637 776 1905 819 amputaretur
1930 779 1998 804 ca-

617 842 723 884 »put
746 832 756 855 ³
774 856 788 876 ‚
809 824 982 866 ludibrio
998 825 1176 866 futurum
1192 843 1213 862 »
1225 856 1234 865 .
1253 824 1401 865 Tulere
1418 839 1562 881 corpus
1579 827 1763 881 praetoriae
1782 828 1968 867 cohortes
1984 856 1997 878 ‚

621 906 712 932 cum
733 888 914 929 laudibus
935 892 975 928 ὃ(
991 886 1164 928 lacrimis
1176 918 1189 938 ‚
1213 886 1357 928 vulnus
1374 888 1590 941 manusque
1607 886 1690 939 ejus
1706 889 1998 931 exosculantes.

620 953 798 1008 Quidam
814 950 985 991 militum
1000 980 1012 1000 ‚
1036 949 1147 1002 juxta
1164 966 1306 1005 rogum
1324 950 1560 992 interfecere
1581 950 1619 990 se
1635 965 1645 997 3
1666 966 1749 991 non
1772 950 1902 1001 noxa,
1931 967 2002 992 ne-

621 1031 697 1071 que
719 1015 768 1055 ob
790 1027 940 1054 metum
956 1042 967 1062 ,
988 1014 1055 1053 sed
1071 1012 1324 1054 aemulatione
1340 1013 1496 1053 decoris
1509 1043 1522 1063 ‚
1545 1017 1584 1053 ὅ(
1602 1015 1765 1054 caritate
1779 1014 1974 1070 Principis
1990 1032 1999 1055 ε

620 1095 667 1120 ac
688 1079 819 1134 postea
833 1107 845 1126 ‚
870 1076 1096 1132 promiscue
1115 1075 1298 1116 Bebriaci
1314 1105 1326 1125 ‚
1347 1074 1558 1116 Placentiae
1571 1105 1583 1125 ,
1604 1075 1767 1128 aliisque
1786 1077 1828 1116 in
1845 1078 1974 1118 castris
1988 1106 2002 1129 ,

623 1140 867 1182 celebratum
884 1139 924 1179 id
939 1153 1064 1193 genus
1081 1140 1233 1180 mortis.
1250 1139 1411 1180 Othoni
1426 1137 1654 1194 sepulcrum
1669 1140 1904 1180 exstru&um
1922 1141 1975 1181 est
1989 1169 2002 1193 ,

622 1204 830 1244 modicum
845 1232 857 1252 ,
881 1206 922 1242 ὃς
945 1202 1172 1242 mansurum
1195 1206 1225 1242 4.

686 1267 735 1306 L.
770 1266 849 1306 HU
862 1277 922 1304 Nc
942 1266 1031 1304 vitae
1046 1265 1166 1304 finem
1183 1262 1322 1305 habuit
1341 1264 1510 1320 septimo
1532 1268 1571 1305 &
1589 1264 1786 1306 tricesimo
1803 1268 1924 1308 aetatis
1941 1282 2004 1308 an-

624 1345 678 1372 no
703 1334 731 1371 5.
753 1329 884 1384 Origo
905 1325 966 1368 illi
995 1342 1017 1368 e
1038 1328 1260 1384 municipio
1281 1329 1498 1369 Ferentino
1521 1326 1551 1370 ⁶.
1572 1328 1687 1369 Pater
1717 1329 1934 1372 consularis
1959 1335 1973 1358 ⁷
1991 1344 2005 1378 3

668 1451 676 1465 ¹
702 1446 834 1476 Germe
857 1446 975 1481 AQUAE]
999 1445 1071 1475 Haec
1090 1444 1215 1475 videtur
1238 1444 1296 1475 effe
1335 1443 1490 1475 Suetonio
1512 1443 1545 1474 in
1570 1443 1644 1475 Oth.
1663 1445 1690 1473 11
1709 1467 1718 1481 ‚
1744 1454 1839 1484 quarto
1864 1443 2007 1473 Kalendas

628 1485 756 1515 deco&a
782 1485 937 1519 Neronis,
963 1485 1004 1514 ita
1028 1484 1106 1514 dieta
1119 1506 1127 1519 ‚
1154 1484 1239 1522 quod
1263 1493 1296 1514 ut
1336 1482 1410 1512 Maii
1424 1507 1432 1520 ‚
1453 1482 1568 1512 Camillo
1582 1484 1717 1512 Arruntio
1730 1507 1739 1520 ,
1754 1483 1879 1513 Domitio
1895 1483 2007 1512 Aheno-

627 1523 725 1562 magis
743 1523 937 1562 frigesceret,
958 1523 1038 1560 prius
1059 1523 1295 1560 decoqueretur.
1337 1521 1418 1550 barbo
1440 1522 1599 1561 confizlihus.
1621 1524 1716 1553 Porro
1746 1523 1886 1554 consules
1920 1522 2008 1553 suere

627 1563 707 1594 Vide
726 1563 888 1594 Anecdota
910 1563 947 1592 de
965 1563 1112 1598 Nerone,
1138 1562 1234 1592 Tom.
1258 1563 1296 1591 ΙΙ.
1337 1572 1419 1592 anno
1441 1563 1476 1591 U.
1494 1563 1530 1592 C.
1548 1573 1735 1594 ncctxxxv.
1757 1564 1784 1592 J.
1798 1564 1834 1592 C.
1851 1573 1898 1600 32.
1920 1563 2008 1593 Errat

628 1612 695 1641 pag.
726 1612 794 1641 5³1·
1338 1611 1410 1639 ergo
1427 1601 1593 1631 Suetonius
1610 1620 1619 1634 ‚
1644 1603 1714 1631 cum
1741 1601 1818 1632 ibid.
1844 1611 1910 1639 cap.
1941 1602 2007 1638 XI,

670 1645 680 1656 ⁷·
705 1642 778 1671 Non
800 1651 962 1671 rusomuem
985 1651 1055 1671 Eon-
1079 1641 1093 1677 ]
1116 1641 1245 1670 Sueton.
1265 1639 1298 1669 in
1338 1639 1459 1670 scribit:
1483 1639 1615 1669 Celeriter
1633 1640 1693 1677 (ira
1706 1649 1874 1677 praeceperar
1892 1639 2008 1677 )sune-

629 1680 704 1710 Oth.
728 1681 780 1710 XI.
796 1679 910 1708 Forihus
925 1679 1079 1716 adopertis,
1092 1678 1299 1718 arfiiffinzofhm·
1339 1687 1416 1707 ratus
1428 1679 1468 1708 est
1484 1679 1570 1710 Otho
1582 1702 1590 1715 ‚
1606 1678 1738 1718 trigegfimo
1750 1679 1841 1709 οὲῗανο
1854 1679 1946 1708 aeraris
1960 1689 2008 1707 an-

628 1730 663 1747 no
681 1719 782 1757 quievit
794 1742 802 1755 ,
828 1717 858 1747 Cr
880 1719 954 1748 circa
978 1718 1064 1748 lucem
1081 1717 1184 1746 demum
1206 1728 1300 1754 expet·
1337 1728 1390 1751 no,
1408 1716 1438 1746 Cr
1452 1718 1621 1757 nonagefimo
1637 1719 1729 1756 quinto
1749 1719 1854 1755 imperii
1867 1717 1920 1747 dle.
1933 1718 2008 1749 Fuit

626 1758 768 1798 gesac‘lus,
793 1758 884 1796 unos&
907 1758 1015 1795 trajecit
1032 1758 1083 1787 ι’ὄὲα
1103 1756 1176 1794 infra
1202 1756 1300 1786 Iaevam
1338 1757 1422 1787 enim
1451 1756 1596 1791 Othoni,
1625 1765 1657 1787 ut
1686 1757 1808 1796 liquet,
1835 1757 1885 1788 hic
1911 1767 2010 1787 annus

627 1797 760 1835 papillam
772 1809 781 1825 .-
799 1796 1053 1835 irrumpentibusque
1069 1794 1104 1824 ad
1126 1796 1242 1832 primum
1253 1807 1300 1835 ge·
1338 1796 1434 1826 aetatis
1450 1796 1514 1834 ejus
1531 1796 1674 1836 septimus
1694 1798 1728 1827 &-
1739 1796 1908 1827 tricesimus
1921 1819 1930 1831 ‚
1944 1796 2010 1827 dies

629 1838 738 1873 mitum,
755 1835 829 1865 modo·
846 1836 957 1872 celans,
981 1836 1055 1866 modo
1084 1834 1212 1874 detegens
1235 1836 1301 1872 pla-
1338 1835 1460 1874 imperii
1484 1835 1696 1874 nonagesimus
1719 1835 1888 1873 secundus;
1911 1835 2010 1874 siqui-

627 1886 711 1917 garn,
735 1875 911 1904 exanimatus
930 1874 975 1912 est.
1339 1875 1409 1904 dem
1427 1874 1543 1905 occisus
1560 1875 1599 1905 est
1613 1875 1713 1905 Galba
1732 1875 1782 1905 die
1800 1886 1835 1915 ¹5
1851 1874 1986 1905 Januarii
1999 1897 2009 1911 ,

669 1922 678 1941 3
703 1916 1010 1948 Naamr’uunerun
1033 1914 1166 1950 meu-r]
1191 1914 1300 1944 Nero-
1339 1912 1425 1943 Otho
1450 1913 1500 1943 die
1531 1917 1566 1944 16
1592 1913 1716 1952 Aprilis.
1746 1915 1825 1944 Vide
1853 1913 2010 1944 eruditum

631 1964 704 1985 nem
725 1954 757 1983 id
773 1964 900 1993 quoque
912 1952 1053 1993 petivisse
1064 1952 1197 1982 vidimus
1215 1953 1302 1991 supra
1340 1952 1452 1987 Noris,
1474 1953 1512 1982 de
1537 1953 1653 1991 Epoch.
1672 1954 1748 1991 Syro
1760 1953 1906 1984 -Maced.
1923 1954 1954 1988 1,
1980 1964 2011 1990 3.

633 1994 666 2023 in
686 1993 911 2031 Supplemento
934 1992 1048 2021 Annal.
1069 1993 1141 2021 XVI
1157 2015 1166 2028 ,
1187 1994 1236 2029 87.
1263 1993 1302 2021 Ut
1340 2001 1407 2030 pag.
1428 1995 1476 2030 56.
1489 1991 1619 2022 Videtur
1630 1992 1796 2022 Suetonius
1810 1993 1895 2022 diem
1909 1991 2010 2022 Otho-

632 2032 839 2067 iibfflinibus,
859 2031 899 2062 fic
921 2031 1013 2062 etiam
1040 2030 1178 2068 suprema
1201 2031 1303 2060 neces-
1340 2030 1387 2060 nis
1409 2031 1612 2061 emortualem
1633 2053 1642 2065 ,
1662 2041 1732 2061 cum
1760 2031 1810 2061 die
1837 2041 1900 2070 quo
1927 2041 2012 2062 mors

633 2071 718 2101 fitate
735 2081 818 2109 pares
830 2070 915 2101 fuere
925 2070 1011 2100 Otho
1023 2080 1057 2100 ac
1073 2071 1170 2100 Nero.
1186 2071 1226 2100 At
1236 2070 1302 2107 plus
1343 2070 1407 2107 ejus
1430 2070 1535 2100 Romae
1553 2069 1692 2100 nuntiata
1709 2070 1748 2100 est
1769 2070 1953 2100 confudiss'e.

635 2110 813 2141 constantiae
834 2110 865 2139 in
891 2109 1030 2140 Othone.
1382 2110 1396 2127 ⁶
1418 2110 1590 2139 Mur-neimo
1613 2109 1824 2147 FERENrmo]
1843 2111 1878 2138 In
1890 2108 2012 2139 Etrurii

671 2154 686 2173 ⁴
707 2150 751 2179 Er
774 2160 948 2178 Mammium
971 2150 983 2185 ]
1003 2147 1097 2178 Nulla
1118 2147 1202 2178 enim
1222 2147 1303 2177 invi·
1343 2147 1548 2186 municipium
1565 2147 1768 2178 Ferentinum
1783 2159 1886 2183 ,nunc
1897 2147 2013 2186 Frenti;

635 2188 691 2218 diae
715 2188 812 2218 causa.
840 2188 1001 2218 Modicum
1027 2187 1090 2224 ejus
1114 2197 1303 2217 monumen-
1344 2187 1382 2216 de
1402 2197 1464 2225 quo
1486 2188 1546 2225 jam
1565 2187 1679 2217 dicium
1700 2187 1787 2226 supra
1807 2187 1918 2217 Annal.
1934 2188 2015 2224 XV,

635 2236 701 2258 tum
714 2251 723 2264 ‚
744 2226 922 2265 inscriptum
937 2226 1096 2256 memoriae
1112 2225 1207 2254 Marci
1223 2226 1305 2254 Otho·
1346 2236 1393 2265 53,
1411 2228 1540 2256 Sueton.
1561 2226 1592 2255 in
1613 2225 1687 2256 Oth.
1705 2227 1717 2255 1
1732 2250 1740 2263 ,
1754 2226 1879 2256 Ma'ores
1894 2225 2013 2255 Othonis

636 2267 681 2295 nis
694 2289 702 2302 ‚
720 2267 815 2304 Μάρκε
832 2265 932 2296 σ’θωνος
946 2289 954 2300 ,
971 2265 1099 2294 Brixelli
1121 2264 1226 2294 invisit
1238 2266 1304 2295 Plu·
1343 2264 1466 2302 or‘tifirnt
1487 2265 1581 2301 oppido
1601 2263 1746 2294 Ferentino
1759 2289 1768 2302 ,
1786 2238 1897 2302 fclzmilici
1921 2274 2013 2294 vetere

636 2305 823 2340 tarchus;ut
842 2305 903 2343 ipse
919 2304 1041 2334 testatur
1055 2303 1088 2334 in
1103 2304 1167 2335 vit.
1181 2304 1303 2335 Othon.
1345 2303 1375 2333 [r
1397 2304 1528 2334 honorard
1542 2328 1552 2342 ,
1575 2312 1654 2343 atque
1677 2314 1711 2333 ex
1734 2304 1904 2341 principibus
1925 2302 2013 2334 Etru·-

636 2355 706 2384 Pag·
732 2354 820 2383 ¹075·

678 2389 686 2410 5
710 2385 847 2414 Sem-mo
871 2394 908 2414 ετ
930 2392 1099 2414 τιυεεειΜο
1118 2393 1232 2413 ιετΛτη
1251 2394 1303 2413 ΑΝ-

635 2433 675 2454 ιω
690 2423 704 2460 ]
727 2424 820 2454 Bene.
835 2423 932 2454 Natus
942 2422 1027 2453 enim
1038 2430 1101 2455 erat
1113 2422 1217 2461 Otho,
1231 2422 1303 2454 teste

1344 2353 1404 2374 7⁸1ae-

1382 2389 1394 2408 7
1419 2384 1521 2414 Pam<
1541 2392 1731 2413 consuimus
1747 2383 1759 2419 ]
1776 2383 1822 2412 De
1847 2393 1910 2422 quo
1935 2384 2015 2414 Sue-

1344 2422 1450 2453 tonius
1474 2422 1551 2454 ibid.
1572 2422 1658 2452 Pater
1676 2420 1780 2451 Lucius
1801 2421 1872 2452 Otho
1893 2432 2016 2452 materno

1918 2480 2015 2508 aVUS

2033 843 2083 870 10
