2230 3047
155 825 204 854 10

157 1130 203 1170 ¹5

153 1455 209 1481 20

408 158 896 202 HISTORIARUM
929 158 1127 202 LIBER
1161 161 1414 204 PRIMUS.
1587 175 1614 211 9

230 239 509 282 damnatorum
537 245 579 282 &
605 240 814 290 exsulum,
843 241 885 279 in
914 240 1024 296 spem
1047 241 1186 280 ereeti:
1216 240 1328 296 plebs
1356 241 1541 292 sordida,
1574 246 1615 283 ὃς

231 304 343 345 circo
363 320 411 345 ac
439 305 602 345 theatris
628 305 737 344 sueta
758 333 773 354 ,
801 301 914 342 fimul
939 303 1143 344 deterrimi
1170 303 1373 344 servorum
1395 335 1406 355 ‚
1439 319 1506 346 aut
1521 307 1613 359 qui,

230 366 351 408 adefis
375 366 489 408 bonis
503 396 516 418 ,
543 382 611 424 per
626 367 800 408 dedecus
816 367 994 408 Neronis
1015 364 1220 407 alebantur
1237 396 1249 417 ‚
1274 369 1391 407 maesti
1417 372 1456 408 ὅ(
1478 384 1613 411 rumo-

228 444 317 469 rum
343 430 462 471 avidi.

293 494 344 535 V.
379 493 534 533 M1L1-:s
555 491 736 534 Urbanus
753 491 918 548 ¹,longo
940 492 1139 533 Caesarum
1157 493 1404 534 sacramento
1420 494 1617 546 imbutus,

232 558 274 596 &
302 555 352 597 ad
377 555 667 597 destituendum
693 557 904 597 Neronem
933 570 1014 597 arte
1038 557 1164 610 magis
1194 560 1235 596 ὃς
1261 556 1434 612 impulsu
1453 588 1464 606 ‚
1499 558 1618 612 quam

231 618 303 660 suo
335 619 500 673 ingenio
530 618 758 669 traductus,
798 621 1003 675 postquam
1030 633 1159 673 neque
1188 619 1270 660 dari
1306 620 1540 661 donativum
1568 626 1583 643 ²
1604 651 1619 672 ,

231 681 300 722 sub
328 683 492 722 nomine
516 681 653 722 Galbae
675 683 905 738 promissum
921 713 934 732 ‚
959 697 1087 737 neque
1111 684 1266 737 magnis
1289 684 1439 723 meritis
1463 697 1508 724 ac
1530 700 1619 739 prae-

230 745 319 785 miis
343 744 529 785 eumdem
551 745 592 786 in
618 760 717 801 pace
736 775 749 796 ,
782 761 902 800 quem
926 747 967 786 in
993 744 1130 795 bello,
1161 744 1326 796 locum,
1357 759 1620 801 praeventam-

231 821 307 862 que
326 809 493 862 gratiam
507 837 520 858 ‚
542 807 736 864 intelligit
750 839 763 858 ‚
788 809 893 865 apud
909 809 1136 864 Principem
1160 824 1180 849 a
1202 808 1430 863 legionibus
1451 809 1620 861 faetum,

232 885 380 927 pronus
406 871 455 912 ad
477 886 602 912 novas
625 886 713 922 res,
742 871 891 913 scelere
912 872 1072 927 insuper
1086 872 1329 928 Nymphidii
1345 871 1502 922 Sabini,
1520 874 1621 913 Prae-

230 933 323 974 feffl
351 938 393 983 ³,
420 935 631 990 imperium
665 934 733 975 fibi
760 934 991 984 molientis,
1033 936 1218 990 agitatur.
1254 935 1306 976 Et
1345 936 1622 991 Nymphidius

234 996 394 1051 quidem
420 999 460 1038 in
486 998 571 1053 ipso
599 1011 747 1039 conatu
772 998 973 1055 oppressus
1001 1003 1030 1036 4.
1058 999 1163 1049 Sed,
1196 1001 1375 1052 quamvis
1398 1000 1530 1054 capite
1552 999 1623 1039 de·-

234 1059 417 1101 fectionis
435 1059 568 1102 ablato
585 1091 597 1112 ,
625 1061 811 1103 manebat
834 1060 1031 1118 plerisque
1047 1061 1221 1102 militum
1246 1063 1515 1103 conscientia:
1546 1078 1623 1103 nec

236 1123 399 1164 deerant
420 1124 620 1165 sermones
643 1142 663 1161 (ε
679 1125 829 1165 senium
857 1138 974 1178 atque
991 1126 1194 1166 avaritiam
1210 1125 1347 1165 Galbae
1364 1143 1384 1161 »
1408 1127 1623 1181 increpan-

234 1187 347 1227 tium.
375 1186 556 1228 Laudata
577 1186 703 1238 olim,
733 1192 773 1228 ὅ(
808 1187 970 1228 militari
996 1186 1101 1228 fama
1136 1193 1147 1220 5
1191 1188 1391 1230 celebrata
1436 1189 1621 1229 severitas

233 1247 346 1302 ejus,
381 1250 553 1306 angebat
592 1251 844 1306 aspernantes
881 1265 1059 1292 veterem
1088 1250 1340 1307 disciplinam
1367 1282 1380 1302 ,
1423 1265 1539 1306 atque
1568 1254 1623 1293 ita

237 1314 543 1367 quatuordecim
580 1314 693 1355 annis
727 1330 748 1356 a
784 1316 951 1356 Nerone
985 1314 1253 1365 adsuefafims,
1288 1330 1331 1356 ut
1359 1315 1464 1355 haud
1491 1316 1621 1357 minus

235 1377 331 1416 vitia
373 1377 605 1433 Principum
633 1391 836 1428 amarent,
879 1377 996 1432 quam
1034 1377 1133 1419 olim
1165 1379 1332 1419 virtutes
1370 1377 1622 1420 verebantur.

237 1439 411 1481 Accessit
442 1439 580 1481 Galbae
618 1454 700 1482 vox
730 1456 802 1499 pro
842 1438 1049 1498 republica
1081 1442 1243 1482 honesta
1266 1471 1280 1492 ‚
1324 1442 1393 1497 ipfi
1431 1456 1578 1496 anceps
1608 1472 1623 1492 ,

243 1519 266 1540 «
287 1501 369 1558 legi
394 1519 415 1544 a
434 1504 473 1544 se
499 1502 696 1555 militem,
728 1520 811 1546 non
837 1506 917 1545 emi
941 1522 983 1546 ».
1010 1506 1103 1546 Nec
1125 1506 1233 1545 enim
1260 1505 1307 1546 ad
1328 1507 1432 1547 hanc
1453 1504 1624 1546 formam

240 1579 372 1609 cetera
397 1582 520 1609 erant.

302 1630 381 1672 VI.
404 1631 458 1671 ΙΝ
470 1646 493 1672 ν
506 1645 617 1673 Auo
628 1644 654 1672 U
665 1645 695 1672 M
719 1632 855 1673 senem
869 1633 918 1673 T.
932 1633 1076 1675 Vinius
1092 1631 1108 1654 ⁶
1124 1663 1136 1683 ,
1159 1636 1200 1673 ὅ(
1215 1630 1430 1673 Cornelius
1445 1633 1558 1674 Laco
1574 1638 1588 1660 ⁷
1610 1662 1625 1686 ³

241 1745 389 1786 bertique
412 1747 631 1779 damnatorum
653 1749 687 1780 &
722 1748 860 1779 exsulum
885 1748 916 1778 in

242 1786 325 1831 spem
353 1787 503 1826 prosperae
533 1788 740 1827 benignaeque
769 1788 916 1818 domina-

242 1826 552 1858 tionisereckifflaulo
566 1828 656 1858 aliter
666 1828 800 1866 explicat
809 1828 915 1857 Illustr.

242 1864 375 1896 Huetius
386 1876 471 1903 ,pars
480 1866 569 1903 populi
587 1867 712 1905 integra,
731 1867 761 1896 id
775 1867 815 1897 est
829 1891 837 1903 ‚
851 1877 917 1906 pars

244 1904 353 1943 populi
368 1926 376 1940 ‚
396 1915 462 1944 quae
478 1906 614 1936 Neronis
634 1906 782 1937 saevitiam
794 1927 802 1941 ‚
815 1915 867 1936 aut
882 1906 909 1935 Ii·

958 1747 1123 1786 plemento
1157 1747 1270 1778 Annal.
1305 1748 1390 1778 XVI
1408 1770 1417 1783 ,
1448 1758 1496 1785 93.

998 1792 1007 1814 5
1031 1788 1190 1818 M1L1TAR1
1215 1787 1627 1821 ammRemillustratSue-

959 1826 1063 1857 tonius
1087 1827 1120 1856 in
1142 1826 1242 1856 Galba.
1262 1829 1288 1857 V
1298 1828 1322 1856 Ι.
1352 1826 1378 1854 Α
1400 1825 1468 1855 Caio
1492 1826 1602 1865 Caesare
1615 1851 1625 1863 ,

959 1866 1112 1905 Caligula,
1124 1865 1424 1905 (iaemlicofizbflitutus
1436 1866 1535 1896 Galba
1547 1889 1556 1901 ‚
1566 1867 1628 1904 pos·

958 1904 1039 1934 tridie
1053 1908 1131 1944 [μιάνῃ
1145 1904 1180 1933 ad
1194 1904 1314 1944 legiones
1330 1905 1406 1934 venit
1418 1905 1629 1944 ,fiolemnijorte

243 1944 439 1975 beralitatem
452 1967 460 1980 ‚
477 1954 602 1984 experta
614 1957 679 1976 non
690 1945 789 1976 fuerat
799 1969 806 1981 ‚
819 1947 852 1977 ὅ(
866 1956 919 1983 op·
949 1943 1271 1983 speelaculoplaudemes
1283 1944 1401 1974 inhibuit
1414 1968 1422 1981 ,
1437 1944 1502 1973 datii
1516 1945 1607 1984 affini
1618 1969 1628 1981 ,

245 1983 368 2053 ιξηὲετεε
380 1985 526 2015 affinitate
539 1985 746 2025 contingebat
755 2009 764 2022 ‚
779 1984 814 2016 iis
826 1985 919 2015 assen-

246 2031 289 2055 ne
313 2032 393 2054 atur,

288 2067 295 2082 ¹
321 2063 420 2094 Μιιεε
442 2064 589 2094 URBANUS
603 2068 614 2099 ]
628 2067 671 2095 Ac
693 2063 827 2094 maxime
839 2074 915 2102 prae-

245 2101 394 2133 torianus.
422 2102 502 2133 Vide
529 2104 787 2143 Supplementum
804 2102 916 2133 Annal.

246 2142 317 2172 XVI
337 2165 346 2176 ‚
366 2142 451 2179 84&
469 2152 522 2179 93.

285 2185 299 2199 ²
322 2181 551 2215 Donamvum]
582 2181 774 2212 Immensum
795 2181 919 2212 donati-

247 2229 323 2251 vum
336 2243 345 2256 ‚
363 2229 380 2250 a
399 2221 428 2249 N
454 2220 596 2259 mphidio
620 2221 674 2250 sub
698 2221 828 2251 nomine
843 2221 919 2251 Gal-

245 2261 294 2291 bae
308 2259 410 2298 promi
437 2269 504 2296 um,
518 2268 551 2290 ut
569 2260 684 2290 dietum
699 2261 739 2291 est
754 2260 920 2299 inSupple-

247 2306 357 2329 mento
380 2299 492 2328 Annal.
511 2301 599 2334 XVI,
616 2302 664 2334 85.

288 2344 297 2364 ³
322 2339 342 2367 P
353 2349 399 2368 aaa
410 2349 423 2367 t
435 2350 449 2368 xz
461 2350 475 2368 c
486 2348 522 2369 τι
536 2342 546 2373 ]
573 2338 705 2369 Praefecti
719 2339 922 2377 praetoriano-

248 2387 333 2411 rum,
349 2377 386 2407 dc
408 2387 474 2417 quo
493 2378 592 2408 multa
609 2379 672 2409 loc.
691 2378 744 2409 cit.

289 2422 304 2441 4
325 2418 499 2448 ΟΡΡκεεευε
516 2422 523 2450 l
553 2419 604 2449 Uti
625 2426 784 2450 narratum
800 2417 833 2448 in
850 2419 924 2456 Sup-

374 2460 480 2501 Tom.
500 2461 579 2504 III.

958 1994 987 2013 ut
1002 1994 1100 2013 manus
1112 1983 1231 2020 poenulis
1255 1985 1435 2014 continerent.
1457 1983 1561 2014 Statim
1581 1994 1630 2021 per

959 2023 1046 2064 castra
1055 2024 1188 2062 jaHamm
1199 2023 1234 2062 est
1245 2047 1254 2061 ‚

996 2081 1069 2113 Disce
1080 2082 1148 2106 miles
1161 2081 1277 2106 militare:
1289 2081 1367 2106 Galba
1379 2081 1422 2113 est,
1438 2090 1483 2106 non
1495 2081 1629 2106 Gaerulims.

957 2138 1126 2170 Gaetulicus
1140 2147 1242 2169 autem
1261 2137 1316 2168 ille
1336 2137 1376 2168 est
1391 2137 1541 2167 Lentulus
1559 2137 1632 2166 Ga:-

958 2178 1090 2215 tulicus,
1113 2177 1277 2217 superioris
1296 2177 1469 2207 Germaniae
1496 2176 1631 2215 legatus,

958 2218 1046 2258 effusae
1067 2218 1234 2252 clementiae,
1255 2216 1374 2246 modicus
1390 2216 1560 2255 jactitare,
1586 2218 1630 2245 uti

960 2259 1074 2288 dictum
1094 2258 1180 2296 supra
1198 2256 1311 2286 Annal.
1334 2257 1395 2291 Vl,
1423 2266 1469 2292 30.

999 2299 1012 2317 ⁶
1035 2298 1075 2326 T.
1093 2300 1202 2328 mes
1224 2300 1235 2331 j
1256 2296 1302 2326 De
1325 2306 1387 2334 quo
1406 2295 1520 2324 dictum
1546 2294 1630 2332 supra}

960 2337 992 2367 in
1014 2337 1239 2375 Supplcmento
1258 2335 1371 2365 Annal.
1398 2335 1486 2368 XVI,
1509 2337 1569 2369 69,
1591 2344 1628 2370 93

961 2378 993 2409 &
1009 2380 1060 2413 96.
1075 2386 1158 2406 nunc
1176 2374 1298 2405 consul.
1603 2410 1609 2414 Ι

1000 2421 1012 2442 7
1036 2416 1216 2448 Comminus
1237 2415 1350 2450 LAco]
1384 2413 1450 2442 Post
1471 2410 1633 2452 Nymplw·

1395 2456 1428 2496 B

1640 257 1755 272 a

1639 297 1668 321 Α.
1681 299 1711 321 U.
1723 298 1752 322 C.

1656 347 1726 376 822.

1663 403 1685 426 J.
1697 403 1728 427 C.

1666 447 1719 483 69.
