2209 3047
588 187 673 225 342
1023 164 1534 209 APPENDIX

448 272 563 294 Ξ
582 249 738 308 templo
759 247 980 305 superstites
1005 248 1140 289 vivere
1155 277 1169 299 ,
1184 248 1369 304 turpique
1393 259 1522 287 morte
1544 244 1721 286 damnati
1742 245 1844 287 sunt.
1859 248 1963 289 Vita:

449 306 561 330 A.1:.C.

472 354 544 388 823.

473 404 497 426 J.
516 403 545 426 C.

480 459 532 486 70·

584 316 725 365 usura,
753 314 896 354 ceteris
921 311 1107 353 omnibus
1129 311 1263 353 oblata
1279 340 1292 360 ‚
1325 313 1365 351 ὅ(
1394 326 1416 351 a
1444 308 1612 351 ducibus
1635 309 1794 353 Joanne
1828 324 1875 350 ac
1899 312 1962 351 Si-

582 393 703 419 mone
743 377 872 432 spreta
899 381 909 398 ¹
928 406 941 426 ‚
980 377 1136 417 vi&oris
1180 376 1255 414 iras
1287 375 1526 430 provocavit
1553 403 1568 424 ‚
1598 388 1644 413 ac
1676 373 1851 419 tandem*
1876 372 1964 414 urbi

583 441 789 483 excidium
811 438 966 481 adtulit.
987 438 1188 480 Succensa
1210 438 1381 493 primum
1404 441 1419 457 ²
1440 450 1556 493 capta
1579 434 1658 488 jam
1685 449 1964 477 monumenta:

581 506 725 546 domus
749 518 934 557 quoque,
962 503 1066 543 fame
1094 503 1324 542 enestorum
1348 499 1605 542 cadaveribus
1631 499 1836 554 squalidae,
1858 500 1964 554 igni-

579 568 652 609 bus
678 567 840 608 traditae.
864 567 1031 607 Meritas
1057 563 1281 622 pervicaci&
1305 579 1443 620 poenas
1468 564 1647 619 effugere
1669 563 1787 603 Izatis
1819 564 1922 617 regis
1948 566 1960 590 ³

579 632 653 671 filii
677 636 695 660 4
720 629 962 684 fratresque,
988 645 1033 670 ac
1058 628 1171 668 turba
1197 627 1393 668 nobilium
1411 657 1423 677 ‚
1452 628 1518 682 qui
1554 624 1667 666 simul
1703 626 1789 666 Titi
1813 625 1967 665 miseri-

583 694 763 736 cordiam
789 707 1011 734 oraverant.
1043 693 1151 732 Tum
1184 691 1312 731 strucii
1340 705 1504 745 aggeres
1535 694 1546 722 5
1575 690 1758 731 adversus
1787 689 1968 745 superio-

581 772 667 798 rem
694 757 860 805 urbem,
890 757 1054 795 nomine
1078 756 1178 795 Sion
1205 753 1251 805 ⁶,
1279 753 1382 795 locis
1407 752 1666 804 editioribus,
1698 756 1739 793 ὅ(
1763 750 1969 793 munitissi-

585 822 660 861 mis
684 819 881 868 turribus,
908 818 1122 858 defensam.
1149 817 1230 858 Sed
1253 817 1357 871 quasi
1393 815 1513 858 fatale
1551 817 1646 858 effet
1683 814 1969 869 Hierosolyma

584 884 776 924 intestinis
801 882 931 936 potius
956 880 1164 921 discordiis
1178 910 1191 931 ,
1214 879 1331 934 quam
1353 881 1524 921 hostium
1547 879 1696 920 viribus
1711 908 1723 929 ,
1744 879 1871 934 perire
1886 907 1898 927 ‚
1920 891 1971 917 ne

584 945 729 987 ultimo
757 944 918 997 quidem
947 944 1175 983 discrimine
1203 944 1301 983 inita
1324 944 1543 984 concordia
1558 973 1571 993 ,
1601 943 1784 982 Iduniaeis
1807 946 1821 968 ⁷
1845 944 1885 981 &
1905 940 1972 984 Ju-

587 1009 676 1049 daeis
703 1009 806 1047 inter
832 1007 871 1046 se
901 1004 1184 1046 diffidentibus.
1212 1006 1357 1056 Titus,
1383 1005 1495 1046 insita
1521 1003 1762 1053 clementia,
1797 1008 1837 1044 ὅς
1876 1000 1972 1043 nota

588 1072 738 1112 ducum
768 1082 878 1119 arte,
908 1068 1146 1109 discordiam
1172 1082 1292 1123 auget
1306 1098 1320 1120 ,
1348 1068 1531 1109 Idumaeis
1561 1069 1603 1108 in
1625 1067 1840 1108 deditionis
1862 1066 1973 1122 spem

587 1147 774 1188 receptis.
1908 1174 1915 1179 .

653 1195 780 1236 XLI.
816 1194 934 1234 CUM
956 1194 1009 1235 ita
1034 1193 1236 1236 ferverent
1262 1194 1492 1240 Judaeorum
1516 1194 1630 1244 odia,
1658 1193 1975 1247 redintegratum

591 1258 787 1300 obsidium
803 1253 832 1298 ⁸.
852 1258 1046 1298 Amentes
1070 1257 1315 1299 obsessorum
1337 1259 1484 1308 duces,
1500 1258 1693 1308 unicum,
1721 1256 1789 1297 sed
1811 1257 1976 1313 inexpu-

630 1373 639 1387 ¹
664 1365 814 1403 SPRETA]
833 1363 959 1404 Joseph.
980 1364 1058 1396 ibid.
1072 1375 1158 1397 num.
1173 1377 1202 1396 2.
1227 1367 1262 1398 ὃς
1301 1374 1336 1396 ut
1359 1365 1501 1397 obsidum
1525 1364 1621 1396 fidem
1646 1364 1829 1404 praestarent.
1849 1364 1976 1404 Joseph.

593 1417 642 1490 3:²
664 1446 970 1488 SuccnusamthJM
987 1445 1000 1481 ]
1024 1443 1085 1474 Die
1104 1454 1133 1473 11
1152 1444 1263 1483 Augus-
1301 1406 1701 1479 ΒΕῖΠὲῖῘ-ἓῒεχΙᾸοόσ-εᾞῖᾗ
1712 1416 1787 1474 41⁰)ie
1823 1442 1976 1474 vicesimo

591 1483 867 1522 21‚Joseph01b1d.
883 1493 967 1513 num.
985 1487 1052 1522 3.τῇ
1063 1484 1185 1522 ῦςερθιίᾳ,
1201 1484 1264 1514 suc-
1303 1483 1412 1514 mensis
1434 1484 1519 1519 Loi,
1544 1482 1604 1513 Aoe's
1625 1483 1705 1519 μίωὲς
1736 1483 1839 1518 tinisa,
1866 1483 1916 1513 seu
1942 1491 1975 1517 ις

591 1524 764 1555 cenderunt
781 1522 915 1552 Romani
927 1521 1099 1552 Archivnm
1110 1546 1119 1559 ,
1131 1525 1241 1553 Acram
1254 1545 1263 1559 ,

593 1562 720 1594 Curiam
733 1585 742 1599 ,
769 1561 922 1600 Ophlam3
941 1562 975 1592 δε
992 1561 1072 1599 ignis
1095 1562 1264 1601 progressus

592 1603 634 1633 est
655 1601 749 1640 usque
760 1601 799 1631 ad
822 1601 948 1631 Helenae
965 1600 1081 1639 regiain
1094 1624 1102 1636 ‚
1120 1611 1187 1640 quae
1201 1609 1265 1631 erat

592 1642 625 1672 in
639 1640 741 1671 media
754 1640 843 1670 Aera.
861 1641 907 1670 De
923 1640 1005 1669 colle
1024 1640 1102 1670 Acta
1113 1664 1121 1676 ‚
1135 1640 1189 1670 ubi
1203 1648 1267 1671 erat

592 1681 664 1712 urbs
683 1679 816 1710 inferior
826 1703 834 1715 ,
847 1679 963 1709 dietum
979 1679 1020 1709 est
1034 1679 1120 1718 supra
1131 1680 1204 1709 Hist.
1218 1680 1246 1708 V
1256 1703 1265 1716 ‚

597 1730 642 1749 11.
658 1726 725 1749 not.
745 1728 768 1755 3.
783 1718 947 1756 Postridie,
966 1722 998 1758 τῇ
1014 1722 1047 1755 dl'
1066 1720 1119 1752 ἐξῖς
1130 1743 1138 1755 ,
1153 1719 1203 1750 seu
1215 1719 1267 1750 die

598 1769 633 1789 12
647 1757 770 1796 Augusti
785 1779 792 1792 ‚
811 1757 929 1798 reliqua
941 1758 1026 1788 urbis
1041 1758 1200 1789 inferioris
1223 1759 1268 1789 in·

595 1798 681 1829 censa
695 1798 763 1827 sunt
777 1796 872 1836 usque
888 1797 926 1827 ad
937 1797 1066 1833 Siloam,
1078 1808 1161 1828 nunc
1172 1797 1268 1835 [afhu-

597 1838 672 1866 mine
684 1835 810 1869 desim,
820 1836 859 1866 ad
868 1836 1033 1866 Orientem
1042 1837 1267 1876 urbis-Joseph.

597 1877 673 1907 Bell.
686 1875 755 1906 Jud.
775 1876 816 1905 VI
830 1899 838 1911 ‚
856 1886 887 1913 7.
901 1885 985 1905 num.
1001 1886 1030 1906 2.

638 1921 646 1941 3
670 1916 776 1946 lzarrs
799 1916 919 1952 neers]
942 1915 988 1944 De
1007 1917 1088 1945 Izate
1102 1938 1110 1952 ,
1134 1915 1269 1946 Adiabe-

598 1964 712 1984 norum
734 1963 803 1993 rege
819 1977 828 1989 ‚
852 1956 953 1984 aetum
982 1954 1022 1984 est
1044 1954 1130 1993 supra
1157 1956 1268 1985 Annal.

598 1995 677 2029 XII,
701 2003 745 2030 13.
773 2000 841 2023 not.
866 2005 897 2031 4.
915 1993 949 2024 &
972 2003 1000 2031 5.
1020 1995 1116 2024 Izates
1143 1994 1269 2034 ejusque

598 2040 696 2062 mater
735 2032 854 2062 Helena
891 2032 1051 2068 Judaicam
1081 2033 1269 2073 religionem

600 2079 688 2115 erant
707 2071 851 2110 amplexi.
863 2072 940 2102 Inde
951 2071 1010 2102 filii
1029 2072 1198 2112 fratresque
1210 2074 1270 2104 Iza-

600 2118 640 2140 τις
652 2110 687 2140 in
699 2111 807 2140 urbem
822 2110 1040 2149 Hierosolyma
1050 2112 1269 2144 concesserant.

599 2149 681 2180 Vide
693 2149 860 2189 Josephum
882 2150 988 2190 Antiq·
1003 2151 1074 2183 Jud.
1097 2153 1173 2190 XX,
1195 2163 1222 2183 2.
1236 2153 1271 2184 ὃς

601 2189 788 2272 setiqi'mrl
816 2229 909 2258 Izates
938 2230 1075 2262 moriens
1086 2255 1095 2268 ‚
1116 2231 1187 2263 teste
1217 2231 1272 2264 Jo-

602 2266 696 2307 sepho
716 2269 824 2306 Antiq.
840 2268 911 2306 Jud.
926 2269 1002 2306 XX,
1029 2283 1058 2306 4.
1074 2282 1160 2301 nurn.
1186 2281 1214 2308 3.
1228 2282 1272 2302 re-

602 2306 736 2347 liquerat
758 2306 840 2336 filios
868 2315 1001 2346 quatuor
1027 2310 1061 2341 ὅ(
1082 2310 1219 2350 viginti,
1240 2311 1272 2340 fi-

1303 1522 1428 1562 Augusti
1440 1546 1448 1558 ‚
1467 1532 1591 1561 aggeres
1613 1521 1686 1552 illos
1695 1521 1766 1551 strui
1780 1522 1859 1560 jussit
1875 1521 1979 1551 Titus.

1305 1563 1353 1593 lta
1371 1563 1446 1593 vero
1472 1561 1571 1591 divisa
1589 1560 1658 1591 sunt
1677 1571 1769 1599 opera
1781 1584 1790 1597 ,
1814 1569 1850 1591 ut
1865 1560 1899 1590 in
1913 1570 1980 1599 par-

1305 1609 1336 1632 te
1358 1601 1554 1632 Occidentali
1574 1599 1658 1630 urbis
1681 1610 1720 1630 ex
1745 1599 1875 1630 adverso
1902 1600 1981 1631 aulae

1306 1641 1395 1680 regiae
1407 1649 1541 1679 quatuor
1554 1638 1694 1678 legiones
1703 1663 1711 1675 ,
1722 1639 1886 1669 auxiliares
1902 1640 1981 1670 vero

1307 1681 1342 1711 &
1355 1688 1455 1711 cetera
1464 1679 1633 1709 multitudo
1646 1681 1750 1710 versus
1758 1679 1982 1718 Xystum,pon-

1307 1728 1371 1750 tem
1382 1743 1390 1755 ‚
1403 1718 1578 1758 turrimque
1589 1717 1724 1749 Simonis
1735 1741 1743 1754 ‚
1760 1726 1961 1757 operarentur
1971 1728 1981 1748 t

1306 1758 1450 1790 rariffimai
1469 1758 1586 1798 semper
1613 1757 1758 1793 materiei,
1777 1768 1843 1796 quae
1865 1758 1908 1787 ob
1930 1763 1981 1788 tot

1306 1808 1430 1843 aggeres
1451 1800 1523 1829 ante
1549 1798 1672 1828 struetos
1695 1806 1710 1826 a
1737 1796 1906 1827 centesimo
1929 1796 1981 1826 sta-

1308 1839 1362 1868 dio
1376 1847 1440 1868 erat
1457 1837 1649 1876 asportanda.
1673 1835 1890 1875 Joseph.Be11.
1908 1834 1980 1867 Jud.

1307 1878 1372 1912 Vl,
1393 1880 1420 1907 8.
1438 1887 1525 1907 num.
1548 1887 1573 1906 1.

1347 1918 1361 1936 ⁶
1383 1918 1516 1947 Nomas
1538 1918 1613 1946 Srox
1637 1916 1650 1952 ]
1676 1917 1702 1944 A
1727 1914 1812 1945 colle
1834 1913 1911 1944 Sion
1937 1912 1982 1945 ita

1309 1955 1441 1991 dietam,
1473 1956 1507 1986 &
1533 1965 1549 1985 a
1581 1954 1702 1985 Davide
1734 1953 1878 1984 inferiori
1910 1953 1982 1982 urbi

1309 1995 1388 2026 olim
1407 1994 1555 2025 additam.
1573 1995 1666 2024 Nunc
1679 2003 1745 2031 pars
1767 1994 1831 2023 e'us
1847 1992 1982 2023 maxima

1309 2035 1350 2065 est
1365 2042 1450 2065 extra
1464 2042 1622 2064 recentem
1634 2033 1746 2063 urbem
1784 2031 1912 2072 erusalem
1925 2055 1934 2069 ‚
1948 2032 1982 2064 &

1309 2074 1342 2104 in
1357 2073 1471 2112 campis
1493 2073 1633 2113 squallet.

1349 2119 1362 2139 ⁷
1384 2111 1687 2151 Inumaerslldumaei
1699 2110 1863 2146 ,aZelotis
1872 2109 1986 2146 acciti‚'

1310 2154 1344 2184 ὅ(
1360 2153 1394 2183 in
1404 2153 1514 2183 urbem
1527 2152 1746 2190 Hierosolyma
1762 2149 1897 2189 recepti,
1915 2159 1984 2188 pars

1310 2202 1421 2237 magna
1442 2191 1527 2222 fuere
1541 2192 1618 2222 belli
1640 2189 1772 2233 Judaiei.
1791 2190 1831 2219 At
1850 2191 1919 2219 cnm
1933 2188 1984 2218 den

1312 2232 1467 2263 ditionem
1488 2240 1645 2270 pararent,
1659 2231 1693 2261 ὃ(
1706 2230 1796 2259 Titus
1813 2234 1982 2263 annueret,

1312 2272 1343 2302 id
1359 2270 1484 2302 rescivit
1502 2271 1630 2302 Simon:
1649 2269 1733 2300 unde
1744 2276 1855 2298 exorta
1868 2267 1909 2297 est
1921 2275 1983 2296 ma-

1312 2311 1394 2342 xima
1410 2311 1490 2341 inter
1503 2311 1655 2340 Idumaeos
1675 2311 1710 2339 ὅ(
1724 2307 1845 2342 Judaeos
1869 2305 1982 2335 discor-

604 2345 720 2390 liasque
738 2345 891 2391 totidem3
904 2346 995 2377 Titus
1017 2350 1106 2379 Izatis
1137 2349 1220 2379 filios
1239 2350 1272 2380 ὅς
1313 2350 1373 2381 dia.
1395 2349 1516 2388 Joseph.
1529 2349 1606 2380 Bell.
1626 2348 1698 2386 Jud.
1717 2347 1777 2383 lv,
1797 2356 1827 2383 4.
1843 2345 1877 2376 ὃ(
1897 2344 1984 2384 seqq.

626 2395 820 2428 roqumquos
847 2387 981 2424 primiim
1003 2387 1035 2417 in
1059 2388 1196 2419 custodia
1223 2388 1274 2418 ha-
1312 2391 1371 2423 Vl,
1400 2391 1428 2419 8.
1445 2399 1528 2418 num.
1541 2399 1569 2418 2.

628 2432 672 2455 uit
681 2446 690 2463 ‚
711 2425 814 2464 postea
831 2424 954 2457 vinetos
966 2427 1099 2460 Romam
1111 2427 1272 2467 perduxit,

1351 2427 1363 2447 ⁸
1386 2428 1665 2460 lxi-muraenarum
1688 2424 1870 2462 OBSIDIUM]
1888 2424 1986 2463 Agge-

2002 830 2054 858 10
