<?xml version="1.0" encoding="UTF-8"?>
<!DOCTYPE html PUBLIC "-//W3C//DTD XHTML 1.0 Transitional//EN"
    "http://www.w3.org/TR/xhtml1/DTD/xhtml1-transitional.dtd">
<html xmlns="http://www.w3.org/1999/xhtml" xml:lang="en" lang="en">
 <head>
  <title>
</title>
<meta http-equiv="Content-Type" content="text/html;charset=utf-8" />
  <meta name='ocr-system' content='tesseract 3.04.00' />
  <meta name='ocr-capabilities' content='ocr_page ocr_carea ocr_par ocr_line ocrx_word'/>
</head>
<body>
  <div class='ocr_page' id='page_1' title='image "./operabro03taciuoft_0164.png"; bbox 0 0 2230 3047; ppageno 0'>
   <div class='ocr_carea' id='block_1_1' title="bbox 616 211 2018 2246">
    <p class='ocr_par' dir='ltr' id='par_1_1' title="bbox 634 211 714 249">
     <span class='ocr_line' id='line_1_1' title="bbox 634 211 714 249; baseline -0.013 -10"><span class='ocrx_word' id='word_1_1' title='bbox 634 211 714 249; x_wconf 86' lang='lat'><em>150</em></span> 
     </span>
    </p>

    <p class='ocr_par' dir='ltr' id='par_1_2' title="bbox 616 270 2018 2246">
     <span class='ocr_line' id='line_1_2' title="bbox 626 270 1997 339; baseline -0.001 -15"><span class='ocrx_word' id='word_1_2' title='bbox 626 276 758 331; x_wconf 81' lang='lat' dir='ltr'><em>cina,</em></span> <span class='ocrx_word' id='word_1_3' title='bbox 782 270 978 321; x_wconf 68' lang='lat' dir='ltr'><em>vinculis</em></span> <span class='ocrx_word' id='word_1_4' title='bbox 1011 271 1238 339; x_wconf 72' lang='lat' dir='ltr'><em>exftlutus</em></span> <span class='ocrx_word' id='word_1_5' title='bbox 1254 284 1269 332; x_wconf 58' lang='lat'><em>,⁴</em></span> <span class='ocrx_word' id='word_1_6' title='bbox 1302 272 1366 320; x_wconf 85' lang='lat' dir='ltr'><em>atl</em></span> <span class='ocrx_word' id='word_1_7' title='bbox 1394 270 1713 338; x_wconf 72' lang='lat' dir='ltr'><em>Vespasianum</em></span> <span class='ocrx_word' id='word_1_8' title='bbox 1741 270 1997 324; x_wconf 81' lang='lat' dir='ltr'><em>dimittitur.</em></span> 
     </span>
     <span class='ocr_line' id='line_1_3' title="bbox 628 356 1999 428; baseline -0.002 -19"><span class='ocrx_word' id='word_1_9' title='bbox 628 363 831 410; x_wconf 91' lang='lat' dir='ltr'>XXXV.</span> <span class='ocrx_word' id='word_1_10' title='bbox 854 359 904 409; x_wconf 85' lang='lat' dir='ltr'><em>V</em></span> <span class='ocrx_word' id='word_1_11' title='bbox 902 358 994 408; x_wconf 58' lang='lat' dir='ltr'><em>ic‘t&#39;ae</em></span> <span class='ocrx_word' id='word_1_12' title='bbox 1012 360 1206 428; x_wconf 78' lang='lat' dir='ltr'><em>legiones</em></span> <span class='ocrx_word' id='word_1_13' title='bbox 1223 356 1431 426; x_wconf 73' lang='lat' dir='ltr'><em>diſjoersie.</em></span> <span class='ocrx_word' id='word_1_14' title='bbox 1451 360 1676 406; x_wconf 91' lang='lat' dir='ltr'>XXXVI.</span> <span class='ocrx_word' id='word_1_15' title='bbox 1693 357 1864 408; x_wconf 80' lang='lat' dir='ltr'><em>Interea</em></span> <span class='ocrx_word' id='word_1_16' title='bbox 1883 359 1999 407; x_wconf 84' lang='lat' dir='ltr'><em>luxu</em></span> 
     </span>
     <span class='ocr_line' id='line_1_4' title="bbox 629 443 2000 514; baseline -0.002 -19"><span class='ocrx_word' id='word_1_17' title='bbox 629 465 770 514; x_wconf 77' lang='lat' dir='ltr'><em>torpet</em></span> <span class='ocrx_word' id='word_1_18' title='bbox 787 445 1017 497; x_wconf 77' lang='lat' dir='ltr'><em>Vitellius.</em></span> <span class='ocrx_word' id='word_1_19' title='bbox 1038 448 1282 495; x_wconf 91' lang='lat' dir='ltr'>XXXVII.</span> <span class='ocrx_word' id='word_1_20' title='bbox 1302 443 1351 491; x_wconf 89' lang='lat' dir='ltr'><em>Is</em></span> <span class='ocrx_word' id='word_1_21' title='bbox 1379 461 1521 491; x_wconf 86' lang='lat' dir='ltr'><em>tamen</em></span> <span class='ocrx_word' id='word_1_22' title='bbox 1539 444 1749 510; x_wconf 73' lang='lat' dir='ltr'><em>finatum</em></span> <span class='ocrx_word' id='word_1_23' title='bbox 1775 445 1915 494; x_wconf 78' lang='lat' dir='ltr'><em>habet.</em></span> <span class='ocrx_word' id='word_1_24' title='bbox 1942 444 2000 492; x_wconf 89' lang='lat' dir='ltr'><em>In</em></span> 
     </span>
     <span class='ocr_line' id='line_1_5' title="bbox 633 530 2002 599; baseline -0.001 -18"><span class='ocrx_word' id='word_1_25' title='bbox 633 534 851 582; x_wconf 82' lang='lat' dir='ltr'><em>Caecinam</em></span> <span class='ocrx_word' id='word_1_26' title='bbox 856 533 1097 599; x_wconf 73' lang='lat' dir='ltr'><em>sententia.</em></span> <span class='ocrx_word' id='word_1_27' title='bbox 1122 531 1294 579; x_wconf 67' lang='lat' dir='ltr'><em>Eadem</em></span> <span class='ocrx_word' id='word_1_28' title='bbox 1312 531 1383 579; x_wconf 90' lang='lat' dir='ltr'><em>die</em></span> <span class='ocrx_word' id='word_1_29' title='bbox 1400 530 1672 597; x_wconf 79' lang='lat' dir='ltr'><em>confitlatum</em></span> <span class='ocrx_word' id='word_1_30' title='bbox 1687 531 1775 579; x_wconf 90' lang='lat' dir='ltr'><em>init</em></span> <span class='ocrx_word' id='word_1_31' title='bbox 1798 530 1838 579; x_wconf 51' lang='grc' dir='ltr'><em>ἐξ</em></span> <span class='ocrx_word' id='word_1_32' title='bbox 1859 532 2002 598; x_wconf 85' lang='lat' dir='ltr'><em>ejurat</em></span> 
     </span>
     <span class='ocr_line' id='line_1_6' title="bbox 630 616 2000 687; baseline -0.001 -18"><span class='ocrx_word' id='word_1_33' title='bbox 630 620 795 686; x_wconf 84' lang='lat' dir='ltr'><em>Rosius</em></span> <span class='ocrx_word' id='word_1_34' title='bbox 839 620 1056 686; x_wconf 79' lang='lat' dir='ltr'><em>Regulus.</em></span> <span class='ocrx_word' id='word_1_35' title='bbox 1093 620 1358 666; x_wconf 88' lang='lat' dir='ltr'>XXXVIII.</span> <span class='ocrx_word' id='word_1_36' title='bbox 1395 618 1530 666; x_wconf 88' lang='lat' dir='ltr'><em>Mors</em></span> <span class='ocrx_word' id='word_1_37' title='bbox 1563 616 1701 668; x_wconf 88' lang='lat' dir='ltr'><em>Junii</em></span> <span class='ocrx_word' id='word_1_38' title='bbox 1735 617 1877 687; x_wconf 80' lang='lat' dir='ltr'><em>Blaest</em></span> <span class='ocrx_word' id='word_1_39' title='bbox 1893 655 1906 674; x_wconf 91' lang='lat'><strong><em>,</em></strong></span> <span class='ocrx_word' id='word_1_40' title='bbox 1944 618 2000 667; x_wconf 87' lang='lat' dir='ltr'>L.</span> 
     </span>
     <span class='ocr_line' id='line_1_7' title="bbox 633 704 2006 772; baseline -0.002 -16"><span class='ocrx_word' id='word_1_41' title='bbox 633 706 819 758; x_wconf 88' lang='lat' dir='ltr'><em>Vitellii</em></span> <span class='ocrx_word' id='word_1_42' title='bbox 858 705 1024 753; x_wconf 79' lang='lat' dir='ltr'><em>artibus</em></span> <span class='ocrx_word' id='word_1_43' title='bbox 1048 721 1316 770; x_wconf 65' lang='lat' dir='ltr'><em>praeparata.</em></span> <span class='ocrx_word' id='word_1_44' title='bbox 1347 704 1491 772; x_wconf 78' lang='lat' dir='ltr'><em>Blaesi</em></span> <span class='ocrx_word' id='word_1_45' title='bbox 1528 705 1640 752; x_wconf 88' lang='lat' dir='ltr'><em>laus.</em></span> <span class='ocrx_word' id='word_1_46' title='bbox 1675 708 1787 753; x_wconf 88' lang='lat' dir='ltr'>XL.</span> <span class='ocrx_word' id='word_1_47' title='bbox 1834 704 2006 755; x_wconf 87' lang='lat' dir='ltr'><em>Valens</em></span> 
     </span>
     <span class='ocr_line' id='line_1_8' title="bbox 626 790 2005 858; baseline -0.002 -17"><span class='ocrx_word' id='word_1_48' title='bbox 626 793 812 842; x_wconf 79' lang='lat' dir='ltr'><em>libidine</em></span> <span class='ocrx_word' id='word_1_49' title='bbox 826 830 838 850; x_wconf 83' lang='lat'>‚</span> <span class='ocrx_word' id='word_1_50' title='bbox 859 790 1127 840; x_wconf 75' lang='lat' dir='ltr'><em>cunc‘i&#39;atione</em></span> <span class='ocrx_word' id='word_1_51' title='bbox 1142 827 1156 849; x_wconf 85' lang='lat'><strong><em>,</em></strong></span> <span class='ocrx_word' id='word_1_52' title='bbox 1178 791 1522 839; x_wconf 87' lang='lat' dir='ltr'><em>Vitellianorum</em></span> <span class='ocrx_word' id='word_1_53' title='bbox 1541 810 1605 839; x_wconf 91' lang='lat' dir='ltr'><em>res</em></span> <span class='ocrx_word' id='word_1_54' title='bbox 1607 790 1808 858; x_wconf 66' lang='lat' dir='ltr'><em>stzbruit:</em></span> <span class='ocrx_word' id='word_1_55' title='bbox 1830 792 1877 839; x_wconf 89' lang='lat' dir='ltr'><em>in</em></span> <span class='ocrx_word' id='word_1_56' title='bbox 1897 790 2005 839; x_wconf 83' lang='lat' dir='ltr'><em>Gal-</em></span> 
     </span>
     <span class='ocr_line' id='line_1_9' title="bbox 628 876 2006 947; baseline -0.002 -18"><span class='ocrx_word' id='word_1_57' title='bbox 628 881 714 929; x_wconf 84' lang='lat' dir='ltr'><em>lias</em></span> <span class='ocrx_word' id='word_1_58' title='bbox 732 879 878 947; x_wconf 75' lang='lat' dir='ltr'><em>egredi</em></span> <span class='ocrx_word' id='word_1_59' title='bbox 890 877 1066 947; x_wconf 74' lang='lat' dir='ltr'><em>frustra</em></span> <span class='ocrx_word' id='word_1_60' title='bbox 1088 896 1239 926; x_wconf 90' lang='lat' dir='ltr'><em>tentat.</em></span> <span class='ocrx_word' id='word_1_61' title='bbox 1258 880 1401 926; x_wconf 92' lang='lat' dir='ltr'>XLII.</span> <span class='ocrx_word' id='word_1_62' title='bbox 1427 876 1649 926; x_wconf 82' lang='lat' dir='ltr'><em>Flaviani</em></span> <span class='ocrx_word' id='word_1_63' title='bbox 1670 878 1855 926; x_wconf 89' lang='lat' dir='ltr'><em>Italiam</em></span> <span class='ocrx_word' id='word_1_64' title='bbox 1874 897 2006 926; x_wconf 88' lang='lat' dir='ltr'><em>occu-</em></span> 
     </span>
     <span class='ocr_line' id='line_1_10' title="bbox 621 962 2006 1037; baseline -0.004 -21"><span class='ocrx_word' id='word_1_65' title='bbox 621 986 749 1037; x_wconf 83' lang='lat' dir='ltr'><em>pant.</em></span> <span class='ocrx_word' id='word_1_66' title='bbox 771 968 932 1014; x_wconf 91' lang='lat' dir='ltr'>XLIII.</span> <span class='ocrx_word' id='word_1_67' title='bbox 959 964 1144 1012; x_wconf 80' lang='lat' dir='ltr'><em>Interim</em></span> <span class='ocrx_word' id='word_1_68' title='bbox 1174 964 1341 1012; x_wconf 88' lang='lat' dir='ltr'><em>Valens</em></span> <span class='ocrx_word' id='word_1_69' title='bbox 1356 999 1371 1023; x_wconf 86' lang='lat'><strong><em>,</em></strong></span> <span class='ocrx_word' id='word_1_70' title='bbox 1389 964 1575 1011; x_wconf 75' lang='lat' dir='ltr'><em>adversci</em></span> <span class='ocrx_word' id='word_1_71' title='bbox 1603 962 1847 1030; x_wconf 78' lang='lat' dir='ltr'><em>tempestate</em></span> <span class='ocrx_word' id='word_1_72' title='bbox 1883 962 2006 1012; x_wconf 74' lang='lat' dir='ltr'><em>Stae-</em></span> 
     </span>
     <span class='ocr_line' id='line_1_11' title="bbox 629 1049 2003 1117; baseline -0.001 -15"><span class='ocrx_word' id='word_1_73' title='bbox 629 1054 815 1108; x_wconf 83' lang='lat' dir='ltr'><em>cltadas,</em></span> <span class='ocrx_word' id='word_1_74' title='bbox 836 1049 1184 1117; x_wconf 84' lang='lat' dir='ltr'><em>Maffiliensium</em></span> <span class='ocrx_word' id='word_1_75' title='bbox 1203 1050 1397 1111; x_wconf 79' lang='lat' dir='ltr'><em>infitlas,</em></span> <span class='ocrx_word' id='word_1_76' title='bbox 1417 1051 1611 1106; x_wconf 88' lang='lat' dir='ltr'><em>delatus,</em></span> <span class='ocrx_word' id='word_1_77' title='bbox 1629 1049 1818 1116; x_wconf 79' lang='lat' dir='ltr'><em>capitur.</em></span> <span class='ocrx_word' id='word_1_78' title='bbox 1831 1053 2003 1100; x_wconf 85' lang='lat' dir='ltr'>XLIV.</span> 
     </span>
     <span class='ocr_line' id='line_1_12' title="bbox 628 1135 2006 1206; baseline -0.002 -19"><span class='ocrx_word' id='word_1_79' title='bbox 628 1138 871 1206; x_wconf 73' lang='lat' dir='ltr'><em>Hispaniae</em></span> <span class='ocrx_word' id='word_1_80' title='bbox 891 1178 904 1197; x_wconf 79' lang='lat'><em>‚</em></span> <span class='ocrx_word' id='word_1_81' title='bbox 930 1137 1095 1185; x_wconf 75' lang='lat' dir='ltr'><em>Gallice</em></span> <span class='ocrx_word' id='word_1_82' title='bbox 1111 1172 1125 1194; x_wconf 92' lang='lat'><strong><em>,</em></strong></span> <span class='ocrx_word' id='word_1_83' title='bbox 1155 1136 1402 1184; x_wconf 75' lang='lat' dir='ltr'><em>Britannia</em></span> <span class='ocrx_word' id='word_1_84' title='bbox 1417 1173 1431 1194; x_wconf 84' lang='lat'>‚</span> <span class='ocrx_word' id='word_1_85' title='bbox 1465 1136 1612 1184; x_wconf 87' lang='lat' dir='ltr'><em>omnia</em></span> <span class='ocrx_word' id='word_1_86' title='bbox 1632 1135 1792 1204; x_wconf 89' lang='lat' dir='ltr'><em>statim</em></span> <span class='ocrx_word' id='word_1_87' title='bbox 1810 1138 1873 1184; x_wconf 87' lang='lat' dir='ltr'><em>ad</em></span> <span class='ocrx_word' id='word_1_88' title='bbox 1890 1136 2006 1185; x_wconf 79' lang='lat' dir='ltr'><em>Fla-</em></span> 
     </span>
     <span class='ocr_line' id='line_1_13' title="bbox 628 1222 2008 1292; baseline -0.002 -19"><span class='ocrx_word' id='word_1_89' title='bbox 628 1225 859 1274; x_wconf 71' lang='lat' dir='ltr'><em>vianorum</em></span> <span class='ocrx_word' id='word_1_90' title='bbox 888 1243 988 1292; x_wconf 71' lang='lat' dir='ltr'><em>opes</em></span> <span class='ocrx_word' id='word_1_91' title='bbox 1015 1223 1232 1290; x_wconf 75' lang='lat' dir='ltr'><em>converstz.</em></span> <span class='ocrx_word' id='word_1_92' title='bbox 1255 1226 1406 1272; x_wconf 91' lang='lat' dir='ltr'>XLV.</span> <span class='ocrx_word' id='word_1_93' title='bbox 1436 1222 1478 1270; x_wconf 90' lang='lat' dir='ltr'><em>T</em></span> <span class='ocrx_word' id='word_1_94' title='bbox 1474 1222 1602 1271; x_wconf 79' lang='lat' dir='ltr'><em>urbat</em></span> <span class='ocrx_word' id='word_1_95' title='bbox 1638 1241 1781 1271; x_wconf 87' lang='lat' dir='ltr'><em>tamen</em></span> <span class='ocrx_word' id='word_1_96' title='bbox 1815 1223 1863 1270; x_wconf 86' lang='lat' dir='ltr'><em>in</em></span> <span class='ocrx_word' id='word_1_97' title='bbox 1894 1222 2008 1271; x_wconf 80' lang='lat' dir='ltr'><em>Bri-</em></span> 
     </span>
     <span class='ocr_line' id='line_1_14' title="bbox 629 1308 2007 1378; baseline -0.004 -16"><span class='ocrx_word' id='word_1_98' title='bbox 629 1312 788 1362; x_wconf 68' lang='lat' dir='ltr'><em>tannia</em></span> <span class='ocrx_word' id='word_1_99' title='bbox 819 1311 1037 1378; x_wconf 82' lang='lat' dir='ltr'><em>Venustus</em></span> <span class='ocrx_word' id='word_1_100' title='bbox 1065 1333 1084 1371; x_wconf 89' lang='lat'><em>,·</em></span> <span class='ocrx_word' id='word_1_101' title='bbox 1131 1309 1344 1377; x_wconf 73' lang='lat' dir='ltr'><em>varidque</em></span> <span class='ocrx_word' id='word_1_102' title='bbox 1364 1308 1489 1375; x_wconf 71' lang='lat' dir='ltr'><em>ssvrte</em></span> <span class='ocrx_word' id='word_1_103' title='bbox 1519 1327 1788 1378; x_wconf 77' lang='lat' dir='ltr'><em>pugnatum.</em></span> <span class='ocrx_word' id='word_1_104' title='bbox 1832 1312 2007 1359; x_wconf 91' lang='lat' dir='ltr'>XLVI.</span> 
     </span>
     <span class='ocr_line' id='line_1_15' title="bbox 633 1395 2005 1465; baseline -0.001 -19"><span class='ocrx_word' id='word_1_105' title='bbox 633 1398 827 1447; x_wconf 83' lang='lat' dir='ltr'><em>Turbata</em></span> <span class='ocrx_word' id='word_1_106' title='bbox 861 1416 1031 1465; x_wconf 82' lang='lat' dir='ltr'><em>quoque</em></span> <span class='ocrx_word' id='word_1_107' title='bbox 1068 1395 1326 1445; x_wconf 83' lang='lat' dir='ltr'><em>Germania.</em></span> <span class='ocrx_word' id='word_1_108' title='bbox 1362 1395 1500 1444; x_wconf 72' lang='lat' dir='ltr'><em>NIota</em></span> <span class='ocrx_word' id='word_1_109' title='bbox 1539 1395 1580 1444; x_wconf 57' lang='grc' dir='ltr'><em>ἂ</em></span> <span class='ocrx_word' id='word_1_110' title='bbox 1612 1396 1851 1445; x_wconf 85' lang='lat' dir='ltr'><em>Dacorum</em></span> <span class='ocrx_word' id='word_1_111' title='bbox 1882 1415 2005 1463; x_wconf 73' lang='lat' dir='ltr'><em>gens.</em></span> 
     </span>
     <span class='ocr_line' id='line_1_16' title="bbox 631 1483 2007 1558; baseline -0.001 -25"><span class='ocrx_word' id='word_1_112' title='bbox 631 1485 771 1558; x_wconf 88' lang='lat' dir='ltr'><em>Adest</em></span> <span class='ocrx_word' id='word_1_113' title='bbox 798 1485 1038 1552; x_wconf 64' lang='lat' dir='ltr'><em>opportune*</em></span> <span class='ocrx_word' id='word_1_114' title='bbox 1073 1483 1325 1532; x_wconf 84' lang='lat' dir='ltr'><em>Mucianus</em></span> <span class='ocrx_word' id='word_1_115' title='bbox 1343 1521 1356 1541; x_wconf 93' lang='lat'><em>‚</em></span> <span class='ocrx_word' id='word_1_116' title='bbox 1396 1483 1437 1532; x_wconf 53' lang='grc' dir='ltr'><em>ὃ(</em></span> <span class='ocrx_word' id='word_1_117' title='bbox 1457 1483 1761 1551; x_wconf 76' lang='lat' dir='ltr'><em>tranquillitas</em></span> <span class='ocrx_word' id='word_1_118' title='bbox 1794 1483 2007 1544; x_wconf 72' lang='lat' dir='ltr'><em>restituta.</em></span> 
     </span>
     <span class='ocr_line' id='line_1_17' title="bbox 629 1569 2010 1638; baseline -0.003 -16"><span class='ocrx_word' id='word_1_119' title='bbox 629 1575 820 1622; x_wconf 92' lang='lat' dir='ltr'>XLVII.</span> <span class='ocrx_word' id='word_1_120' title='bbox 841 1570 1023 1619; x_wconf 82' lang='lat' dir='ltr'><em>Aniceti</em></span> <span class='ocrx_word' id='word_1_121' title='bbox 1040 1569 1237 1636; x_wconf 72' lang='lat' dir='ltr'><em>servilia</em></span> <span class='ocrx_word' id='word_1_122' title='bbox 1257 1588 1342 1637; x_wconf 79' lang='lat' dir='ltr'><em>per</em></span> <span class='ocrx_word' id='word_1_123' title='bbox 1365 1569 1560 1618; x_wconf 87' lang='lat' dir='ltr'><em>Pontum</em></span> <span class='ocrx_word' id='word_1_124' title='bbox 1586 1589 1735 1629; x_wconf 86' lang='lat' dir='ltr'><em>arma,</em></span> <span class='ocrx_word' id='word_1_125' title='bbox 1771 1569 1897 1618; x_wconf 76' lang='lat' dir='ltr'><em>brevi</em></span> <span class='ocrx_word' id='word_1_126' title='bbox 1929 1590 2010 1638; x_wconf 75' lang='lat' dir='ltr'><em>op-</em></span> 
     </span>
     <span class='ocr_line' id='line_1_18' title="bbox 623 1655 2013 1730; baseline -0.001 -24"><span class='ocrx_word' id='word_1_127' title='bbox 623 1655 785 1730; x_wconf 67' lang='lat' dir='ltr'><em>prff.</em></span> <span class='ocrx_word' id='word_1_128' title='bbox 821 1661 1036 1708; x_wconf 87' lang='lat' dir='ltr'>XLVIII.</span> <span class='ocrx_word' id='word_1_129' title='bbox 1078 1657 1133 1707; x_wconf 88' lang='lat' dir='ltr'><em>V</em></span> <span class='ocrx_word' id='word_1_130' title='bbox 1127 1656 1374 1724; x_wconf 69' lang='lat' dir='ltr'><em>espasianus</em></span> <span class='ocrx_word' id='word_1_131' title='bbox 1406 1656 1741 1705; x_wconf 79' lang='lat' dir='ltr'><em>Alexandriam</em></span> <span class='ocrx_word' id='word_1_132' title='bbox 1775 1657 1898 1705; x_wconf 76' lang='lat' dir='ltr'><em>venit</em></span> <span class='ocrx_word' id='word_1_133' title='bbox 1921 1694 1936 1716; x_wconf 87' lang='grc'>,</span> <span class='ocrx_word' id='word_1_134' title='bbox 1962 1675 2013 1706; x_wconf 89' lang='lat' dir='ltr'><em>ut</em></span> 
     </span>
     <span class='ocr_line' id='line_1_19' title="bbox 631 1743 2009 1812; baseline -0.004 -17"><span class='ocrx_word' id='word_1_135' title='bbox 631 1747 825 1795; x_wconf 86' lang='lat' dir='ltr'><em>Romam</em></span> <span class='ocrx_word' id='word_1_136' title='bbox 828 1744 960 1812; x_wconf 77' lang='lat' dir='ltr'><em>fame</em></span> <span class='ocrx_word' id='word_1_137' title='bbox 978 1762 1145 1812; x_wconf 78' lang='lat' dir='ltr'><em>urgeat.</em></span> <span class='ocrx_word' id='word_1_138' title='bbox 1166 1745 1335 1792; x_wconf 92' lang='lat' dir='ltr'>XLIX.</span> <span class='ocrx_word' id='word_1_139' title='bbox 1357 1743 1582 1792; x_wconf 88' lang='lat' dir='ltr'><em>Antonius</em></span> <span class='ocrx_word' id='word_1_140' title='bbox 1596 1782 1608 1803; x_wconf 89' lang='lat'><em>,</em></span> <span class='ocrx_word' id='word_1_141' title='bbox 1621 1743 1726 1811; x_wconf 78' lang='lat' dir='ltr'><em>post</em></span> <span class='ocrx_word' id='word_1_142' title='bbox 1755 1744 2009 1793; x_wconf 88' lang='lat' dir='ltr'><em>Cremonam</em></span> 
     </span>
     <span class='ocr_line' id='line_1_20' title="bbox 616 1830 2013 1901; baseline -0.003 -20"><span class='ocrx_word' id='word_1_143' title='bbox 616 1833 858 1901; x_wconf 69' lang='lat' dir='ltr'><em>superbior</em></span> <span class='ocrx_word' id='word_1_144' title='bbox 873 1869 886 1891; x_wconf 94' lang='lat'>‚</span> <span class='ocrx_word' id='word_1_145' title='bbox 917 1832 1144 1899; x_wconf 79' lang='lat' dir='ltr'><em>copiarum</em></span> <span class='ocrx_word' id='word_1_146' title='bbox 1155 1849 1330 1898; x_wconf 79' lang='lat' dir='ltr'><em>partem</em></span> <span class='ocrx_word' id='word_1_147' title='bbox 1358 1830 1411 1880; x_wconf 89' lang='lat' dir='ltr'><em>V</em></span> <span class='ocrx_word' id='word_1_148' title='bbox 1405 1850 1542 1879; x_wconf 84' lang='lat' dir='ltr'><em>eronae</em></span> <span class='ocrx_word' id='word_1_149' title='bbox 1562 1830 1773 1898; x_wconf 79' lang='lat' dir='ltr'><em>relinquit</em></span> <span class='ocrx_word' id='word_1_150' title='bbox 1797 1868 1810 1888; x_wconf 83' lang='lat'>‚</span> <span class='ocrx_word' id='word_1_151' title='bbox 1835 1847 2013 1897; x_wconf 78' lang='lat' dir='ltr'><em>partem</em></span> 
     </span>
     <span class='ocr_line' id='line_1_21' title="bbox 634 1916 2014 1986; baseline -0.001 -20"><span class='ocrx_word' id='word_1_152' title='bbox 634 1920 682 1967; x_wconf 88' lang='lat' dir='ltr'><em>in</em></span> <span class='ocrx_word' id='word_1_153' title='bbox 701 1919 972 1969; x_wconf 85' lang='lat' dir='ltr'><em>Vitellianos</em></span> <span class='ocrx_word' id='word_1_154' title='bbox 1002 1919 1198 1986; x_wconf 80' lang='lat' dir='ltr'><em>expedit.</em></span> <span class='ocrx_word' id='word_1_155' title='bbox 1226 1921 1302 1966; x_wconf 94' lang='lat' dir='ltr'><em>LI.</em></span> <span class='ocrx_word' id='word_1_156' title='bbox 1326 1917 1624 1966; x_wconf 82' lang='lat' dir='ltr'><em>Inreverentia</em></span> <span class='ocrx_word' id='word_1_157' title='bbox 1650 1916 1812 1965; x_wconf 88' lang='lat' dir='ltr'><em>militis</em></span> <span class='ocrx_word' id='word_1_158' title='bbox 1829 1954 1841 1974; x_wconf 85' lang='lat'><strong><em>,</em></strong></span> <span class='ocrx_word' id='word_1_159' title='bbox 1867 1916 1919 1964; x_wconf 83' lang='lat' dir='ltr'><em>ob</em></span> <span class='ocrx_word' id='word_1_160' title='bbox 1937 1935 2014 1965; x_wconf 85' lang='lat' dir='ltr'><em>oc-</em></span> 
     </span>
     <span class='ocr_line' id='line_1_22' title="bbox 635 2002 2012 2074; baseline -0.004 -19"><span class='ocrx_word' id='word_1_161' title='bbox 635 2005 775 2072; x_wconf 79' lang='lat' dir='ltr'><em>cisum</em></span> <span class='ocrx_word' id='word_1_162' title='bbox 795 2027 822 2054; x_wconf 95' lang='lat' dir='ltr'><em>a</em></span> <span class='ocrx_word' id='word_1_163' title='bbox 841 2006 886 2070; x_wconf 83' lang='lat' dir='ltr'><em>fe</em></span> <span class='ocrx_word' id='word_1_164' title='bbox 892 2006 1088 2074; x_wconf 70' lang='lat' dir='ltr'><em>fratrem</em></span> <span class='ocrx_word' id='word_1_165' title='bbox 1101 2005 1339 2074; x_wconf 69' lang='lat' dir='ltr'><em>praemium</em></span> <span class='ocrx_word' id='word_1_166' title='bbox 1364 2004 1568 2072; x_wconf 81' lang='lat' dir='ltr'><em>petentis.</em></span> <span class='ocrx_word' id='word_1_167' title='bbox 1605 2006 1700 2052; x_wconf 89' lang='lat' dir='ltr'>LII.</span> <span class='ocrx_word' id='word_1_168' title='bbox 1738 2002 2012 2070; x_wconf 81' lang='lat' dir='ltr'><em>Festinatio-</em></span> 
     </span>
     <span class='ocr_line' id='line_1_23' title="bbox 634 2089 2015 2160; baseline -0.004 -19"><span class='ocrx_word' id='word_1_169' title='bbox 634 2113 731 2142; x_wconf 87' lang='lat' dir='ltr'><em>nem</em></span> <span class='ocrx_word' id='word_1_170' title='bbox 773 2092 966 2142; x_wconf 82' lang='lat' dir='ltr'><em>Antonii</em></span> <span class='ocrx_word' id='word_1_171' title='bbox 999 2094 1123 2160; x_wconf 77' lang='lat' dir='ltr'><em>apud</em></span> <span class='ocrx_word' id='word_1_172' title='bbox 1165 2092 1219 2143; x_wconf 91' lang='lat' dir='ltr'><em>V</em></span> <span class='ocrx_word' id='word_1_173' title='bbox 1214 2089 1484 2159; x_wconf 68' lang='lat' dir='ltr'><em>espasianum</em></span> <span class='ocrx_word' id='word_1_174' title='bbox 1530 2090 1792 2139; x_wconf 88' lang='lat' dir='ltr'><em>criminatur</em></span> <span class='ocrx_word' id='word_1_175' title='bbox 1823 2089 2015 2137; x_wconf 82' lang='lat' dir='ltr'><em>Mucia-</em></span> 
     </span>
     <span class='ocr_line' id='line_1_24' title="bbox 636 2176 2018 2246; baseline -0.003 -18"><span class='ocrx_word' id='word_1_176' title='bbox 636 2199 734 2228; x_wconf 88' lang='lat' dir='ltr'><em>nus.</em></span> <span class='ocrx_word' id='word_1_177' title='bbox 756 2182 873 2227; x_wconf 90' lang='lat' dir='ltr'>LIII.</span> <span class='ocrx_word' id='word_1_178' title='bbox 907 2179 1134 2227; x_wconf 84' lang='lat' dir='ltr'><em>Antonius</em></span> <span class='ocrx_word' id='word_1_179' title='bbox 1138 2177 1350 2246; x_wconf 71' lang='lat' dir='ltr'><em>stzperbis</em></span> <span class='ocrx_word' id='word_1_180' title='bbox 1372 2179 1435 2226; x_wconf 87' lang='lat' dir='ltr'><em>ad</em></span> <span class='ocrx_word' id='word_1_181' title='bbox 1454 2177 1507 2226; x_wconf 89' lang='lat' dir='ltr'><em>V</em></span> <span class='ocrx_word' id='word_1_182' title='bbox 1502 2176 1774 2244; x_wconf 69' lang='lat' dir='ltr'><em>eſjyafianum</em></span> <span class='ocrx_word' id='word_1_183' title='bbox 1804 2176 1946 2224; x_wconf 86' lang='lat' dir='ltr'><em>literis</em></span> <span class='ocrx_word' id='word_1_184' title='bbox 1966 2176 2018 2224; x_wconf 89' lang='lat' dir='ltr'><em>id</em></span> 
     </span>
    </p>
   </div>
   <div class='ocr_carea' id='block_1_2' title="bbox 637 2263 2014 2334">
    <p class='ocr_par' dir='ltr' id='par_1_3' title="bbox 637 2263 2014 2334">
     <span class='ocr_line' id='line_1_25' title="bbox 637 2263 2014 2334; baseline -0.004 -19"><span class='ocrx_word' id='word_1_185' title='bbox 637 2266 847 2334; x_wconf 83' lang='lat' dir='ltr'><em>queritur.</em></span> <span class='ocrx_word' id='word_1_186' title='bbox 893 2266 1004 2315; x_wconf 88' lang='lat' dir='ltr'><em>Inde</em></span> <span class='ocrx_word' id='word_1_187' title='bbox 1034 2285 1191 2334; x_wconf 79' lang='lat' dir='ltr'><em>graves</em></span> <span class='ocrx_word' id='word_1_188' title='bbox 1230 2265 1504 2314; x_wconf 88' lang='lat' dir='ltr'><em>Mucianum</em></span> <span class='ocrx_word' id='word_1_189' title='bbox 1539 2264 1654 2312; x_wconf 85' lang='lat' dir='ltr'><em>inter</em></span> <span class='ocrx_word' id='word_1_190' title='bbox 1688 2263 1729 2312; x_wconf 57' lang='grc' dir='ltr'><em>ὃ)</em></span> <span class='ocrx_word' id='word_1_191' title='bbox 1761 2263 2014 2311; x_wconf 87' lang='lat' dir='ltr'><em>Antonium</em></span> 
     </span>
    </p>
   </div>
   <div class='ocr_carea' id='block_1_3' title="bbox 621 2349 2015 2422">
    <p class='ocr_par' dir='ltr' id='par_1_4' title="bbox 621 2349 2015 2422">
     <span class='ocr_line' id='line_1_26' title="bbox 621 2349 2015 2422; baseline -0.003 -19"><span class='ocrx_word' id='word_1_192' title='bbox 621 2353 889 2421; x_wconf 85' lang='lat' dir='ltr'><em>simultates.</em></span> <span class='ocrx_word' id='word_1_193' title='bbox 921 2355 1048 2403; x_wconf 89' lang='lat' dir='ltr'>LIV.</span> <span class='ocrx_word' id='word_1_194' title='bbox 1076 2353 1294 2405; x_wconf 88' lang='lat' dir='ltr'><em>Vitellius</em></span> <span class='ocrx_word' id='word_1_195' title='bbox 1309 2352 1477 2420; x_wconf 65' lang='lat' dir='ltr'><em>,stulta</em></span> <span class='ocrx_word' id='word_1_196' title='bbox 1497 2349 1839 2418; x_wconf 82' lang='lat' dir='ltr'><em>diſjimulatione</em></span> <span class='ocrx_word' id='word_1_197' title='bbox 1856 2386 1870 2409; x_wconf 85' lang='lat'><em>,</em></span> <span class='ocrx_word' id='word_1_198' title='bbox 1881 2349 2015 2422; x_wconf 88' lang='lat' dir='ltr'><em>frac-</em></span> 
     </span>
    </p>
   </div>
  </div>
 </body>
</html>
