2209 3047
133 530 159 569 5

107 851 155 878 10

99 1478 156 1505 2<2

98 1789 150 1828 25

96 2111 154 2150 3<3

348 182 825 227 HISTORIARUM
863 180 1060 224 LIBER
1094 181 1397 238 QUINTUS.
1490 197 1570 233 321

192 265 360 308 sinebat:
389 271 480 309 cum
507 268 694 317 interim,
722 267 828 306 flexu
853 264 1061 312 autumni,
1094 267 1134 303 &c
1159 264 1305 305 crebris
1336 262 1576 319 pluvialibus
1597 277 1713 298 ΞΞ

190 330 407 381 imbribus,
437 330 660 386 superfusus
687 331 841 379 amnis,
867 326 1078 384 palustrem
1104 327 1379 381 humilemque
1407 327 1575 368 insulam

189 394 232 433 in
256 394 402 434 faciem
432 394 556 447 stagni
582 391 792 449 opplevit:
826 406 902 432 nec
931 389 1054 431 claffis
1071 419 1083 439 ,
1112 402 1179 429 aut
1207 405 1454 431 commeatus
1481 391 1573 432 ade-

190 470 301 498 rant:
332 457 530 510 castraque
555 457 595 495 in
621 454 743 511 plano
768 455 862 503 sita,
892 455 931 493 vi
957 452 1131 493 fluminis
1155 451 1439 493 differebantur
1467 459 1493 494 ¹.

252 519 410 560 XXIV.
445 537 467 556 ‹<
501 519 749 559 POTU1ssE
776 530 874 557 tunc
901 517 1075 573 opprimi
1101 514 1308 570 legiones,
1337 520 1376 555 ὅ(
1407 515 1576 558 voluisse

187 583 446 624 »Germanos
459 612 472 633 ,
503 582 569 623 sed
585 579 682 622 dolo
704 595 726 621 a
747 579 785 620 se
806 580 931 621 flexos
954 598 998 630 n,
1018 579 1232 635 imputavit
1251 576 1407 618 Civilis.
1428 582 1575 634 Neque

188 645 378 687 abhorret
396 661 514 695 vero,
534 643 695 699 quando
717 644 854 699 paucis
874 644 959 699 post
979 642 1116 684 diebus
1134 641 1287 682 deditio
1308 640 1487 683 insecuta
1507 645 1574 684 est.

187 710 298 750 Nam
324 708 518 757 Cerialis,
545 721 615 763 per
639 706 825 747 occultos
851 707 1039 756 nuntios,
1068 722 1090 742 (ε
1117 705 1276 746 Batavis
1304 719 1445 760 pacem
1461 733 1473 753 ,
1504 707 1576 745 Ci-

186 771 290 818 »vili
313 772 473 811 veniam
493 787 514 807 »
542 771 741 810 ostentans
755 800 767 820 ‚
794 768 990 811 Veledam
1011 768 1336 824 propinquosque
1359 766 1576 818 monebat,

195 851 216 872 t<
234 834 436 876 fortunam
458 832 584 884 belli,
598 847 661 874 tot
685 832 865 874 cladibus
890 832 1121 881 adversam,
1141 845 1373 887 opportuno
1390 845 1483 885 erga
1506 846 1574 887 po-

185 897 358 954 »pulum
379 899 611 939 Romanum
635 898 780 937 merito
799 909 965 936 mutare.
993 894 1124 935 Caesos
1144 895 1366 944 Treveros,
1390 908 1575 950 receptos

185 961 370 1011 »Ubios,
399 974 573 1017 ereptam
599 960 759 1000 Batavis
790 961 978 1015 patriam:
1014 972 1143 1012 neque
1176 956 1283 998 aliud
1308 956 1453 997 Civilis
1479 959 1577 998 ami-

185 1023 313 1066 »citiz‘i
334 1038 539 1080 paratum,
567 1022 686 1078 quam
712 1022 904 1073 vulnera,
932 1022 1070 1077 fugas,
1099 1019 1247 1062 luetus:
1277 1019 1455 1061 exsulem
1483 1035 1576 1061 eum

184 1091 258 1128 n&
284 1100 512 1138 extorrem,
537 1085 822 1143 recipientibus
848 1087 981 1126 oneri:
1007 1089 1045 1125 ὃς
1075 1084 1165 1124 satis
1189 1083 1437 1140 peccavisse,
1466 1083 1576 1137 qubd

185 1152 364 1192 »totiens
385 1151 576 1191 Rhenum
596 1149 938 1190 transcenderint:
966 1149 991 1188 si
1009 1147 1104 1202 quid
1124 1146 1228 1188 ultra
1247 1146 1463 1187 moliantur
1476 1177 1489 1198 ,
1514 1149 1575 1188 in-

185 1214 267 1255 »de
292 1211 479 1265 injuriam
506 1217 546 1254 &
572 1212 733 1269 culpam
750 1243 762 1263 ,
791 1214 888 1254 hinc
916 1210 1114 1252 ultionem
1140 1214 1180 1251 &
1207 1210 1303 1251 deos
1330 1211 1417 1251 fore
1442 1228 1485 1251 ».

248 1277 398 1319 XXV.
420 1277 489 1318 M1
501 1290 516 1317 s
529 1290 553 1317 C
565 1289 756 1317 EBANTU
768 1289 792 1315 R
808 1277 925 1316 minis
942 1274 1139 1331 promissa.
1154 1272 1207 1314 Et
1226 1273 1421 1315 concussa
1433 1274 1575 1314 Trans-

184 1342 454 1381 rhenanorum
477 1340 576 1390 fide,
594 1342 696 1380 inter
716 1340 889 1380 Batavos
910 1353 1070 1393 quoque
1092 1337 1292 1378 sermones
1314 1339 1407 1378 orti:
1429 1354 1450 1373 «
1473 1338 1574 1378 Non

183 1403 512 1460 »prorogandam
538 1401 642 1443 ultra
663 1405 839 1444 ruinam:
868 1416 944 1442 nec
966 1401 1075 1458 posse
1099 1400 1146 1442 ab
1168 1399 1247 1441 una
1266 1402 1430 1442 natione
1449 1402 1573 1441 totius

184 1466 323 1508 »orbis
352 1467 558 1507 servitium
584 1465 733 1522 depelli
757 1483 764 1507 :
800 1465 895 1520 quid
931 1464 1149 1521 perfefilum
1177 1464 1283 1506 caede
1310 1469 1350 1506 &
1378 1464 1575 1505 incendiis

182 1548 205 1569 »
216 1529 445 1586 legionum,
463 1530 531 1570 nisi
546 1542 590 1570 ut
602 1529 735 1585 plures
749 1528 1041 1582 validioresque
1054 1529 1301 1569 accirentur?
1322 1527 1578 1583 SiVespasia-

181 1610 204 1632 »
216 1608 268 1635 no
292 1591 445 1634 bellum
467 1594 727 1643 navaverint,
752 1592 1037 1648 Vespasianum
1059 1606 1190 1632 rerum
1211 1593 1352 1647 potiri:
1377 1591 1430 1630 sin
1451 1605 1576 1647 popuff

181 1656 299 1698 »lum
322 1657 555 1698 Romanum
581 1657 698 1697 armis
729 1668 983 1712 provocent,
1022 1668 1186 1708 quotam
1224 1668 1376 1710 partem
1415 1655 1574 1708 generis

180 1721 378 1761 »humani
400 1720 573 1761 Batavos
595 1719 697 1760 effe?
724 1720 967 1775 respicerent
987 1718 1122 1759 Raetos
1142 1718 1423 1772 Noricosque,
1450 1721 1490 1758 &
1511 1732 1572 1758 ce-

180 1797 389 1826 »terorum
413 1798 533 1825 onera
559 1783 782 1824 sociorum:
808 1781 877 1822 fibi
898 1796 980 1822 non
1008 1781 1184 1831 tributa,
1214 1781 1281 1822 sed
1306 1782 1495 1822 virtutem
1528 1786 1571 1822 ὅ(

179 1849 319 1889 »viros
343 1851 356 1868 ²
382 1847 526 1888 indici:
548 1848 776 1902 proximum
796 1846 837 1886 id
856 1844 1051 1886 libertati:
1075 1849 1115 1886 ὃς
1138 1844 1163 1884 si
1183 1844 1438 1886 dominorum
1462 1844 1569 1885 elec-

179 1912 272 1952 »tio
300 1911 371 1957 fit;
399 1911 597 1952 honestius
624 1911 828 1965 Principes
857 1910 1136 1950 Romanorum
1153 1938 1165 1958 ,
1197 1907 1315 1962 quam
1341 1909 1569 1949 Germano-

181 1989 300 2014 »rum
326 1974 493 2015 feminas
517 1971 680 2014 tolerari
711 1990 750 2012 »;
779 1974 863 2014 haec
887 1970 1046 2026 vulgus.
1070 1973 1283 2012 Proceres:
1312 1988 1334 2008 «
1367 1973 1567 2012 atrociore

180 2036 355 2078 »Civilis
381 2037 490 2078 rabie
524 2037 647 2077 semet
672 2037 713 2076 in
738 2051 846 2077 arma
870 2035 1022 2076 trusos:
1051 2034 1166 2075 illum
1195 2034 1420 2075 domesticis
1453 2033 1568 2076 malis

181 2100 415 2141 »excidium
433 2101 562 2155 gentis
583 2099 825 2156 opposuisse:
845 2112 944 2140 tunc
963 2098 1138 2139 infensos
1158 2097 1318 2139 Batavis
1336 2098 1453 2149 deos,
1475 2099 1568 2139 cllm

180 2162 484 2204 »obsiderentur
501 2162 682 2218 legiones
696 2193 708 2213 ,
730 2163 1049 2203 interficerentur
1070 2160 1218 2217 legati,
1237 2160 1390 2202 bellum
1407 2163 1477 2202 uni
1504 2176 1568 2201 ne-

180 2226 439 2277 messanum,
461 2224 583 2267 ferale
602 2226 690 2282 ipsis
708 2226 939 2267 sumeretur.
961 2227 1140 2267 Ventum
1163 2224 1211 2266 ad
1231 2238 1430 2277 extrema,
1450 2226 1491 2266 ni
1507 2239 1567 2265 re-

227 2371 235 2384 ¹
258 2365 595 2404 Dwmnnmruassn
611 2365 743 2397 diversas
758 2374 856 2405 partes
897 2366 1022 2397 difium.
1046 2365 1167 2397 Eodem
1190 2364 1275 2396 sensu
1297 2364 1383 2404 supra
1406 2364 1480 2394 Hist.
1505 2365 1568 2400 lv,

185 2403 376 2435 ferebantur.
901 2417 948 2436 12.
982 2405 1066 2436 Viros
1090 2406 1198 2436 tantiam
1220 2414 1348 2443 armaque
1382 2403 1491 2440 imperio
1514 2402 1566 2433 mi-

226 2448 239 2462 ι
261 2446 432 2476 Vim-utem
467 2455 504 2475 ετ
538 2448 665 2481 vinos]
693 2444 857 2484 Eleganter
896 2444 1025 2486 nistrant.

282 2487 387 2530 Tom.
418 2490 498 2531 III.
1313 2487 1340 2526 S
1358 2485 1381 2525 s

1599 317 1628 341 Α,
1640 318 1669 339 υ.
1683 317 1714 343 C.

1622 362 1693 397 823.

1622 418 1645 442 J.
1657 418 1688 442 C.

1631 472 1683 501 70.
