2230 3047
361 175 837 221 HISTORIARUM
877 175 1077 217 LIBER
1111 176 1468 219 SECUNDUS.
1568 182 1625 228 87

234 274 328 302 cans
343 291 355 311 ,
379 278 401 298 (ε
416 274 459 302 ut
472 275 564 301 eum
580 258 752 315 inSyriei
765 290 778 311 ,
800 272 867 301 aut
879 259 1064 313 AEgypto
1080 261 1088 278 ¹
1108 257 1281 299 sisterent
1301 276 1321 296 >)
1345 258 1495 300 orabat.
1514 260 1631 301 Trie-

232 326 364 365 rarchi
384 338 569 366 nutantes
585 355 598 375 ,
624 325 692 365 seu
713 324 811 365 dolo
825 354 837 374 ,
866 340 887 360 (t
909 320 1186 375 adloquendos
1206 321 1274 361 sibi
1296 322 1443 364 milites
1457 354 1470 373 ,
1497 328 1535 364 ὅ(
1560 339 1630 380 pa-

234 390 360 428 »ratis
381 390 563 429 omnium
579 389 720 429 animis
741 387 967 428 reversuros
988 402 1010 422 »
1036 385 1306 425 firmaverunt.
1322 387 1402 427 Sed
1418 387 1631 444 Asprenati

235 453 376 492 cunCta
397 466 446 491 ex
465 451 543 491 fide
564 453 744 492 nuntIata
763 468 770 490 ;
796 448 910 503 cujus
930 450 1216 490 cohortatione
1237 463 1465 504 expugnata
1488 453 1600 492 navis
1617 481 1630 502 ,

179 528 205 567 5
236 518 277 555 &
297 514 526 555 interfe&us
545 515 720 568 quisquis
739 513 808 554 ille
829 527 924 554 erat.
947 513 1104 568 Corpus
1133 512 1285 567 insigne
1308 511 1437 553 oculis
1452 543 1464 563 ,
1492 514 1631 556 comfi-

237 593 315 632 que
333 581 373 619 &
392 579 584 619 torvitate
600 576 734 620 vultus
750 581 784 629 ²,
805 578 846 618 in
861 577 1015 629 Asiam,
1031 589 1149 630 atque
1162 575 1255 617 inde
1273 576 1450 617 Romam
1469 593 1633 632 pervec-

235 654 323 682 tum
348 642 415 682 est.

297 704 351 745 X.
385 705 439 745 ΙΝ
461 705 626 745 civitate
650 703 852 755 discordi,
879 708 920 745 ὃ(
936 733 949 754 ,
981 703 1033 745 ob
1057 702 1215 745 crebras
1240 704 1475 759 Principum
1502 719 1630 746 muta-

230 767 392 818 tiones,
416 769 520 808 inter
546 767 772 809 libertatem
802 783 848 809 ac
871 766 1080 808 licentiam
1107 765 1286 817 incerta,
1313 782 1441 822 parva:
1470 782 1631 821 quoque

153 845 206 873 10
233 845 294 872 res
317 832 472 886 magnis
495 830 670 872 motibus
693 830 924 886 agebantur.
949 830 1091 872 Vibius
1117 829 1307 886 Crispus,
1334 829 1533 886 pecunia,
1558 846 1631 887 po·

233 893 384 945 tentia,
406 896 573 949 ingenio
600 896 704 935 inter
732 893 862 936 claros
895 895 1049 949 magis,
1079 892 1197 948 quam
1224 894 1328 934 inter
1356 893 1511 944 bonos,
1544 896 1631 935 An-

234 959 347 998 nium
369 959 555 1000 Faustum
570 987 582 1009 ,
603 959 789 1012 equestris
811 958 961 999 ordinis
978 987 990 1008 ,
1013 958 1081 1012 qui
1100 956 1349 1013 temporibus
1366 959 1544 999 Neronis
1563 957 1632 999 de-

231 1020 406 1063 lationes
434 1021 680 1063 faffitaverat
695 1052 708 1072 ,
735 1022 784 1063 ad
811 1023 1091 1076 cognitionem
1124 1021 1280 1061 senatus
1306 1020 1493 1062 vocabat.
1521 1023 1631 1062 Nam

231 1085 372 1126 recens
387 1115 399 1136 ,
425 1084 564 1126 Galba:
585 1086 812 1142 principatu
827 1116 841 1136 ,
869 1086 1108 1126 censuerant
1132 1098 1263 1140 patres
1279 1114 1292 1134 ,
1322 1102 1342 1121 (ε
1361 1098 1406 1125 ut
1422 1085 1631 1126 accusato-

153 1155 202 1195 15
231 1163 353 1188 »rum
378 1153 388 1177 ³
416 1149 539 1190 causae
561 1149 822 1190 noscerentur
842 1167 884 1188 ».
907 1149 955 1190 Id
979 1147 1371 1189 senatusconsultum
1387 1178 1399 1198 ,
1425 1149 1534 1190 varie
1555 1147 1633 1200 jac-

230 1224 359 1253 tatum
373 1242 386 1263 ,
409 1216 449 1253 &
464 1242 476 1263 ,
502 1225 623 1269 prout
647 1226 816 1268 potens,
837 1212 904 1253 vel
928 1214 1044 1270 inops
1067 1226 1157 1253 reus
1178 1212 1400 1262 inciderat,
1427 1212 1632 1253 infirmum

229 1289 299 1317 aut
322 1275 501 1318 validum
518 1306 530 1327 ,
558 1275 816 1317 retinebatur.
839 1277 905 1317 Ad
929 1278 1012 1317 haec
1034 1289 1186 1316 terrore
1209 1279 1250 1315 ὅ(
1273 1274 1433 1331 propria
1456 1277 1497 1315 vi
1521 1276 1632 1316 Cris-

229 1352 304 1395 pus
333 1339 598 1390 incubuerat,
624 1338 849 1382 delatorem
879 1340 1008 1382 fratris
1031 1339 1088 1380 sui
1118 1344 1137 1368 4
1160 1351 1412 1394 pervertere:
1438 1351 1631 1381 traxerat-

229 1417 307 1456 que
335 1418 523 1458 magnam
548 1403 704 1444 senatus
728 1418 908 1460 partem,
943 1421 964 1440 «
988 1416 1032 1443 ut
1061 1402 1315 1443 indefensum
1338 1406 1378 1443 ὃς
1404 1403 1631 1444 inauditum

147 1477 204 1505 20
228 1465 355 1507 »dedi
382 1467 432 1508 ad
453 1468 623 1508 exitium
643 1484 664 1504 ›>
686 1466 942 1524 postularent.
965 1465 1121 1508 Contra
1144 1466 1250 1522 apud
1274 1464 1374 1506 alios
1397 1464 1500 1506 nihil
1521 1467 1631 1521 aeque

229 1544 301 1571 reo
324 1530 541 1586 proderat,
569 1530 688 1585 quam
715 1532 839 1572 nimia
868 1531 1051 1588 potentia
1074 1528 1343 1571 accusatoris:
1373 1546 1394 1566 (ε
1422 1529 1506 1575 dari
1530 1543 1632 1571 tem-

229 1608 336 1650 »pus
351 1624 364 1645 ,
390 1594 455 1636 edi
479 1596 673 1645 crimina,
704 1596 885 1649 quamvis
906 1594 1077 1635 invisum
1101 1609 1148 1634 ac
1172 1606 1416 1643 nocentem,
1443 1608 1556 1635 more
1577 1607 1633 1635 ta-

229 1672 357 1698 »men
373 1658 616 1700 audiendum
638 1676 659 1695 »
685 1657 914 1699 censebant.
933 1658 985 1698 Et
1008 1656 1169 1699 valuere
1187 1658 1318 1712 primo
1333 1686 1346 1707 ,
1367 1655 1569 1711 dilataque
1589 1659 1631 1700 in

230 1735 384 1777 paucos
399 1721 482 1762 dies
506 1723 711 1776 cognitio:
732 1737 829 1762 mox
855 1722 1065 1762 damnatus
1083 1721 1137 1761 est
1165 1721 1349 1770 Faustus,
1379 1735 1632 1775 nequaquam

146 1793 201 1833 25
231 1798 282 1825 eo
305 1785 471 1826 adsensu
496 1786 670 1826 civitatis
684 1815 697 1835 ,
718 1800 837 1840 quem
854 1785 1023 1841 peffimis
1042 1783 1220 1825 moribus
1240 1797 1460 1824 meruerat:
1481 1785 1632 1841 quippe

228 1848 360 1904 ipsum
389 1848 576 1905 Crispum
601 1848 760 1890 easdem
789 1850 1068 1890 accusationes
1097 1863 1190 1888 cum
1218 1848 1380 1904 praemio
1411 1847 1630 1889 exercuisse

228 1913 518 1954 meminerant:
545 1927 621 1954 nec
644 1928 764 1969 poena
787 1914 992 1963 criminis,
1020 1911 1088 1952 sed
1107 1910 1216 1952 ultor
1238 1909 1489 1966 displicebat.

294 1975 377 2017 XI.
411 1977 557 2017 LAETA
579 1977 740 2017 interim
757 1977 917 2018 Othoni
935 1976 1132 2032 principia
1149 1973 1273 2024 belli,
1295 1975 1415 2015 motis
1432 1974 1481 2015 ad
1502 1974 1629 2031 impe-

228 2039 333 2080 rium
355 2037 440 2092 ejus
461 2055 482 2081 e
503 2038 708 2081 Dalmatia
729 2038 1016 2094 Pannoniaque
1038 2037 1294 2079 exercitibus.
1309 2038 1439 2080 Fuere
1457 2051 1629 2092 quatuor

144 2107 206 2153 30
229 2100 412 2158 legiones
429 2134 442 2155 ,
467 2118 488 2144 e
511 2103 652 2159 quibus
675 2104 768 2145 bina
796 2103 925 2145 millia
946 2102 1158 2160 praemiffa3
1187 2101 1277 2158 ipsa:
1303 2101 1474 2143 modicis
1504 2103 1628 2142 inter-

270 2215 280 2230 ¹
306 2213 376 2241 Αυτ
393 2213 534 2243 AEovp'ro
551 2213 731 2252 ]Exemplo
746 2213 905 2250 Neronis,
989 2218 998 2238 ³
1016 2211 1497 2249 Accusmonum]Delatorum‚
1509 2211 1547 2240 de
1557 2210 1627 2250 qui-

229 2250 308 2282 olim
326 2251 437 2282 incerti
460 2252 642 2290 Syriarum,
665 2264 702 2283 an
715 2255 905 2292 AEgyptum‚
946 2253 1003 2282 bus
1026 2251 1113 2289 supra
1145 2252 1258 2281 Annal.
1281 2253 1342 2289 lV,
1372 2261 1418 2289 30.
1450 2249 1622 2288 Delamres,

230 2299 370 2330 peteret;
394 2291 506 2331 hasque
534 2292 589 2322 fibi
618 2293 807 2331 praefcdkuras
833 2293 906 2323 reti-
967 2301 1034 2320 enus·
1061 2290 1197 2320 hominum
1221 2290 1328 2328 publico
1358 2290 1441 2319 exitio
1467 2299 1624 2327 repertum,

230 2339 330 2361 neret.
368 2331 450 2363 Vide
494 2333 754 2372 Supplementum
792 2333 905 2363 Annal.
959 2331 964 2335 '
991 2330 1080 2367 poenis
1100 2329 1205 2368 quidem
1219 2340 1364 2368 numquam
1375 2330 1449 2369 fluis
1467 2331 1623 2359 coercitam:-

230 2370 321 2403 XVI,
342 2373 393 2401 82.
987 2376 1002 2394 4
1024 2370 1164 2400 Firmius
1188 2372 1264 2407 sm]
1287 2370 1375 2402 Vibii
1394 2370 1529 2399 Secundi
1544 2392 1552 2405 ,
1574 2379 1624 2399 re·

267 2414 280 2428 ²
302 2410 502 2442 Tonvmrn
527 2422 652 2443 vuitus
668 2414 681 2450 ]
696 2412 791 2442 Sic&
814 2412 904 2442 Nero
948 2410 1152 2450 petundarum
1172 2411 1331 2447 damnati,
1351 2418 1385 2440 ut
1411 2408 1548 2441 vidimus
1577 2409 1625 2439 su-

229 2448 368 2482 moriens
383 2450 417 2483 in
431 2452 589 2491 Supplcm.
604 2453 717 2484 Annal.
745 2452 837 2490 XVI,
857 2454 906 2491 37.
948 2452 1001 2491 pra
1016 2450 1129 2482 Annal.
1151 2451 1243 2489 xlv,
1263 2453 1313 2481 28.

1656 307 1686 330 A.
1700 307 1730 329 U.
1741 306 1771 329 C.

1677 355 1749 384 822.

1680 407 1703 430 ,1.
1715 406 1746 429 C.

1687 457 1742 490 69.
