2230 3047
538 263 652 279 ==

537 299 568 322 A.
580 300 608 322 U⁴
620 299 650 322 C.

560 348 629 375 322.

561 398 627 420 J.C.

566 445 618 478 69.

945 164 994 205 C.
1046 164 1446 207 CORNELII
1495 165 1777 209 TACITI

737 245 909 287 XLVI.
941 245 1015 285 TU
1027 257 1180 286 RBATA
1204 261 1273 303 per
1298 246 1459 287 eosdem
1478 245 1560 285 dies
1587 246 1829 297 Germania,
1857 250 1898 288 ὃ(
1915 247 2052 291 socor-

677 307 739 350 dia
758 309 906 349 ducum
921 336 940 358 ‚-
961 312 1001 349 ὅ(
1017 309 1209 350 seditione
1224 309 1446 364 legionum.
1460 307 1637 348 Externa
1657 310 1723 359 vi,
1751 309 1915 365 perfidia
1930 312 2054 354 socia-

675 372 705 412 li
733 378 741 394 ¹
758 402 773 422 ,
798 372 923 428 prope
939 372 1092 413 adsueta
1104 373 1289 413 Romana
1302 386 1375 412 res.
1389 371 1436 411 Id
1449 370 1622 422 bellum,
1641 387 1733 413 cum
1746 373 1868 413 causls
1885 377 1926 414 ὃ(
1941 388 2056 416 even-

675 435 780 476 tibus
797 440 809 487 (
829 436 979 476 etenim
1003 434 1162 490 longius
1186 436 1417 491 prox'ecIum
1444 435 1496 474 est
1522 437 1538 486 )
1565 449 1660 476 mox
1686 435 1996 478 memorabimus
2026 441 2056 477 ².

675 500 796 540 Mota
813 503 852 540 ὃ(
870 499 1075 540 Dacorum
1091 513 1188 553 gens
1209 503 1244 548 ³,
1271 513 1486 551 numquam
1502 498 1580 540 fida
1592 528 1605 549 ,
1629 512 1728 540 tunc
1742 499 1821 540 fine
1835 512 1969 550 metu,
1989 497 2057 540 ab-

679 562 796 603 dudo
813 577 834 603 e
849 561 992 603 Moefia
1008 563 1199 602 exercitu.
1214 561 1292 601 Sed
1309 562 1434 616 prima
1447 577 1577 602 rerum
1595 563 1719 616 quieti
1735 561 2056 618 speculabantur:

676 624 747 666 ubi
761 625 925 680 flagrare
946 624 1102 665 Italiam
1119 622 1229 664 bello
1242 653 1256 674 ,
1279 625 1419 665 cuneta
1434 626 1612 666 invicem
1627 624 1783 666 hostilia
1794 655 1808 676 ,
1837 640 2028 681 accepere
2044 639 2057 672 3

679 690 914 745 expugnatis
944 688 1174 728 cohortium
1202 686 1431 741 alarumque
1459 686 1635 729 hibernis
1647 717 1661 739 ‚
1684 686 1850 742 utraque
1877 687 2060 729 Danubii

676 751 761 808 ripa
776 750 1044 808 potiebantur.
1057 751 1225 803 Jamque
1239 751 1359 792 castra
1372 750 1578 806 legionum
1595 751 1826 796 exscindere
1843 751 2032 808 parabant
2044 778 2059 802 ,

678 817 720 855 ni
733 815 949 855 Mucianus
966 813 1116 854 sextam
1134 812 1338 868 legionem
1352 818 1371 842 4
1387 814 1630 870 opposuisset
1644 845 1658 865 ,
1684 808 1964 856 Cremonensis
1978 816 2059 856 vic-

679 880 788 919 toria:
806 891 950 931 gnarus
964 906 977 927 ‚
1002 892 1047 917 ac
1065 891 1114 916 ne
1131 890 1294 918 externa
1315 875 1442 918 moles
1458 879 1657 932 utrimque
1675 880 1902 932 ingrueret,
1927 877 1955 916 fi
1976 877 2061 918 Da-

681 956 750 982 cus
781 940 1082 992 Germanusque
1113 939 1253 980 diverfi
1280 940 1526 995 inrupiffent.
1553 941 1696 981 Adfuit
1710 970 1724 990 ,
1748 954 1793 980 ut
1821 940 1919 995 saepe
1939 938 2033 980 alias
2046 968 2062 990 ,

679 1004 839 1044 fortuna
853 1001 994 1058 populi
1007 1003 1182 1042 Romani
1197 1032 1210 1052 ‚
1227 1018 1310 1056 quae
1323 1003 1562 1043 Mucianum
1576 1003 1756 1058 viresque
1770 1003 1949 1043 Orientis
1963 1001 2063 1044 illuc

677 1066 787 1107 tulit:
804 1070 844 1106 ὃ(
862 1065 969 1119 quod
987 1065 1195 1108 Cremonae
1211 1066 1372 1105 interim
1388 1065 1648 1120 transegimus
1664 1071 1692 1106 5.
1709 1066 1900 1107 Fonteius
1916 1066 2063 1121 Agrip-

679 1145 729 1186 pa
743 1144 792 1170 ex
806 1127 895 1168 Asia
912 1132 923 1178 (
940 1127 1181 1184 proconsule
1196 1143 1283 1169 eam
1298 1129 1549 1184 provinciam
1577 1144 1710 1169 annuo
1731 1130 1899 1184 imperio
1921 1142 2063 1169 tenue-

677 1194 768 1244 rat)
787 1191 937 1232 Moefiae
954 1192 1179 1248 praepositus
1196 1192 1249 1232 est
1265 1190 1302 1230 6:
1328 1191 1470 1232 additis
1487 1193 1613 1248 copiis
1629 1208 1650 1233 e
1666 1190 1891 1233 Vitelliano
1907 1192 2064 1232 exerci-

679 1269 725 1296 tu
739 1285 752 1305 ,
771 1269 889 1308 quem
904 1255 1034 1310 spargi
1051 1270 1120 1310 per
1136 1255 1385 1310 provincias,
1409 1257 1450 1295 &
1466 1268 1632 1296 externo
1649 1253 1758 1297 bello
1780 1254 1959 1310 inligari,
1976 1268 2066 1312 pars

682 1317 863 1368 consilii,
890 1318 1076 1373 pacisque
1091 1331 1185 1358 erat.

744 1380 943 1422 XLVII.
976 1382 1019 1422 N
1028 1393 1048 1420 E
1059 1394 1083 1421 c
1107 1395 1247 1422 ceterae
1263 1381 1445 1422 nationes
1462 1380 1638 1423 silebant.
1653 1380 1792 1423 Subita
1808 1396 1878 1438 per
1893 1382 2067 1422 Pontum

682 1459 790 1485 arma
806 1442 1014 1484 barbarum
1038 1445 1283 1500 mancipium
1297 1474 1310 1495 ,
1335 1446 1450 1499 regiae
1471 1446 1672 1498 quondam
1691 1444 1815 1486 claffis
1838 1445 2038 1501 praefeuus
2053 1473 2067 1495 ,

682 1520 884 1548 moverat:
910 1507 941 1547 is
968 1507 1043 1547 fuit
1071 1507 1290 1558 Anicetus,
1327 1507 1558 1548 Polemonis
1585 1507 1749 1549 libertus
1781 1513 1795 1536 ⁷
1809 1537 1822 1558 ‚
1845 1521 2068 1563 praepotens

684 1569 783 1611 olim
796 1599 810 1620 ,
831 1574 871 1611 ὃ(
885 1563 1090 1624 postquam
1103 1585 1272 1625 regnum
1287 1571 1327 1610 in
1343 1570 1512 1611 formam
1528 1572 1743 1626 provinciae
1759 1584 1931 1611 verterat
1944 1600 1957 1621 ,
1978 1585 2069 1615 niu-¹

684 1634 846 1674 tationis
876 1633 1099 1688 impatiens.
1122 1633 1250 1687 Igitur
1279 1632 1438 1674 Vitellii
1459 1635 1623 1674 nomine
1638 1663 1651 1684 ‚
1676 1634 1834 1674 adscitis
1853 1632 2039 1688 gentibus
2055 1661 2071 1685 ,

686 1712 769 1750 quae
779 1697 953 1737 Pontum
967 1695 1178 1746 accolunt,
1196 1710 1386 1752 corrupto
1406 1697 1447 1736 in
1456 1697 1566 1753 spem
1581 1698 1807 1753 rapinarum
1821 1697 2071 1751 egentissimo

687 1774 863 1814 quoque,
873 1759 980 1799 haud
988 1759 1210 1800 temnendae
1219 1760 1355 1800 mansis
1365 1759 1517 1811 duetor,
1525 1761 1823 1816 Trapezuntem
1831 1757 1863 1811 ⁸,
1877 1761 2071 1801 vetustam

688 1823 786 1862 Asia:
816 1823 1043 1873 civitatem,
1068 1838 1089 1863 a
1113 1824 1263 1864 Graecis
1283 1824 1324 1864 in
1344 1836 1524 1865 extremo
1541 1825 1718 1866 Ponticae
1739 1839 1815 1865 orae
1842 1823 2070 1878 conditam,

687 171 768 216 184

732 1951 740 1964 ¹
765 1946 917 1976 Prnrmm
936 1948 1087 1984 socmu]
1108 1947 1282 1978 Sociorum.

733 1988 744 2001 ²
768 1985 846 2015 Mox
870 1996 1107 2017 MEMORABmus
1132 1990 1142 2021 ]
1174 1987 1257 2017 Infra
1287 1986 1360 2016 Hist.

693 2025 756 2059 IV,
778 2035 812 2053 12
834 2025 868 2054 ὃς
886 2025 969 2064 seqq.

735 2068 744 2088 ³
769 2063 931 2094 DACORUM
954 2075 1027 2094 onus
1044 2065 1058 2101 ]
1078 2066 1171 2095 Nunc
1192 2064 1220 2093 la
1239 2064 1363 2104 Tranfil-

693 2102 796 2137 vanie,
819 2102 845 2130 la
872 2102 1011 2140 Valakz'e,
1032 2103 1059 2132 la
1084 2103 1249 2141 Moldavie,
1272 2105 1363 2141 partie

691 2140 725 2170 de
744 2140 771 2169 la
789 2140 926 2180 Hongrie‚
945 2143 1006 2173 &c-

733 2185 747 2203 4
769 2182 901 2211 Sssxmn
925 2185 1110 2220 [reiorum]
1128 2185 1364 2214 Jammemora-

693 2227 758 2251 tam
774 2219 860 2258 supra
876 2221 949 2249 Hist.
966 2222 1010 2257 Π,
1035 2224 1083 2258 83.

1401 1948 1470 1978 Jud.
1487 1950 1562 1985 VII,
1581 1959 1610 1986 4.
1622 1958 1707 1979 num.
1732 1959 1758 1987 3.

1441 1993 1454 2013 7
1479 1989 1661 2019 Potrmoms
1684 1989 1865 2026 mamm-us]
1890 1987 2072 2018 Polemonis

1402 2028 1429 2056 11
1442 2049 1451 2063 ,
1472 2027 1550 2066 regis
1561 2028 1700 2058 Pontici:
1715 2028 1801 2067 quod
1819 2038 1947 2067 regnum
1960 2037 1977 2057 a
1990 2027 2071 2058 Caio

1403 2066 1545 2106 Caligula
1567 2076 1726 2106 acceperat
1748 2090 1757 2104 ‚
1783 2075 1817 2097 ut
1841 2068 1956 2098 dietum
1977 2067 2017 2096 est
2039 2066 2074 2097 in

1402 2106 1625 2144 Supplemento
1646 2107 1758 2137 Annal.
1771 2108 1825 2137 VII
1837 2128 1845 2140 ‚
1860 2110 1906 2144 36.
1925 2105 2047 2136 Deinde
2062 2127 2073 2141 ,

1403 2145 1598 2176 concedente
1620 2147 1792 2176 Polemone
1804 2168 1812 2180 ‚
1826 2146 1857 2176 in
1875 2144 2072 2184 provinciam

1403 2185 1575 2214 Romanam
1593 2185 1646 2215 sub
1666 2185 1802 2216 Neronis
1818 2185 1994 2223 Principatu
2008 2194 2074 2228 reg-

1404 2234 1478 2253 num
1496 2224 1573 2253 illud
1589 2225 1722 2255 cefferat.
1743 2224 1822 2255 Vide
1843 2223 2026 2254 Suetonium
2039 2233 2074 2253 m

735 2264 743 2286 5
767 2259 993 2289 Tnmsrcmus
1005 2261 1018 2296 ]
1032 2261 1266 2293 Debellavimus
1278 2286 1287 2300 ,
1300 2263 1365 2293 bel-

694 2297 823 2336 lumque
846 2298 1088 2337 profligavimus.

734 2339 747 2356 ⁶
770 2339 965 2369 past-‚pomus
984 2340 1059 2376 nsr]
1074 2340 1244 2371 Fonteium
1255 2341 1366 2380 Agrip-

695 2386 764 2419 pam
777 2377 877 2415 postea
886 2387 903 2407 a
913 2378 1054 2408 Sarmatis
1062 2400 1070 2413 ,
1080 2379 1191 2418 magna
1200 2380 1232 2409 vi
1245 2380 1367 2410 irruen-

696 2417 778 2447 tibus
787 2439 798 2454 ,
810 2416 917 2448 caesum
924 2416 1011 2451 suiss‘e
1025 2417 1119 2450 tradit
1133 2418 1365 2459 Josephusssen.

1405 2264 1478 2293 Ner.
1489 2265 1783 2308 XX'111.§ingulares
1794 2262 1973 2308 Polemonis
1985 2272 2074 2306 num-

1403 2303 1884 2382 massas&,3331‘5355
1912 2300 2023 2331 ΚΜ
2042 2300 2075 2330 ‘¹2

1445 2381 1456 2400 ²³
1478 2383 1721 2412 TRAPEZUNTEM
1740 2383 1754 2418 ]
1781 2383 1873 2412 Nunc
1896 2379 2077 2421 Trdbizondej

1404 2419 1484 2452 Vide
1501 2421 1615 2452 Annal.
1628 2422 1720 2460 XIII,
1737 2431 1784 2460 39.
1796 2429 1864 2456 not.
1883 2431 1910 2459 3.

1927 2463 2078 2506 subitus

2091 829 2146 858 10

2093 1452 2153 1487 20
