2230 3047
600 182 652 218 68
865 178 912 218 C.
979 179 1381 222 CORNELII
1445 179 1728 221 TACITI

463 271 575 276 *-
597 258 759 313 »potius
782 262 792 279 ¹
812 285 825 306 ,
855 258 1153 301 commilitones
1168 290 1181 311 ‚
1209 261 1326 315 quam
1349 262 1513 316 imperia
1533 261 1681 301 ducum
1701 260 1968 310 sciscitand03

463 309 492 333 A.
508 311 533 333 U.
547 312 574 334 C.

486 355 555 383 822.

486 409 507 432 J.
520 410 550 434 C.

492 455 543 488 69.

596 335 686 359 »res
719 319 909 361 militares
941 325 1217 363 continentur:
1253 329 1292 364 ὃς
1315 324 1540 363 fortiliimus
1562 325 1604 362 in
1624 323 1710 378 ipso
1741 322 1968 363 discrimine

595 384 823 423 »exercitus
846 385 899 423 est
912 414 924 434 ‚
949 387 1015 438 qui
1037 399 1127 426 ante
1146 387 1358 426 discrimen
1380 386 1646 440 quietissimus.
1663 385 1790 427 Vobis
1807 400 1912 425 arma
1928 388 1969 424 &

594 447 780 485 »animus
800 446 867 486 sit:
888 449 987 486 mihi
1009 448 1217 488 consilium
1231 479 1244 499 ,
1266 454 1306 490 ὅ(
1327 450 1483 489 virtutis
1502 450 1632 489 vestrae
1652 449 1831 503 regimen
1846 447 1968 488 relin-

594 525 616 545 2>
628 509 748 561 quite.
768 509 991 550 Paucorum
1014 510 1132 566 culpa
1152 511 1252 561 fuit,
1278 512 1446 552 duorum
1468 527 1588 568 poena
1609 512 1695 551 erin
1719 511 1854 551 Ceteri
1874 509 1967 550 abo-

595 571 706 610 »lete
722 575 954 613 memoriam
970 574 1183 613 focdissimae
1205 576 1350 615 noE‘tis:
1378 590 1453 615 nec
1474 574 1562 615 illas
1585 575 1767 615 adversus
1789 574 1970 614 senatum

594 649 747 675 »voces
762 633 868 676 ullus
888 651 1074 689 umquam
1092 637 1289 677 exercitus
1305 637 1449 678 audiat.
1467 638 1599 693 Caput
1611 638 1767 692 imperii
1784 640 1797 656 ²
1812 665 1826 686 ‚
1848 639 1888 676 ὃ(
1908 635 1970 675 de-

593 712 616 733 2>
628 711 719 737 cora
735 699 915 738 omnium
933 700 1228 753 provinciarum
1244 729 1256 749 ,
1285 700 1332 740 ad
1354 715 1513 755 poenam
1532 714 1676 740 vocare
1693 729 1705 749 ‚
1729 714 1811 739 non
1831 695 1968 738 hercle

592 758 684 798 »illi
700 790 712 809 ,
738 775 835 814 quos
862 763 952 801 cum
981 762 1153 802 maxime
1177 761 1365 803 Vitellius
1385 764 1426 802 in
1454 778 1526 803 nos
1548 764 1627 803 ciet
1644 792 1655 812 ‚
1685 763 1877 802 Germani
1900 774 1968 801 au-

593 837 615 858 >2
626 822 757 862 deant.
780 822 915 863 Ulline
938 822 1060 863 Italia:
1082 823 1261 875 alumni,
1286 829 1326 865 ὃς
1347 826 1533 866 Romana
1560 825 1652 866 vere
1675 823 1861 877 juventus
1877 853 1889 874 ‚
1917 822 1966 864 ad

591 884 857 939 »sanguinem
878 890 918 926 ὃ(
939 887 1086 927 caedem
1109 887 1371 943 deposcerent
1392 889 1572 929 ordinem
1586 918 1599 938 ,
1624 886 1736 940 cujus
1758 886 1967 942 splendore

591 962 613 983 >›
625 951 662 987 ὃ(
678 946 805 1001 gloria
820 977 833 997 ‚
853 948 984 988 sordes
1004 954 1043 989 &
1060 949 1343 991 obscuritatem
1355 950 1663 992 Vitellianarum
1678 952 1847 1006 partium
1861 948 1967 1005 pers—

588 1011 857 1063 »t1·ingimus?
884 1012 1081 1052 Nationes
1104 1012 1252 1066 aliquas
1275 1015 1491 1069 occupavit
1509 1012 1724 1062 Vitellius,
1750 1013 1967 1067 imaginem

588 1087 610 1108 »
622 1073 831 1124 quamdam
855 1075 1051 1115 exercitus
1074 1075 1217 1115 habet:
1245 1076 1400 1116 senatus
1423 1075 1631 1116 nobiscum
1652 1077 1717 1116 est.
1740 1077 1807 1116 Sic
1827 1076 1869 1115 fit
1884 1104 1897 1124 ,
1922 1087 1965 1114 ut

587 1135 715 1175 »hinc
738 1135 961 1191 respublica
976 1166 989 1186 ,
1012 1137 1106 1177 inde
1131 1139 1258 1178 hostes
1280 1138 1505 1195 reipublicce
1533 1140 1792 1179 constiterint.
1816 1137 1926 1192 Quid
1950 1139 1963 1175 ἓ

587 1211 691 1237 »vos
715 1196 1025 1252 pulcherrimam
1048 1201 1151 1241 hanc
1173 1201 1346 1253 Urbem,
1377 1201 1560 1243 domibus
1582 1206 1623 1242 &
1640 1203 1777 1251 tectis‚
1803 1205 1843 1242 &
1866 1215 1964 1241 con-

586 1275 608 1296 >2
619 1260 728 1313 gestu
748 1259 952 1316 lapidum,
977 1264 1072 1303 stare
1094 1264 1280 1304 creditis?
1306 1266 1425 1306 Muta
1446 1266 1512 1305 ista
1540 1268 1579 1304 ὃ(
1599 1266 1773 1304 inanima
1800 1264 1966 1304 interci-

585 1322 711 1362 >›dere
729 1352 741 1372 ,
769 1339 814 1364 ac
842 1328 1011 1380 reparari
1036 1327 1261 1381 promiscua
1280 1328 1390 1368 sunt:
1422 1329 1614 1368 aeternitas
1639 1342 1769 1368 rerum
1787 1356 1798 1377 ,
1826 1331 1865 1368 &
1886 1339 1964 1382 pax

584 1387 799 1439 »gentium
813 1416 826 1436 ,
852 1391 892 1427 ὅ(
911 1403 999 1428 mea
1019 1404 1111 1428 cum
1130 1389 1253 1430 vestra
1272 1389 1372 1432 salus
1388 1420 1400 1441 ,
1426 1389 1703 1431 incolumitate
1724 1391 1879 1431 senatus
1900 1390 1964 1428 fir-

585 1463 608 1484 >›
620 1462 760 1490 matur.
785 1450 909 1491 Hunc
933 1451 1135 1506 auspicato
1158 1467 1179 1492 a
1203 1468 1364 1508 parente
1389 1458 1429 1494 ὅ(
1453 1454 1663 1494 conditore
1686 1453 1801 1493 Urbis
1826 1454 1960 1493 nostrae

584 1511 837 1552 »institutum
854 1543 866 1563 ‚
896 1517 935 1554 ὃς
958 1530 978 1554 a
998 1514 1155 1568 regibus
1177 1516 1299 1569 usque
1322 1517 1369 1558 ad
1398 1517 1600 1572 Principes
1623 1517 1885 1566 continuum,
1919 1519 1960 1555 ὃς

583 1574 884 1616 »immortalem
900 1606 913 1626 ,
940 1577 1039 1618 ficut
1060 1593 1081 1617 a
1106 1575 1320 1629 majoribus
1341 1581 1567 1634 accepimus
1582 1608 1594 1629 ‚
1621 1579 1670 1620 fic
1698 1580 1859 1635 posteris
1882 1591 1959 1618 tra-

582 1651 604 1672 >2
615 1636 765 1678 damus.
786 1640 895 1679 Nam
917 1653 963 1680 ut
983 1655 1033 1680 ex
1054 1639 1167 1681 vobis
1187 1641 1385 1683 senatores
1399 1671 1412 1694 ‚
1434 1644 1489 1683 ita
1510 1656 1560 1683 ex
1580 1641 1825 1683 senatoribus
1846 1642 1959 1682 Prin-

582 1700 724 1754 »cipes
745 1701 958 1743 nascuntur
981 1720 1023 1743 ³).

644 1762 890 1807 LXXXV.
924 1765 988 1806 EA
1015 1769 1143 1808 oratio
1161 1768 1208 1808 ad
1224 1769 1542 1825 perstringendos
1558 1767 1870 1822 mulcendosque
1888 1768 1959 1807 mi-

580 1822 697 1864 litum
721 1828 898 1878 animos,
926 1833 965 1869 &
1002 1829 1219 1871 severitatis
1239 1832 1380 1873 modus
1410 1835 1425 1884 (
1446 1847 1575 1886 neque
1601 1833 1708 1872 enim
1736 1833 1777 1871 in
1798 1829 1929 1886 plures
1944 1860 1958 1881 ‚

582 1886 699 1940 quam
721 1890 761 1928 in
784 1890 883 1931 duos
908 1892 1169 1934 animadverti
1191 1892 1382 1946 jusserat)
1407 1896 1517 1950 grate
1539 1908 1705 1951 accepta
1720 1923 1732 1944 ‚
1762 1894 1960 1949 composi-

582 1950 690 2004 tique
708 1952 756 1993 ad
771 1954 958 2008 praesens,
986 1957 1053 2009 qui
1070 1959 1247 1998 coerceri
1265 1973 1347 1999 non
1362 1971 1560 2014 poterant.
1576 1960 1675 1999 Non
1699 1971 1833 1997 tamen
1849 1958 1959 2010 quies

1328 2078 1341 2091 ²
1365 2073 1474 2103 CAPUT
1493 2072 1639 2109 IMPERII]
1671 2072 1747 2102 Non
1777 2070 1878 2101 hercle
1911 2071 1957 2101 illi

1290 2112 1455 2148 Germani,
1476 2122 1553 2150 quos
1568 2113 1638 2142 cum
1657 2111 1793 2141 maxime
1811 2110 1956 2141 Vitellius

1288 2150 1321 2180 in
1343 2161 1400 2181 nos
1420 2151 1501 2186 ciet,
1529 2151 1642 2181 audent
1668 2150 1842 2186 senatore3‚
1867 2158 1957 2188 caput

1288 2190 1432 2229 imperii,
1448 2191 1482 2221 &
1498 2190 1640 2220 omnium
1654 2189 1886 2227 provinciarum
1896 2190 1954 2219 de-

1287 2239 1377 2264 cora,
1398 2230 1436 2259 ad
1462 2239 1585 2267 poenam
1600 2238 1715 2259 vocare
1733 2228 1867 2262 :vosne‚
1882 2238 1956 2266 prae-

1286 2268 1419 2305 tor-iani,
1456 2268 1549 2298 ltaliae
1588 2268 1724 2304 alumni,
1751 2268 1784 2298 &
1812 2268 1953 2297 Romana

1286 2310 1358 2337 vere
1372 2308 1517 2345 juventus
1528 2331 1536 2344 ,
1552 2308 1590 2337 ad
1605 2307 1782 2345 sanguinem
1794 2306 1827 2335 &
1839 2306 1954 2336 caedem

1286 2346 1490 2385 deposceretis
1507 2346 1649 2376 ordinem
1660 2369 1669 2381 ,
1690 2346 1776 2382 cujus
1789 2344 1955 2382 splendore

1285 2385 1318 2414 ὃ(
1337 2385 1457 2423 gloria,
1480 2385 1583 2415 sordes
1609 2386 1643 2415 &
1666 2384 1884 2414 obscuritatem
1901 2383 1955 2415 Vi-

1284 2424 1480 2455 tellianarum
1491 2424 1624 2463 partium
1646 2423 1873 2463 perstringimus
1884 2423 1895 2452 3

620 2070 627 2083 ¹
652 2066 802 2110 PAR,¹³.ND‘?
826 2071 959 2106 porrus]
976 2070 1024 2100 Sic
1037 2081 1164 2110 quoque
1175 2073 1248 2102 Pau-

579 2102 627 2147 lus
640 2106 780 2147 AEmihus
792 2117 823 2135 m
833 2109 1023 2139 orationead
1036 2110 1150 2140 milites
1167 2112 1247 2148 apud

578 2143 710 2185 {lemm
724 2168 732 2179 ‚
752 2146 852 2177 XLIV
864 2170 872 2182 ,
893 2158 939 2185 34.
953 2148 1042 2177 Unum
1062 2150 1247 2185 imperatorem

576 2191 606 2209 ιη
619 2183 738 2226 exercitu
754 2184 895 2220 providere
909 2187 937 2215 ὅ
947 2187 1079 2225 confidere
1091 2188 1154 2227 quid
1166 2199 1247 2228 agen-

578 2219 685 2260 dumszt
701 2221 813 2261 deher23
829 2235 901 2253 nunc
917 2228 1004 2264 perse
1015 2251 1023 2263 ‚
1045 2237 1117 2256 nunc
1134 2238 1191 2257 cum
1211 2228 1246 2257 iis

576 2269 641 2297 quos
661 2260 835 2291 advocaverit
852 2264 879 2292 in
896 2264 1030 2303 confilium
1042 2278 1051 2293 :
1071 2266 1115 2304 qui
1128 2266 1246 2305 nonstnt

577 2298 725 2336 advocati,
740 2311 785 2330 eos
805 2312 854 2331 nec
876 2303 988 2341 palam,
1009 2314 1056 2333 nec
1070 2305 1174 2343 ficret&
1188 2307 1246 2344 jac-

576 2346 638 2366 tare
650 2348 696 2368 con
711 2339 820 2383 iliafim
834 2364 840 2371 .
854 2364 860 2370 .
874 2365 881 2372 .
907 2342 940 2371 In
960 2354 1008 2381 quo
1025 2344 1145 2373 exercitu
1155 2369 1163 2382 ‚
1177 2345 1246 2374 mili-

571 2385 631 2420 tes,
649 2378 738 2417 confitl
759 2379 788 2408 {r
805 2381 950 2416 imperator
962 2405 970 2418 ,
996 2383 1146 2412 rumoribus
1166 2383 1243 2424 vulgi

570 2424 813 2458 czrcumagunzur,
833 2420 870 2450 ihi
884 2420 1086 2460 nihil-salutare
1105 2423 1160 2462 effi’.

1999 837 2048 863 10

1997 1150 2044 1188 ¹5

1989 1465 2043 1493 20
