2209 3047
587 180 675 227 480
776 167 995 210 NOTAE
1048 164 1133 204 ET
1181 162 1764 211 EMENDATIONES

641 249 840 284 INsIsrsz
864 243 1066 286 JUBERET]
1095 240 1162 277 Ms.
1183 240 1294 276 Corb.
1325 240 1483 288 confistere
1509 243 1640 284 juberet.

639 298 787 332 RECENS
813 304 999 329 vmromp.
1018 294 1157 336 MILES]
1187 290 1241 325 Ita
1256 289 1365 338 vulgo
1380 290 1454 326 ΜΠ.
1469 290 1646 329 editiones
1664 296 1839 330 veteres&
1850 307 1970 334 recen-

593 349 714 383 tiores,
743 343 906 392 Ryckius
943 354 961 377 e
988 341 1052 377 suo
1080 340 1146 376 Ms.
1180 341 1266 388 Agr.
1294 339 1439 384 edidit,
1479 346 1592 377 recenti
1617 345 1754 378 mast'ona‘
1781 346 1879 381 miles.
1907 347 1968 384 Sic

592 408 738 447 quoque
762 393 870 429 habet
897 391 963 428 Ms.
976 389 1089 427 Corb.

639 445 702 481 UT
722 447 844 489 ssom]
873 441 939 478 Ms.
960 440 1074 477 Corb.
1094 450 1128 474 ut
1144 440 1250 475 honus.
1278 440 1459 489 Corrupte
1479 440 1592 477 editio
1614 443 1780 491 princeps
1794 471 1804 486 ,
1821 456 1854 480 ut
1867 445 1968 480 honis.

642 543 748 582 CAP.
767 541 968 579 LXXVIII.
998 541 1191 577 Ocmcum
1214 543 1231 584 ]
1262 539 1359 577 Bene
1393 541 1456 576 Ms.
1482 541 1570 589 Agr.
1593 541 1754 584 vakius
1778 544 1811 578 ὃς
1836 542 1970 579 Recen-

590 596 711 631 tiores.
730 593 825 629 Male
846 592 909 628 Ms.
934 592 1024 639 Reg.
1047 593 1081 625 ὃς
1103 588 1216 624 editio
1234 590 1397 638 princeps
1414 621 1421 635 ,
1454 591 1605 626 Ozrzculi.
1621 585 1800 639 Corrupte
1817 591 1882 627 Ms.
1897 592 1965 629 Jes.

591 646 730 680 Ariculi.
757 644 939 678 Ocriculum
953 649 1201 689 memoraturla
1215 639 1334 676 Plinio
1346 640 1401 676 111
1416 671 1423 683 ‚
1444 640 1573 689 yse&
1589 654 1626 688 9.
1647 645 1806 690 θ’κρίκλων
1821 655 1967 692 quoque

592 693 755 731 meminit
776 691 902 728 Strabo
927 690 1006 724 libr.
1021 689 1062 725 V.
1080 700 1161 737 pag.
1181 701 1268 736 227.

641 744 784 781 PRAVAE
816 743 962 784 MORAE]
989 738 1064 774 Mff.
1081 738 1194 774 Corb.
1211 742 1244 775 ὃς
1258 739 1343 788 Agr.
1355 752 1463 785 parvae
1480 753 1584 774 morae.
1968 750 1972 758 ¹

645 793 731 830 NEC
760 802 934 827 DEFUERE
961 792 978 834 ]
1008 788 1105 823 Male
1134 788 1199 825 Ms.
1226 790 1312 838 Reg.
1340 791 1372 824 ὅς
1402 789 1515 824 editio
1541 789 1726 838 princeps,
1754 805 1807 827 nec
1829 793 1973 840 defit-erm

648 843 806 878 Arscms
834 844 851 886 ]
882 839 933 874 lta
956 838 1031 874 Mss.
1057 837 1153 873 Flor.
1185 839 1271 888 Reg.
1303 838 1420 875 Guelf.
1449 838 1562 874 editio
1593 839 1758 888 princeps
1783 845 1815 877 &
1847 856 1969 880 recen-

592 894 712 930 tiores,
749 890 824 925 Mss'.
849 888 951 925 Harl.
977 887 1086 923 Bodl.
1110 887 1176 924 Jes.
1201 891 1234 923 &
1257 888 1495 931 Puteolanus,
1523 890 1663 934 absist'llis.

642 942 896 983 NEQtnwssET
926 940 935 984 ]
955 937 1013 973 Sic
1031 937 1107 972 Mss'.
1128 936 1225 973 Flor.
1252 939 1338 987 Reg.
1358 938 1444 986 Agr.
1466 937 1577 974 Corb.
1600 937 1761 975 Ernestus
1782 942 1811 975 &
1833 940 1970 978 Recen-

591 992 711 1029 tiores.
736 991 779 1024 In
806 989 881 1024 ΜΠ.
908 987 1009 1023 Harl.
1033 986 1137 1022 Bodl.
1164 986 1230 1023 Jes.
1255 990 1287 1023 ὃς
1313 987 1491 1024 veteribus
1518 987 1760 1029 editionibus,
1788 993 1943 1038 nequiffbt.

646 1042 742 1076 DUM
770 1049 936 1075 REGEmT
966 1041 983 1083 ]
1005 1038 1102 1072 Bene
1119 1035 1275 1073 Pichena
1293 1040 1327 1073 &
1347 1037 1586 1073 Recentiores.
1609 1037 1647 1072 ln
1668 1039 1742 1073 ΜΠ.
1763 1034 1972 1089 FlorfReg.

593 1090 703 1126 Corb.
734 1089 819 1137 Agr.
846 1091 879 1124 <Sc
906 1087 1066 1124 editione
1092 1085 1277 1135 principe,
1307 1100 1438 1134 regeret.
1467 1087 1545 1125 ΜΠ.
1574 1087 1676 1125 Harl.
1707 1088 1814 1124 Bodl.
1839 1090 1904 1127 Jes.
1933 1081 1972 1128 {Sc

592 1139 831 1182 Puteolanus,
859 1150 986 1186 tegeret.

640 1192 855 1225 PERACTUM
883 1199 1036 1223 BELLUM
1066 1191 1082 1233 ]
1103 1186 1202 1222 Male
1225 1186 1338 1224 editio
1352 1186 1538 1236 princeps,
1560 1199 1713 1236 paratum
1731 1189 1871 1232 bellum;
1894 1201 1972 1226 non

590 1240 677 1279 vero
697 1251 886 1287 patratum,
916 1248 954 1273 ut
973 1237 1082 1273 habet
1105 1236 1250 1286 Lipsius,

641 1341 751 1377 CAP.
779 1338 938 1375 LXXIX.
966 1338 1126 1375 Pssocur.
1155 1337 1265 1374 URBE
1291 1341 1308 1383 ]
1338 1336 1392 1374 Ita
1420 1337 1531 1386 vulgo
1563 1339 1638 1375 Mff.
1672 1342 1705 1375 ὃς
1735 1339 1816 1375 libri
1849 1353 1973 1377 ornnes

592 1391 693 1429 editi.
720 1391 760 1427 In
787 1389 851 1426 Ms.
876 1389 963 1437 Reg.
982 1391 1092 1434 procul
1115 1389 1153 1423 ab
1183 1389 1276 1422 Urbe.
1298 1387 1435 1423 Laudat
1465 1387 1599 1436 Lipsius
1624 1402 1643 1425 e
1673 1389 1740 1425 ΜΓ.
1772 1390 1938 1439 Hispano
1959 1417 1971 1435 ,

592 1441 724 1479 codice
746 1452 874 1488 nempe
900 1437 1155 1479 Covarruviae,
1179 1438 1288 1482 procul
1310 1438 1434 1474 Urbem.

645 1491 701 1526 ET
728 1500 953 1526 ANFRACTUS
982 1492 998 1534 ]
1023 1487 1117 1523 Male
1139 1486 1213 1522 Mff.
1240 1485 1342 1521 Harl.
1368 1486 1475 1522 Bodl.
1500 1487 1565 1523 Jes.
1586 1487 1702 1523 Guelf.
1723 1489 1758 1523 ξφ
1782 1490 1975 1534 confr-abluit.

641 1541 814 1576 TULLtus
843 1539 1063 1575 FLAlenus
1091 1541 1108 1583 ]
1136 1536 1196 1571 Sic
1221 1535 1287 1571 Ms.
1312 1536 1400 1584 Reg.
1428 1539 1460 1571 ὃ(
1483 1535 1565 1571 libri
1584 1549 1706 1572 omnes
1726 1537 1823 1573 editi.
1840 1538 1879 1573 ln
1892 1539 1970 1575 Mff.

593 1590 697 1628 Harl.
721 1589 841 1626 Guelf.
868 1590 903 1625 T.
931 1589 1118 1624 Flavianus.
1146 1585 1309 1622 Secunda
1328 1598 1435 1621 manu
1459 1585 1497 1621 in
1520 1586 1586 1622 Ms.
1614 1586 1716 1622 Harl.
1747 1588 1880 1624 Tullius.
1905 1588 1975 1624 Ms.

595 1641 692 1678 Flor.
717 1641 839 1675 Tulius.
866 1637 933 1674 Ms-
959 1638 1044 1686 Agr.
1071 1637 1186 1675 Julius,

641 1693 756 1726 FOEDA
783 1701 883 1726 FUGA
913 1699 1255 1723 CONSTERNANTUR
1285 1690 1302 1732 ]
1333 1687 1387 1722 Ita
1420 1687 1494 1722 ΜΓΓ.
1523 1690 1555 1723 &
1592 1687 1673 1722 libri
1698 1686 1796 1723 editi.
1827 1688 1978 1723 Beroal-

596 1741 678 1784 dus,
702 1752 890 1789 operarum
916 1737 998 1773 sane
1030 1750 1170 1779 errore,
1204 1737 1452 1783 consternuntur.
1479 1737 1607 1774 Mallet
1644 1737 1699 1773 Cl.
1725 1737 1911 1781 Ernestus‚
1942 1741 1976 1773 in

587 1792 710 1838 foedam
725 1791 844 1839 fugam
858 1803 869 1834 3
885 1799 923 1825 ut
939 1786 1034 1837 apud
1049 1787 1192 1824 Livium
1207 1815 1217 1830 ,
1234 1787 1265 1822 Χ
1279 1815 1289 1831 ,
1314 1800 1377 1837 43.
1392 1789 1529 1834 Repente
1547 1791 1579 1822 in
1590 1788 1710 1836 fugam
1725 1788 1974 1836 consternantur·

646 1891 754 1927 CAP.
782 1889 921 1925 LXXX.
948 1890 1065 1925 ARMA
1094 1901 1204 1926 CEPIT
1231 1893 1247 1935 ]
1275 1889 1371 1926 Male
1398 1900 1533 1926 veteres
1556 1889 1754 1933 editiones,
1784 1892 1885 1937 coepit.

645 1941 760 1976 TELIS
786 1945 803 1986 ]
828 1939 966 1976 Frustra
987 1950 1100 1975 tentat
1126 1939 1312 1982 Heinsius,
1339 1941 1419 1987 quod
1442 1944 1548 1987 cuique
1575 1942 1701 1975 obvium
1726 1941 1791 1974 teli.

646 1989 909 2026 DELIGUNTUR
940 2002 1079 2025 LEGA‘rr
1108 1993 1124 2036 ]
1152 1989 1247 2025 Male
1270 1989 1384 2026 editio
1411 1989 1598 2037 princeps,
1625 1990 1820 2031 diriguntur.

647 2039 864 2076 PizffiTExTo
895 2052 1132 2076 REIPUBLICAE
1161 2043 1177 2084 ]
1206 2039 1264 2075 Sic
1291 2039 1366 2075 Mss.
1385 2038 1482 2075 Flor.
1504 2039 1606 2074 Harl.
1624 2039 1731 2076 Bodl.
1758 2039 1823 2075 Jes.
1852 2037 1976 2074 Guelf.

596 2089 688 2126 Eud.
714 2089 953 2132 Puteolanus,
983 2089 1054 2126 Jac.
1080 2089 1291 2125 Gronovius
1317 2092 1349 2124 &
1388 2088 1630 2125 Recentiores.
1664 2088 1704 2124 ln
1729 2089 1794 2124 Ms.
1819 2087 1906 2137 Reg.
1939 2090 1975 2124 &

596 2139 757 2177 editione
784 2140 945 2188 principe
972 2140 1119 2189 aliisque
1141 2138 1348 2178 nonnullis,
1372 2150 1533 2185 praetextu
1562 2140 1751 2184 reipublicoe.

651 2189 950 2225 OCCURRERANT
976 2193 992 2235 ]
1023 2189 1076 2225 Ita
1101 2188 1176 2225 Mss.
1201 2189 1299 2225 Flor.
1321 2188 1406 2237 Reg.
1431 2189 1516 2237 Agr.
1539 2188 1653 2226 editio
1682 2188 1846 2237 princeps
1866 2190 1898 2223 δε
1921 2198 1974 2222 re-

598 2239 785 2276 centiores.
830 2239 905 2274 ΜΠ.
943 2239 1048 2276 Bodl.
1079 2238 1143 2275 Jes.
1173 2241 1206 2274 ὃς
1231 2237 1448 2274 Puteolanus
1474 2266 1484 2281 ,
1516 2250 1727 2275 occurrerunt.
1764 2238 1828 2273 ΜΓ.
1862 2235 1972 2273 Corb.

597 2300 802 2324 occurrerent·

647 2338 868 2374 EXTREMUM
898 2349 1102 2373 Dlscmmmx
1136 2349 1280 2373 ADIERE
1309 2341 1326 2383 ]
1354 2337 1450 2375 Male
1484 2337 1597 2376 editio
1620 2338 1787 2387 princeps
1810 2361 1820 2378 ‚
1853 2335 1894 2370 ad
1915 2347 1973 2369 ex-

595 2401 741 2428 tremum.
763 2387 841 2425 Mff.
866 2386 968 2424 Harl.
993 2386 1058 2425 Jes.
1083 2386 1203 2425 Guelf.
1229 2389 1328 2424 adire.

1706 2458 1968 2505 ARULENUs]
