2230 3047
333 166 866 211 HISTORIARUM
910 164 1130 206 LIBER
1177 166 1468 207 PRIMUS.
1543 177 1592 213 19

209 262 333 290 »ante
355 247 496 290 oculos
516 250 630 289 Nero
646 277 660 298 ‚
688 260 832 301 quem,
853 244 976 300 longa
1003 245 1200 286 Caesarum
1224 246 1320 287 serie
1342 259 1565 287 tumentem
1580 271 1593 292 ,
1614 262 1728 298 -†-

211 330 233 351 >2
244 328 326 353 non
354 312 543 361 Vindex,
570 326 664 352 cum
699 309 841 350 inermi
861 306 1070 364 provincia
1099 313 1108 330 ¹
1127 337 1140 358 ‚
1170 322 1236 348 aut
1267 323 1370 362 ego,
1401 323 1494 349 cum
1516 304 1596 348 unzi
1614 294 1726 368 Agss'zc'

211 374 406 429 »legione
422 378 436 394 ²
450 404 463 424 ,
488 374 554 414 sed
570 374 636 413 sua
650 373 874 412 immanitas
888 400 901 421 ‚
926 372 993 411 sua
1004 370 1160 410 luxuria
1179 370 1401 411 cervicibus
1423 370 1594 426 publicis
1639 395 1662 418 J,
1674 360 1707 417 C,-

212 436 456 493 »depulere:
485 450 614 488 neque
645 448 727 475 erat
756 433 887 474 adhuc
919 434 1095 474 damnati
1128 434 1324 488 Principis
1352 433 1594 489 exemplum.
1644 440 1697 471 69-

161 505 185 546 5

139 825 191 852 10

143 1141 190 1181 15

140 1454 197 1482 20

215 501 336 541 »Nos
360 497 470 540 bello
486 527 498 548 ‚
515 502 555 538 &
570 497 617 538 ab
643 495 920 537 aestimantibus
948 496 1115 546 adsciti,
1147 511 1240 537 cum
1264 494 1434 545 invidia,
1458 511 1595 549 quam-

213 579 236 600 »
247 564 305 604 vis
334 562 510 617 egregii,
538 561 696 601 erimus.
718 562 786 601 Ne
807 572 942 600 tamen
964 560 1121 600 territus
1144 558 1263 599 fueris
1279 587 1292 608 ‚
1318 558 1344 596 fi
1366 557 1448 598 duae
1470 557 1597 613 legio-

216 640 318 666 »nes
341 630 384 674 ³,
416 625 458 663 in
486 624 566 664 hoc
590 623 766 672 concussi
788 621 893 663 orbis
915 634 1029 663 motu
1044 652 1056 672 ‚
1086 621 1266 662 nondum
1289 620 1510 674 quiescunt.
1530 624 1598 663 Ne

217 688 333 743 »ipse
361 685 522 740 quidem
546 686 596 727 ad
632 686 787 727 securas
813 699 873 726 res
902 684 1064 726 accessi:
1103 689 1142 725 ὃς
1171 681 1304 724 audita
1345 683 1562 738 adoptione
1586 712 1599 733 ‚

217 750 422 791 »desinam
443 748 570 789 videri
593 748 740 799 senex,
770 747 879 802 quod
901 763 1008 788 nunc
1028 748 1127 787 mihi
1152 762 1276 787 unum
1297 744 1498 796 objicitur.
1520 748 1601 787 Ne-

217 827 294 853 »ro
324 827 345 853 a
370 811 531 868 peffimo
572 826 731 865 quoque
761 811 915 866 semper
953 808 1234 852 desiderabitur
1254 827 1261 850 :
1299 810 1398 849 mihi
1441 824 1488 849 ac
1527 808 1602 848 tibi

217 874 544 931 »providendum
561 875 613 915 est
626 904 640 925 ‚
664 889 713 915 ne
735 875 855 914 etiam
876 889 897 914 a
916 872 1033 914 bonis
1054 873 1304 914 desideretur.
1325 872 1497 912 Monere
1520 871 1602 912 diu-

217 940 352 989 mins,
380 952 507 991 neque
533 939 725 994 temporis
756 934 902 987 hujus;
941 940 981 977 &
1008 935 1220 992 impletum
1247 936 1300 976 est
1327 949 1446 975 omne
1473 934 1602 975 confi-

218 1000 351 1040 »lium
366 1030 379 1051 ‚
410 1000 435 1039 fi
457 1015 496 1041 te
515 998 617 1041 bene
640 999 757 1054 elegi.
780 998 1011 1040 Utilissimus
1033 999 1140 1040 idem
1156 1029 1168 1049 ‚
1193 1014 1239 1039 ac
1260 997 1504 1038 brevissimus
1526 997 1603 1037 bo-

219 1079 391 1104 »narum
415 1062 687 1117 malarumque
709 1077 840 1103 rerum
864 1061 1037 1103 dele&us
1053 1093 1066 1112 ‚
1095 1063 1273 1116 cogitare
1289 1091 1302 1111 ,
1331 1061 1426 1114 quid
1447 1074 1513 1101 aut
1534 1075 1603 1101 vo-

222 1125 373 1167 »lueris
398 1125 467 1166 sub
490 1125 570 1167 alio
592 1127 776 1181 Principe
791 1155 803 1175 ,
830 1140 897 1166 aut
921 1124 1109 1166 nolueris.
1132 1126 1277 1178 Neque
1307 1126 1414 1164 enim
1438 1125 1505 1164 hic
1522 1152 1534 1173 ,
1559 1136 1606 1163 ut

221 1190 297 1230 »in
322 1190 464 1232 ceteris
491 1188 704 1244 gentibus,
731 1203 813 1243 qua:
839 1202 1082 1243 regnantur,
1109 1200 1217 1229 certa
1247 1187 1501 1227 dominorum
1531 1185 1606 1226 do-

222 1267 342 1294 »mus
358 1282 371 1304 ,
398 1256 439 1293 &
465 1253 589 1293 ceteri
630 1252 754 1292 servi:
785 1251 852 1293 sed
877 1253 1139 1307 imperaturus
1166 1265 1206 1292 es
1247 1249 1476 1290 hominibus
1493 1278 1505 1299 ‚
1537 1249 1606 1303 qui

220 1331 330 1357 »nec
350 1328 479 1357 totam
495 1315 728 1356 servitutem
744 1316 826 1371 pati
850 1314 1009 1371 possunt
1024 1320 1056 1364 4,
1079 1330 1154 1355 nec
1172 1326 1299 1354 totam
1321 1311 1546 1352 libertatem
1563 1329 1583 1347 »
1595 1342 1604 1352 .

223 1379 276 1420 Et
300 1378 430 1420 Galba
467 1378 656 1433 quidem,
683 1379 768 1419 haec
796 1393 842 1419 ac
871 1377 990 1428 talia,
1018 1392 1221 1432 tamquam
1247 1377 1474 1431 Principem
1497 1374 1610 1420 face-2

223 1455 310 1490 ret3
342 1443 493 1492 ceteri,
523 1455 727 1496 tamquam
757 1456 851 1482 cum
874 1441 978 1482 fabio
1007 1440 1288 1496 loquebantur.

286 1505 440 1547 XVII.
475 1506 699 1547 PlsONEM
730 1504 863 1545 ferunt
889 1505 1016 1545 statim
1042 1502 1290 1545 intuentibus
1305 1506 1362 1554 ,δε
1391 1516 1487 1542 mox
1510 1515 1609 1541 con-

225 1566 335 1621 jeffis
362 1570 404 1609 in
429 1583 521 1610 eum
547 1569 729 1609 omnium
756 1566 886 1609 oculis
901 1597 914 1618 ,
943 1566 1099 1608 nullum
1120 1565 1293 1616 turbati,
1321 1578 1388 1606 aut
1413 1564 1609 1606 exsultan-

226 1633 305 1682 tis,
334 1633 457 1672 animi
480 1645 638 1672 motum
664 1630 888 1686 prodidisse.
916 1632 1057 1672 Sermo
1084 1646 1177 1686 erga
1202 1643 1354 1685 patrem
1384 1629 1611 1683 Imperato-

227 1709 391 1749 remque
410 1709 593 1736 reverens
608 1723 620 1744 ,
652 1694 701 1734 de
722 1694 760 1734 se
786 1693 1013 1734 moderatus
1029 1723 1042 1744 ‚
1068 1693 1171 1733 nihil
1190 1693 1231 1732 in
1253 1691 1368 1732 vultu
1391 1690 1610 1744 habituque

229 1771 448 1799 mutatum:
479 1758 583 1812 quasi
608 1759 800 1813 imperare
837 1755 963 1812 posset
986 1758 1141 1812 magis,
1178 1754 1295 1810 quam
1329 1753 1465 1795 vellet.
1495 1753 1610 1794 Con-

230 1819 419 1862 sultatum
439 1821 531 1861 inde
548 1850 561 1871 ‚
586 1837 607 1857 (ε
623 1835 694 1877 pro
710 1821 837 1861 rostris
851 1850 863 1869 ,
879 1835 929 1860 an
946 1821 985 1860 in
1004 1821 1160 1870 senatu,
1179 1835 1227 1860 an
1242 1821 1282 1859 in
1299 1818 1428 1859 castris
1447 1817 1612 1872 adoptio

230 1902 252 1922 2)
262 1897 558 1940 nuncuparetur
571 1901 591 1921 »
603 1915 612 1924 .
624 1901 644 1920 «
659 1883 713 1923 Iri
729 1885 769 1923 in
784 1884 905 1924 castra
917 1900 938 1920 »
949 1881 1117 1939 placuit:
1134 1900 1155 1919 «
1172 1882 1441 1923 honorificum
1456 1881 1495 1921 id
1507 1880 1615 1920 mili-

230 1947 368 1988 »tibus
391 1947 504 1998 fore,
527 1961 697 2002 quorum
719 1946 897 1987 favorem
914 1975 927 1997 ,
956 1960 1001 1988 ut
1026 1945 1240 2002 largitione
1269 1950 1310 1986 ὃ(
1332 1943 1483 1986 ambitu
1509 1943 1614 1984 male

233 2010 419 2066 »adquiri
434 2041 448 2063 ,
476 2012 530 2051 ita
555 2009 773 2066 per'bonas
798 2022 898 2050 artes
926 2010 1032 2051 haud
1060 2009 1325 2066 spernendum
1355 2026 1397 2049 ».
1428 2007 1616 2049 Circum-

233 2135 388 2206 ηἰᾳιᾷῐηοε
409 2136 606 2177 optimosque
621 2136 794 2177 Principes,
811 2138 904 2177 quam

236 2185 252 2207 e
267 2185 277 2204 1
301 2185 322 2205 1.

280 2185 297 2233 ‘g
314 2216 825 2254 CUM1NERM1PRov1uciA]Cum
836 2217 906 2247 Gal-

235 2252 347 2322 }igfain
375 2254 435 2294 qua
456 2256 541 2287 nulla
556 2265 642 2286 erant
657 2255 819 2294 legionum
834 2266 908 2294 prae-

277 2336 290 2351 ²
312 2334 379 2362 Um.
405 2337 565 2373 aniourz]
584 2334 728 2373 Legione
751 2333 854 2369 sexta,
874 2342 908 2364 ut

237 2369 358 2402 dicetur
377 2371 457 2403 infra
476 2373 550 2403 Hist.
572 2376 598 2405 V
612 2398 621 2407 .
648 2378 693 2404 16.
716 2374 818 2411 Vulgo
842 2373 908 2402 His-

235 2409 336 2450 paniae
367 2411 464 2444 tribus
498 2413 677 2453 legionibus
704 2413 909 2446 habebantur.

947 2136 1029 2167 Vide
1049 2137 1151 2167 Annal
1184 2138 1225 2168 IV
1239 2160 1247 2172 ,
1274 2146 1300 2175 5.
1317 2138 1416 2167 Notas
1439 2147 1566 2176 quoque
1581 2135 1615 2168 δί

947 2177 1188 2207 Emendationes
1210 2177 1248 2206 ad
1272 2177 1345 2206 Hist.
1364 2177 1409 2212 11,
1426 2180 1457 2207 6.

966 2221 996 2260 '3
1017 2216 1096 2259 ‘Duffi
1119 2225 1267 2247 remon-Es
1290 2217 1305 2253 ]
1328 2215 1500 2247 Germanice
1529 2214 1617 2254 supe-

949 2265 1051 2285 noris.

988 2298 1001 2317 4
1023 2296 1097 2325 Pim
1120 2304 1253 2324 possum
1273 2295 1287 2331 ]
1305 2295 1376 2325 Haec
1389 2294 1506 2324 Galba:
1528 2293 1617 2322 aliter

951 2333 1070 2363 dixisset
1092 2333 1238 2363 Tiberius
1252 2357 1260 2370 ‚
1274 2334 1328 2378 qui
1345 2335 1558 2363 Romanorum
1572 2332 1618 2360 in-

950 2372 1050 2411 genia,
1067 2372 1252 2413 imperiique
1264 2383 1329 2406 vim
1338 2375 1371 2404 ὅς
1381 2382 1460 2403 artes
1472 2372 1618 2409 altiuspe-

950 2420 1138 2444 netravcrat·
1423 2452 1431 2459 ·

1350 2455 1384 2495 C
1405 2469 1430 2507 ι]
