<?xml version="1.0" encoding="UTF-8"?>
<!DOCTYPE html PUBLIC "-//W3C//DTD XHTML 1.0 Transitional//EN"
    "http://www.w3.org/TR/xhtml1/DTD/xhtml1-transitional.dtd">
<html xmlns="http://www.w3.org/1999/xhtml" xml:lang="en" lang="en">
 <head>
  <title>
</title>
<meta http-equiv="Content-Type" content="text/html;charset=utf-8" />
  <meta name='ocr-system' content='tesseract 3.04.00' />
  <meta name='ocr-capabilities' content='ocr_page ocr_carea ocr_par ocr_line ocrx_word'/>
</head>
<body>
  <div class='ocr_page' id='page_1' title='image "./operabro03taciuoft_0063.png"; bbox 0 0 2230 3047; ppageno 0'>
   <div class='ocr_carea' id='block_1_1' title="bbox 185 504 210 544">
    <p class='ocr_par' dir='ltr' id='par_1_1' title="bbox 185 504 210 544">
     <span class='ocr_line' id='line_1_1' title="bbox 185 504 210 544; baseline 0 0"><span class='ocrx_word' id='word_1_1' title='bbox 185 504 210 544; x_wconf 86' lang='lat'>5</span> 
     </span>
    </p>
   </div>
   <div class='ocr_carea' id='block_1_2' title="bbox 160 826 207 852">
    <p class='ocr_par' dir='ltr' id='par_1_2' title="bbox 160 826 207 852">
     <span class='ocr_line' id='line_1_2' title="bbox 160 826 207 852; baseline 0 0"><span class='ocrx_word' id='word_1_2' title='bbox 160 826 174 852; x_wconf 89' lang='lat'>1</span> <span class='ocrx_word' id='word_1_3' title='bbox 187 826 207 852; x_wconf 90' lang='lat'><em>0</em></span> 
     </span>
    </p>
   </div>
   <div class='ocr_carea' id='block_1_3' title="bbox 158 1136 205 1176">
    <p class='ocr_par' dir='ltr' id='par_1_3' title="bbox 158 1136 205 1176">
     <span class='ocr_line' id='line_1_3' title="bbox 158 1136 205 1176; baseline 0 0"><span class='ocrx_word' id='word_1_4' title='bbox 158 1136 205 1176; x_wconf 86' lang='lat'>¹5</span> 
     </span>
    </p>
   </div>
   <div class='ocr_carea' id='block_1_4' title="bbox 151 1456 208 1483">
    <p class='ocr_par' dir='ltr' id='par_1_4' title="bbox 151 1456 208 1483">
     <span class='ocr_line' id='line_1_4' title="bbox 151 1456 208 1483; baseline 0.018 -1"><span class='ocrx_word' id='word_1_5' title='bbox 151 1456 208 1483; x_wconf 76' lang='lat'>2&lt;2</span> 
     </span>
    </p>
   </div>
   <div class='ocr_carea' id='block_1_5' title="bbox 400 166 1625 223">
    <p class='ocr_par' dir='ltr' id='par_1_5' title="bbox 400 166 1625 223">
     <span class='ocr_line' id='line_1_5' title="bbox 400 166 1625 223; baseline 0.003 -13"><span class='ocrx_word' id='word_1_6' title='bbox 400 166 879 211; x_wconf 88' lang='lat' dir='ltr'><strong>HISTORIARUM</strong></span> <span class='ocrx_word' id='word_1_7' title='bbox 912 167 1110 209; x_wconf 90' lang='lat' dir='ltr'>LIBER</span> <span class='ocrx_word' id='word_1_8' title='bbox 1144 171 1403 213; x_wconf 85' lang='lat' dir='ltr'><strong>PRIMUS.</strong></span> <span class='ocrx_word' id='word_1_9' title='bbox 1563 186 1625 223; x_wconf 72' lang='lat'>49</span> 
     </span>
    </p>
   </div>
   <div class='ocr_carea' id='block_1_6' title="bbox 235 248 1628 1886">
    <p class='ocr_par' dir='ltr' id='par_1_6' title="bbox 235 248 1621 746">
     <span class='ocr_line' id='line_1_6' title="bbox 237 248 1621 308; baseline 0.002 -20"><span class='ocrx_word' id='word_1_10' title='bbox 237 261 319 288; x_wconf 87' lang='lat' dir='ltr'>non</span> <span class='ocrx_word' id='word_1_11' title='bbox 341 262 462 303; x_wconf 89' lang='lat' dir='ltr'>penes</span> <span class='ocrx_word' id='word_1_12' title='bbox 482 248 771 305; x_wconf 83' lang='lat' dir='ltr'>rempublicam</span> <span class='ocrx_word' id='word_1_13' title='bbox 802 255 811 271; x_wconf 87' lang='lat'>¹</span> <span class='ocrx_word' id='word_1_14' title='bbox 837 248 961 288; x_wconf 89' lang='lat' dir='ltr'>fuisse.</span> <span class='ocrx_word' id='word_1_15' title='bbox 983 248 1180 289; x_wconf 88' lang='lat' dir='ltr'>Ardorem</span> <span class='ocrx_word' id='word_1_16' title='bbox 1202 253 1451 292; x_wconf 81' lang='lat' dir='ltr'>exercituum</span> <span class='ocrx_word' id='word_1_17' title='bbox 1473 251 1621 308; x_wconf 84' lang='lat' dir='ltr'>Agrip-</span> 
     </span>
     <span class='ocr_line' id='line_1_7' title="bbox 237 310 1619 368; baseline 0.004 -19"><span class='ocrx_word' id='word_1_18' title='bbox 237 311 418 366; x_wconf 85' lang='lat' dir='ltr'><strong>pinenses</strong></span> <span class='ocrx_word' id='word_1_19' title='bbox 434 341 448 362; x_wconf 84' lang='lat'>,</span> <span class='ocrx_word' id='word_1_20' title='bbox 486 312 679 363; x_wconf 85' lang='lat' dir='ltr'>Treveri,</span> <span class='ocrx_word' id='word_1_21' title='bbox 714 312 921 366; x_wconf 85' lang='lat' dir='ltr'>Lingones</span> <span class='ocrx_word' id='word_1_22' title='bbox 944 310 1149 365; x_wconf 81' lang='lat' dir='ltr'>aequabant</span> <span class='ocrx_word' id='word_1_23' title='bbox 1166 342 1178 361; x_wconf 85' lang='lat'><em>‚</em></span> <span class='ocrx_word' id='word_1_24' title='bbox 1206 329 1227 348; x_wconf 74' lang='grc' dir='ltr'>(ε</span> <span class='ocrx_word' id='word_1_25' title='bbox 1258 314 1430 365; x_wconf 82' lang='lat' dir='ltr'>auxilia,</span> <span class='ocrx_word' id='word_1_26' title='bbox 1463 330 1586 368; x_wconf 88' lang='lat' dir='ltr'>equos</span> <span class='ocrx_word' id='word_1_27' title='bbox 1607 344 1619 365; x_wconf 85' lang='lat'>,</span> 
     </span>
     <span class='ocr_line' id='line_1_8' title="bbox 235 374 1619 433; baseline 0.006 -23"><span class='ocrx_word' id='word_1_28' title='bbox 235 389 374 414; x_wconf 85' lang='lat' dir='ltr'>»arma</span> <span class='ocrx_word' id='word_1_29' title='bbox 390 403 403 425; x_wconf 82' lang='lat'>,</span> <span class='ocrx_word' id='word_1_30' title='bbox 434 377 623 430; x_wconf 82' lang='lat' dir='ltr'>pecunias</span> <span class='ocrx_word' id='word_1_31' title='bbox 644 393 664 411; x_wconf 87' lang='lat'>»</span> <span class='ocrx_word' id='word_1_32' title='bbox 693 375 933 426; x_wconf 83' lang='lat' dir='ltr'>offerentes,</span> <span class='ocrx_word' id='word_1_33' title='bbox 959 388 1004 415; x_wconf 91' lang='lat' dir='ltr'>ut</span> <span class='ocrx_word' id='word_1_34' title='bbox 1026 374 1190 428; x_wconf 89' lang='lat' dir='ltr'>quisque</span> <span class='ocrx_word' id='word_1_35' title='bbox 1217 390 1387 431; x_wconf 88' lang='lat' dir='ltr'>corpore</span> <span class='ocrx_word' id='word_1_36' title='bbox 1404 406 1416 427; x_wconf 92' lang='lat'>,</span> <span class='ocrx_word' id='word_1_37' title='bbox 1445 378 1586 433; x_wconf 86' lang='lat' dir='ltr'>opibus</span> <span class='ocrx_word' id='word_1_38' title='bbox 1607 407 1619 427; x_wconf 88' lang='lat'>,</span> 
     </span>
     <span class='ocr_line' id='line_1_9' title="bbox 238 436 1620 493; baseline 0.004 -18"><span class='ocrx_word' id='word_1_39' title='bbox 238 437 403 490; x_wconf 89' lang='lat' dir='ltr'>ingenio</span> <span class='ocrx_word' id='word_1_40' title='bbox 420 437 585 478; x_wconf 88' lang='lat' dir='ltr'>validus.</span> <span class='ocrx_word' id='word_1_41' title='bbox 608 439 700 478; x_wconf 90' lang='lat' dir='ltr'>Nec</span> <span class='ocrx_word' id='word_1_42' title='bbox 721 439 920 493; x_wconf 77' lang='lat' dir='ltr'>principes</span> <span class='ocrx_word' id='word_1_43' title='bbox 939 438 1061 478; x_wconf 79' lang='lat' dir='ltr'>modo</span> <span class='ocrx_word' id='word_1_44' title='bbox 1085 436 1337 478; x_wconf 88' lang='lat' dir='ltr'>coloniarum</span> <span class='ocrx_word' id='word_1_45' title='bbox 1352 469 1363 487; x_wconf 85' lang='lat'><em>‚</em></span> <span class='ocrx_word' id='word_1_46' title='bbox 1387 454 1453 480; x_wconf 91' lang='lat' dir='ltr'>aut</span> <span class='ocrx_word' id='word_1_47' title='bbox 1475 442 1620 481; x_wconf 86' lang='lat' dir='ltr'>castro-</span> 
     </span>
     <span class='ocr_line' id='line_1_10' title="bbox 239 499 1620 559; baseline 0.003 -20"><span class='ocrx_word' id='word_1_48' title='bbox 239 514 326 539; x_wconf 89' lang='lat' dir='ltr'>rum</span> <span class='ocrx_word' id='word_1_49' title='bbox 340 530 353 550; x_wconf 93' lang='lat'>,</span> <span class='ocrx_word' id='word_1_50' title='bbox 373 499 513 554; x_wconf 90' lang='lat' dir='ltr'>quibus</span> <span class='ocrx_word' id='word_1_51' title='bbox 531 501 733 555; x_wconf 82' lang='lat' dir='ltr'>praesentia</span> <span class='ocrx_word' id='word_1_52' title='bbox 755 514 806 541; x_wconf 85' lang='lat' dir='ltr'>ex</span> <span class='ocrx_word' id='word_1_53' title='bbox 826 501 1006 541; x_wconf 88' lang='lat' dir='ltr'>affluenti</span> <span class='ocrx_word' id='word_1_54' title='bbox 1030 505 1043 521; x_wconf 89' lang='lat'>²</span> <span class='ocrx_word' id='word_1_55' title='bbox 1059 529 1072 550; x_wconf 85' lang='grc'>,</span> <span class='ocrx_word' id='word_1_56' title='bbox 1098 504 1138 540; x_wconf 83' lang='lat'>&amp;</span> <span class='ocrx_word' id='word_1_57' title='bbox 1158 499 1269 555; x_wconf 66' lang='lat' dir='ltr'>parta</span> <span class='ocrx_word' id='word_1_58' title='bbox 1284 503 1447 542; x_wconf 59' lang='lat' dir='ltr'>vicloriii</span> <span class='ocrx_word' id='word_1_59' title='bbox 1468 519 1620 559; x_wconf 78' lang='lat' dir='ltr'>magna:</span> 
     </span>
     <span class='ocr_line' id='line_1_11' title="bbox 238 562 1620 619; baseline 0.004 -17"><span class='ocrx_word' id='word_1_60' title='bbox 238 563 348 618; x_wconf 90' lang='lat' dir='ltr'>spes:</span> <span class='ocrx_word' id='word_1_61' title='bbox 370 563 437 603; x_wconf 87' lang='lat' dir='ltr'>sed</span> <span class='ocrx_word' id='word_1_62' title='bbox 455 562 651 619; x_wconf 86' lang='lat' dir='ltr'>manipuli</span> <span class='ocrx_word' id='word_1_63' title='bbox 671 578 856 617; x_wconf 80' lang='lat' dir='ltr'>quoque,</span> <span class='ocrx_word' id='word_1_64' title='bbox 882 568 923 604; x_wconf 85' lang='lat'>&amp;</span> <span class='ocrx_word' id='word_1_65' title='bbox 948 564 1151 619; x_wconf 83' lang='lat' dir='ltr'>gregarius</span> <span class='ocrx_word' id='word_1_66' title='bbox 1178 562 1293 604; x_wconf 87' lang='lat' dir='ltr'>miles</span> <span class='ocrx_word' id='word_1_67' title='bbox 1309 594 1322 614; x_wconf 86' lang='lat'>,</span> <span class='ocrx_word' id='word_1_68' title='bbox 1352 566 1499 606; x_wconf 85' lang='lat' dir='ltr'>viatica</span> <span class='ocrx_word' id='word_1_69' title='bbox 1521 568 1585 607; x_wconf 89' lang='lat' dir='ltr'>sua</span> <span class='ocrx_word' id='word_1_70' title='bbox 1604 578 1620 618; x_wconf 92' lang='lat'>,</span> 
     </span>
     <span class='ocr_line' id='line_1_12' title="bbox 239 624 1619 682; baseline 0.003 -16"><span class='ocrx_word' id='word_1_71' title='bbox 239 629 280 666; x_wconf 71' lang='grc' dir='ltr'>ὅ(</span> <span class='ocrx_word' id='word_1_72' title='bbox 300 624 452 667; x_wconf 83' lang='lat' dir='ltr'>balteos</span> <span class='ocrx_word' id='word_1_73' title='bbox 475 631 484 654; x_wconf 85' lang='lat'>³</span> <span class='ocrx_word' id='word_1_74' title='bbox 504 656 516 676; x_wconf 88' lang='lat'>‚</span> <span class='ocrx_word' id='word_1_75' title='bbox 543 624 800 681; x_wconf 82' lang='lat' dir='ltr'>phalerasque</span> <span class='ocrx_word' id='word_1_76' title='bbox 814 656 826 677; x_wconf 90' lang='lat'>,</span> <span class='ocrx_word' id='word_1_77' title='bbox 854 627 1019 681; x_wconf 79' lang='lat' dir='ltr'>insignia</span> <span class='ocrx_word' id='word_1_78' title='bbox 1040 641 1240 667; x_wconf 87' lang='lat' dir='ltr'>armorum</span> <span class='ocrx_word' id='word_1_79' title='bbox 1265 642 1431 682; x_wconf 83' lang='lat' dir='ltr'>argento</span> <span class='ocrx_word' id='word_1_80' title='bbox 1453 630 1619 681; x_wconf 83' lang='lat' dir='ltr'>decora,</span> 
     </span>
     <span class='ocr_line' id='line_1_13' title="bbox 238 687 1589 746; baseline 0.003 -18"><span class='ocrx_word' id='word_1_81' title='bbox 238 687 334 729; x_wconf 92' lang='lat' dir='ltr'>loco</span> <span class='ocrx_word' id='word_1_82' title='bbox 356 691 533 744; x_wconf 82' lang='lat' dir='ltr'>pecunia:</span> <span class='ocrx_word' id='word_1_83' title='bbox 553 688 782 730; x_wconf 85' lang='lat' dir='ltr'>tradebant:</span> <span class='ocrx_word' id='word_1_84' title='bbox 810 691 992 729; x_wconf 57' lang='lat' dir='ltr'>instinctu</span> <span class='ocrx_word' id='word_1_85' title='bbox 1006 719 1018 739; x_wconf 87' lang='lat'>,</span> <span class='ocrx_word' id='word_1_86' title='bbox 1044 694 1084 730; x_wconf 66' lang='grc' dir='ltr'>ὃς</span> <span class='ocrx_word' id='word_1_87' title='bbox 1104 692 1257 746; x_wconf 89' lang='lat' dir='ltr'>impetu</span> <span class='ocrx_word' id='word_1_88' title='bbox 1272 721 1285 741; x_wconf 90' lang='lat'>,</span> <span class='ocrx_word' id='word_1_89' title='bbox 1311 695 1351 731; x_wconf 75' lang='grc' dir='ltr'>ὅ(</span> <span class='ocrx_word' id='word_1_90' title='bbox 1374 692 1538 732; x_wconf 61' lang='lat' dir='ltr'>avaritia</span> <span class='ocrx_word' id='word_1_91' title='bbox 1559 698 1589 732; x_wconf 78' lang='lat'>⁴.</span> 
     </span>
    </p>

    <p class='ocr_par' dir='ltr' id='par_1_7' title="bbox 236 752 1628 1679">
     <span class='ocr_line' id='line_1_14' title="bbox 300 752 1621 805; baseline 0.002 -13"><span class='ocrx_word' id='word_1_92' title='bbox 300 752 477 793; x_wconf 91' lang='lat' dir='ltr'><strong>LVIII.</strong></span> <span class='ocrx_word' id='word_1_93' title='bbox 511 753 695 792; x_wconf 64' lang='lat' dir='ltr'>Ioiruiz</span> <span class='ocrx_word' id='word_1_94' title='bbox 709 782 722 803; x_wconf 91' lang='lat'>,</span> <span class='ocrx_word' id='word_1_95' title='bbox 749 752 908 794; x_wconf 68' lang='lat' dir='ltr'>laudata</span> <span class='ocrx_word' id='word_1_96' title='bbox 930 752 1104 792; x_wconf 87' lang='lat' dir='ltr'>militum</span> <span class='ocrx_word' id='word_1_97' title='bbox 1133 753 1363 804; x_wconf 86' lang='lat' dir='ltr'>alacritate,</span> <span class='ocrx_word' id='word_1_98' title='bbox 1396 754 1586 795; x_wconf 84' lang='lat' dir='ltr'>Vitellius</span> <span class='ocrx_word' id='word_1_99' title='bbox 1606 785 1621 805; x_wconf 89' lang='lat'><em>‚</em></span> 
     </span>
     <span class='ocr_line' id='line_1_15' title="bbox 237 815 1622 872; baseline 0.003 -18"><span class='ocrx_word' id='word_1_100' title='bbox 237 815 450 856; x_wconf 87' lang='lat' dir='ltr'>ministeria</span> <span class='ocrx_word' id='word_1_101' title='bbox 469 816 734 872; x_wconf 66' lang='lat' dir='ltr'>principatus,</span> <span class='ocrx_word' id='word_1_102' title='bbox 757 831 826 872; x_wconf 89' lang='lat' dir='ltr'>per</span> <span class='ocrx_word' id='word_1_103' title='bbox 846 815 1010 857; x_wconf 88' lang='lat' dir='ltr'>libertos</span> <span class='ocrx_word' id='word_1_104' title='bbox 1027 818 1092 871; x_wconf 85' lang='lat' dir='ltr'>agi</span> <span class='ocrx_word' id='word_1_105' title='bbox 1110 815 1228 857; x_wconf 84' lang='lat' dir='ltr'>solita</span> <span class='ocrx_word' id='word_1_106' title='bbox 1248 821 1288 867; x_wconf 85' lang='lat'>5,</span> <span class='ocrx_word' id='word_1_107' title='bbox 1310 819 1350 857; x_wconf 90' lang='lat' dir='ltr'>in</span> <span class='ocrx_word' id='word_1_108' title='bbox 1371 819 1522 871; x_wconf 81' lang='lat' dir='ltr'>equites</span> <span class='ocrx_word' id='word_1_109' title='bbox 1539 819 1622 858; x_wconf 83' lang='lat' dir='ltr'>Ro-</span> 
     </span>
     <span class='ocr_line' id='line_1_16' title="bbox 237 878 1619 934; baseline 0.003 -17"><span class='ocrx_word' id='word_1_110' title='bbox 237 893 377 920; x_wconf 89' lang='lat' dir='ltr'>manos</span> <span class='ocrx_word' id='word_1_111' title='bbox 400 878 592 934; x_wconf 88' lang='lat' dir='ltr'>disponit:</span> <span class='ocrx_word' id='word_1_112' title='bbox 611 881 842 921; x_wconf 88' lang='lat' dir='ltr'>vacationes</span> <span class='ocrx_word' id='word_1_113' title='bbox 859 878 876 900; x_wconf 77' lang='lat'><strong><em>⁶</em></strong></span> <span class='ocrx_word' id='word_1_114' title='bbox 893 879 1194 920; x_wconf 84' lang='lat' dir='ltr'>centurionibus</span> <span class='ocrx_word' id='word_1_115' title='bbox 1216 895 1265 920; x_wconf 82' lang='lat' dir='ltr'>ex</span> <span class='ocrx_word' id='word_1_116' title='bbox 1290 881 1387 921; x_wconf 89' lang='lat' dir='ltr'>fisco</span> <span class='ocrx_word' id='word_1_117' title='bbox 1410 895 1591 922; x_wconf 84' lang='lat' dir='ltr'>numerat</span> <span class='ocrx_word' id='word_1_118' title='bbox 1611 899 1619 921; x_wconf 90' lang='lat'>:</span> 
     </span>
     <span class='ocr_line' id='line_1_17' title="bbox 237 941 1624 1000; baseline 0.002 -19"><span class='ocrx_word' id='word_1_119' title='bbox 237 941 425 982; x_wconf 67' lang='lat' dir='ltr'>saevitiam</span> <span class='ocrx_word' id='word_1_120' title='bbox 441 941 614 983; x_wconf 89' lang='lat' dir='ltr'>militum</span> <span class='ocrx_word' id='word_1_121' title='bbox 628 972 640 993; x_wconf 89' lang='lat'>,</span> <span class='ocrx_word' id='word_1_122' title='bbox 662 942 872 998; x_wconf 86' lang='lat' dir='ltr'>plerosque</span> <span class='ocrx_word' id='word_1_123' title='bbox 889 942 937 983; x_wconf 90' lang='lat' dir='ltr'>ad</span> <span class='ocrx_word' id='word_1_124' title='bbox 953 957 1115 998; x_wconf 84' lang='lat' dir='ltr'>poenam</span> <span class='ocrx_word' id='word_1_125' title='bbox 1132 944 1436 998; x_wconf 85' lang='lat' dir='ltr'>exposcentium</span> <span class='ocrx_word' id='word_1_126' title='bbox 1450 976 1462 994; x_wconf 83' lang='lat'>,</span> <span class='ocrx_word' id='word_1_127' title='bbox 1487 944 1624 1000; x_wconf 79' lang='lat' dir='ltr'>saepius</span> 
     </span>
     <span class='ocr_line' id='line_1_18' title="bbox 237 1004 1623 1064; baseline 0.002 -19"><span class='ocrx_word' id='word_1_128' title='bbox 237 1004 431 1060; x_wconf 82' lang='lat' dir='ltr'>approbat</span> <span class='ocrx_word' id='word_1_129' title='bbox 443 1036 455 1055; x_wconf 86' lang='lat'>,</span> <span class='ocrx_word' id='word_1_130' title='bbox 476 1007 619 1061; x_wconf 89' lang='lat' dir='ltr'>partim</span> <span class='ocrx_word' id='word_1_131' title='bbox 636 1005 885 1046; x_wconf 76' lang='lat' dir='ltr'>simulatione</span> <span class='ocrx_word' id='word_1_132' title='bbox 903 1005 1161 1047; x_wconf 87' lang='lat' dir='ltr'>vinculorum</span> <span class='ocrx_word' id='word_1_133' title='bbox 1177 1006 1391 1047; x_wconf 85' lang='lat' dir='ltr'>frustratur.</span> <span class='ocrx_word' id='word_1_134' title='bbox 1408 1008 1623 1064; x_wconf 85' lang='lat' dir='ltr'>Pompeius</span> 
     </span>
     <span class='ocr_line' id='line_1_19' title="bbox 236 1068 1625 1124; baseline 0.001 -16"><span class='ocrx_word' id='word_1_135' title='bbox 236 1068 513 1124; x_wconf 84' lang='lat' dir='ltr'>Propinquus,</span> <span class='ocrx_word' id='word_1_136' title='bbox 545 1083 779 1124; x_wconf 87' lang='lat' dir='ltr'>procurator</span> <span class='ocrx_word' id='word_1_137' title='bbox 809 1068 1011 1124; x_wconf 76' lang='lat' dir='ltr'>Belgicae,</span> <span class='ocrx_word' id='word_1_138' title='bbox 1038 1070 1165 1110; x_wconf 86' lang='lat' dir='ltr'>statim</span> <span class='ocrx_word' id='word_1_139' title='bbox 1197 1070 1437 1111; x_wconf 61' lang='lat' dir='ltr'>interfeffiis.</span> <span class='ocrx_word' id='word_1_140' title='bbox 1471 1070 1625 1116; x_wconf 88' lang='lat' dir='ltr'>Julium</span> 
     </span>
     <span class='ocr_line' id='line_1_20' title="bbox 238 1126 1624 1188; baseline 0.004 -19"><span class='ocrx_word' id='word_1_141' title='bbox 238 1126 491 1182; x_wconf 82' lang='lat' dir='ltr'>Burdonem,</span> <span class='ocrx_word' id='word_1_142' title='bbox 514 1133 764 1173; x_wconf 74' lang='lat' dir='ltr'>Germanicae</span> <span class='ocrx_word' id='word_1_143' title='bbox 780 1131 904 1173; x_wconf 77' lang='lat' dir='ltr'>classis</span> <span class='ocrx_word' id='word_1_144' title='bbox 920 1133 1143 1188; x_wconf 64' lang='lat' dir='ltr'>praefeEium</span> <span class='ocrx_word' id='word_1_145' title='bbox 1155 1163 1168 1183; x_wconf 82' lang='lat'>,</span> <span class='ocrx_word' id='word_1_146' title='bbox 1188 1133 1267 1173; x_wconf 86' lang='lat' dir='ltr'>astu</span> <span class='ocrx_word' id='word_1_147' title='bbox 1284 1132 1488 1174; x_wconf 85' lang='lat' dir='ltr'>subtraxit.</span> <span class='ocrx_word' id='word_1_148' title='bbox 1504 1134 1624 1174; x_wconf 84' lang='lat' dir='ltr'>Exar-</span> 
     </span>
     <span class='ocr_line' id='line_1_21' title="bbox 237 1194 1625 1249; baseline 0.003 -15"><span class='ocrx_word' id='word_1_149' title='bbox 237 1194 340 1235; x_wconf 87' lang='lat' dir='ltr'>serat</span> <span class='ocrx_word' id='word_1_150' title='bbox 359 1196 399 1234; x_wconf 93' lang='lat' dir='ltr'>in</span> <span class='ocrx_word' id='word_1_151' title='bbox 430 1210 522 1235; x_wconf 89' lang='lat' dir='ltr'>eum</span> <span class='ocrx_word' id='word_1_152' title='bbox 546 1196 750 1236; x_wconf 87' lang='lat' dir='ltr'>iracundia</span> <span class='ocrx_word' id='word_1_153' title='bbox 775 1196 973 1236; x_wconf 71' lang='lat' dir='ltr'>exercitus</span> <span class='ocrx_word' id='word_1_154' title='bbox 988 1226 1000 1245; x_wconf 86' lang='lat'>‚</span> <span class='ocrx_word' id='word_1_155' title='bbox 1030 1209 1232 1249; x_wconf 86' lang='lat' dir='ltr'>tamquam</span> <span class='ocrx_word' id='word_1_156' title='bbox 1256 1198 1432 1248; x_wconf 81' lang='lat' dir='ltr'>crimen,</span> <span class='ocrx_word' id='word_1_157' title='bbox 1458 1213 1505 1238; x_wconf 88' lang='lat' dir='ltr'>ac</span> <span class='ocrx_word' id='word_1_158' title='bbox 1527 1212 1625 1239; x_wconf 89' lang='lat' dir='ltr'>mox</span> 
     </span>
     <span class='ocr_line' id='line_1_22' title="bbox 237 1257 1626 1315; baseline 0.004 -19"><span class='ocrx_word' id='word_1_159' title='bbox 237 1257 419 1308; x_wconf 83' lang='lat' dir='ltr'>infidias,</span> <span class='ocrx_word' id='word_1_160' title='bbox 444 1260 619 1300; x_wconf 89' lang='lat' dir='ltr'>Fonteio</span> <span class='ocrx_word' id='word_1_161' title='bbox 642 1258 834 1315; x_wconf 84' lang='lat' dir='ltr'>Capitoni</span> <span class='ocrx_word' id='word_1_162' title='bbox 851 1259 1055 1299; x_wconf 68' lang='lat' dir='ltr'>struxiss‘et.</span> <span class='ocrx_word' id='word_1_163' title='bbox 1075 1260 1200 1300; x_wconf 87' lang='lat' dir='ltr'>Grata</span> <span class='ocrx_word' id='word_1_164' title='bbox 1222 1273 1305 1300; x_wconf 87' lang='lat' dir='ltr'>erat</span> <span class='ocrx_word' id='word_1_165' title='bbox 1328 1262 1522 1301; x_wconf 88' lang='lat' dir='ltr'>memoria</span> <span class='ocrx_word' id='word_1_166' title='bbox 1545 1261 1626 1302; x_wconf 93' lang='lat' dir='ltr'>Ca-</span> 
     </span>
     <span class='ocr_line' id='line_1_23' title="bbox 239 1321 1626 1378; baseline 0.002 -18"><span class='ocrx_word' id='word_1_167' title='bbox 239 1322 410 1376; x_wconf 91' lang='lat' dir='ltr'>pitonis:</span> <span class='ocrx_word' id='word_1_168' title='bbox 433 1325 474 1362; x_wconf 86' lang='lat'>&amp;</span> <span class='ocrx_word' id='word_1_169' title='bbox 498 1322 603 1377; x_wconf 87' lang='lat' dir='ltr'>apud</span> <span class='ocrx_word' id='word_1_170' title='bbox 620 1322 821 1363; x_wconf 80' lang='lat' dir='ltr'>soevie&#39;ntes</span> <span class='ocrx_word' id='word_1_171' title='bbox 842 1322 1029 1363; x_wconf 88' lang='lat' dir='ltr'>occidere</span> <span class='ocrx_word' id='word_1_172' title='bbox 1044 1321 1200 1378; x_wconf 84' lang='lat' dir='ltr'>palam,</span> <span class='ocrx_word' id='word_1_173' title='bbox 1221 1324 1430 1378; x_wconf 79' lang='lat' dir='ltr'>ignoscere</span> <span class='ocrx_word' id='word_1_174' title='bbox 1452 1339 1535 1365; x_wconf 91' lang='lat' dir='ltr'>non</span> <span class='ocrx_word' id='word_1_175' title='bbox 1556 1325 1626 1364; x_wconf 78' lang='lat' dir='ltr'>nisi</span> 
     </span>
     <span class='ocr_line' id='line_1_24' title="bbox 238 1382 1626 1441; baseline 0.002 -18"><span class='ocrx_word' id='word_1_176' title='bbox 238 1382 419 1425; x_wconf 83' lang='lat' dir='ltr'>fallendo</span> <span class='ocrx_word' id='word_1_177' title='bbox 434 1383 594 1426; x_wconf 85' lang='lat' dir='ltr'>licebat.</span> <span class='ocrx_word' id='word_1_178' title='bbox 610 1385 672 1426; x_wconf 88' lang='lat' dir='ltr'>Ita</span> <span class='ocrx_word' id='word_1_179' title='bbox 685 1382 861 1426; x_wconf 62' lang='lat' dir='ltr'>custodia</span> <span class='ocrx_word' id='word_1_180' title='bbox 875 1385 1049 1426; x_wconf 87' lang='lat' dir='ltr'>habitus:</span> <span class='ocrx_word' id='word_1_181' title='bbox 1067 1390 1106 1426; x_wconf 63' lang='grc' dir='ltr'>ἃ</span> <span class='ocrx_word' id='word_1_182' title='bbox 1123 1387 1207 1441; x_wconf 88' lang='lat' dir='ltr'>post</span> <span class='ocrx_word' id='word_1_183' title='bbox 1221 1388 1427 1429; x_wconf 60' lang='lat' dir='ltr'>vicloriam</span> <span class='ocrx_word' id='word_1_184' title='bbox 1442 1387 1626 1439; x_wconf 85' lang='lat' dir='ltr'>demum,</span> 
     </span>
     <span class='ocr_line' id='line_1_25' title="bbox 239 1446 1628 1506; baseline 0.002 -19"><span class='ocrx_word' id='word_1_185' title='bbox 239 1448 363 1488; x_wconf 85' lang='lat' dir='ltr'>stratis</span> <span class='ocrx_word' id='word_1_186' title='bbox 384 1446 463 1500; x_wconf 88' lang='lat' dir='ltr'>jam</span> <span class='ocrx_word' id='word_1_187' title='bbox 485 1447 660 1489; x_wconf 88' lang='lat' dir='ltr'>militum</span> <span class='ocrx_word' id='word_1_188' title='bbox 683 1449 810 1498; x_wconf 85' lang='lat' dir='ltr'>odiis,</span> <span class='ocrx_word' id='word_1_189' title='bbox 837 1448 1010 1489; x_wconf 88' lang='lat' dir='ltr'>dimissus</span> <span class='ocrx_word' id='word_1_190' title='bbox 1035 1450 1100 1489; x_wconf 83' lang='lat' dir='ltr'>est.</span> <span class='ocrx_word' id='word_1_191' title='bbox 1123 1449 1289 1489; x_wconf 89' lang='lat' dir='ltr'>Interim</span> <span class='ocrx_word' id='word_1_192' title='bbox 1303 1480 1315 1499; x_wconf 89' lang='lat'>,</span> <span class='ocrx_word' id='word_1_193' title='bbox 1338 1462 1382 1489; x_wconf 88' lang='lat' dir='ltr'>ut</span> <span class='ocrx_word' id='word_1_194' title='bbox 1399 1449 1628 1506; x_wconf 83' lang='lat' dir='ltr'>piaculum,</span> 
     </span>
     <span class='ocr_line' id='line_1_26' title="bbox 240 1509 1627 1569; baseline 0.001 -17"><span class='ocrx_word' id='word_1_195' title='bbox 240 1509 430 1563; x_wconf 87' lang='lat' dir='ltr'>objicitur</span> <span class='ocrx_word' id='word_1_196' title='bbox 444 1513 628 1553; x_wconf 86' lang='lat' dir='ltr'>centurio</span> <span class='ocrx_word' id='word_1_197' title='bbox 643 1512 849 1567; x_wconf 90' lang='lat' dir='ltr'>Crispinus</span> <span class='ocrx_word' id='word_1_198' title='bbox 864 1541 875 1561; x_wconf 87' lang='lat'><em>‚</em></span> <span class='ocrx_word' id='word_1_199' title='bbox 895 1512 962 1565; x_wconf 92' lang='lat' dir='ltr'>qui</span> <span class='ocrx_word' id='word_1_200' title='bbox 983 1512 1021 1552; x_wconf 89' lang='lat' dir='ltr'>se</span> <span class='ocrx_word' id='word_1_201' title='bbox 1042 1512 1232 1567; x_wconf 85' lang='lat' dir='ltr'>sanguine</span> <span class='ocrx_word' id='word_1_202' title='bbox 1254 1513 1464 1569; x_wconf 87' lang='lat' dir='ltr'>Capitonis</span> <span class='ocrx_word' id='word_1_203' title='bbox 1485 1529 1627 1554; x_wconf 87' lang='lat' dir='ltr'>cruen-</span> 
     </span>
     <span class='ocr_line' id='line_1_27' title="bbox 239 1573 1627 1632; baseline 0.002 -17"><span class='ocrx_word' id='word_1_204' title='bbox 239 1587 412 1616; x_wconf 85' lang='lat' dir='ltr'>taverat:</span> <span class='ocrx_word' id='word_1_205' title='bbox 434 1590 561 1630; x_wconf 88' lang='lat' dir='ltr'>eoque</span> <span class='ocrx_word' id='word_1_206' title='bbox 583 1580 621 1616; x_wconf 76' lang='grc' dir='ltr'>ὅ(</span> <span class='ocrx_word' id='word_1_207' title='bbox 644 1573 932 1632; x_wconf 87' lang='lat' dir='ltr'>postulantibus</span> <span class='ocrx_word' id='word_1_208' title='bbox 951 1575 1219 1627; x_wconf 87' lang='lat' dir='ltr'>manifestior,</span> <span class='ocrx_word' id='word_1_209' title='bbox 1243 1580 1282 1617; x_wconf 72' lang='lat' dir='ltr'>&amp;c</span> <span class='ocrx_word' id='word_1_210' title='bbox 1305 1578 1488 1632; x_wconf 88' lang='lat' dir='ltr'>punienti</span> <span class='ocrx_word' id='word_1_211' title='bbox 1507 1576 1627 1618; x_wconf 81' lang='lat' dir='ltr'>vilior</span> 
     </span>
     <span class='ocr_line' id='line_1_28' title="bbox 239 1637 329 1679; baseline 0.022 -2"><span class='ocrx_word' id='word_1_212' title='bbox 239 1637 329 1679; x_wconf 85' lang='lat' dir='ltr'>fuit.</span> 
     </span>
    </p>

    <p class='ocr_par' dir='ltr' id='par_1_8' title="bbox 239 1701 1627 1886">
     <span class='ocr_line' id='line_1_29' title="bbox 304 1701 1625 1760; baseline 0.003 -18"><span class='ocrx_word' id='word_1_213' title='bbox 304 1702 428 1743; x_wconf 90' lang='lat' dir='ltr'><strong>LIX.</strong></span> <span class='ocrx_word' id='word_1_214' title='bbox 462 1703 640 1747; x_wconf 71' lang='lat' dir='ltr'>JULtUS</span> <span class='ocrx_word' id='word_1_215' title='bbox 668 1703 812 1744; x_wconf 87' lang='lat' dir='ltr'>deinde</span> <span class='ocrx_word' id='word_1_216' title='bbox 835 1702 979 1744; x_wconf 88' lang='lat' dir='ltr'>Civilis</span> <span class='ocrx_word' id='word_1_217' title='bbox 1003 1701 1186 1759; x_wconf 90' lang='lat' dir='ltr'>periculo</span> <span class='ocrx_word' id='word_1_218' title='bbox 1207 1717 1441 1759; x_wconf 82' lang='lat' dir='ltr'>exemptus,</span> <span class='ocrx_word' id='word_1_219' title='bbox 1471 1719 1625 1760; x_wconf 81' lang='lat' dir='ltr'>praepo-</span> 
     </span>
     <span class='ocr_line' id='line_1_30' title="bbox 239 1765 1625 1823; baseline 0.002 -18"><span class='ocrx_word' id='word_1_220' title='bbox 239 1778 327 1806; x_wconf 88' lang='lat' dir='ltr'>tens</span> <span class='ocrx_word' id='word_1_221' title='bbox 350 1766 453 1806; x_wconf 91' lang='lat' dir='ltr'>inter</span> <span class='ocrx_word' id='word_1_222' title='bbox 474 1767 647 1808; x_wconf 85' lang='lat' dir='ltr'>Batavos</span> <span class='ocrx_word' id='word_1_223' title='bbox 664 1797 676 1816; x_wconf 85' lang='lat'>‚</span> <span class='ocrx_word' id='word_1_224' title='bbox 706 1782 756 1807; x_wconf 92' lang='lat' dir='ltr'>ne</span> <span class='ocrx_word' id='word_1_225' title='bbox 779 1765 976 1823; x_wconf 89' lang='lat' dir='ltr'>supplicio</span> <span class='ocrx_word' id='word_1_226' title='bbox 1002 1765 1085 1818; x_wconf 88' lang='lat' dir='ltr'>ejus</span> <span class='ocrx_word' id='word_1_227' title='bbox 1107 1766 1221 1806; x_wconf 84' lang='lat' dir='ltr'>ferox</span> <span class='ocrx_word' id='word_1_228' title='bbox 1246 1781 1342 1821; x_wconf 80' lang='lat' dir='ltr'>gens</span> <span class='ocrx_word' id='word_1_229' title='bbox 1375 1766 1625 1808; x_wconf 85' lang='lat' dir='ltr'>alienaretur.</span> 
     </span>
     <span class='ocr_line' id='line_1_31' title="bbox 239 1827 1627 1886; baseline 0.001 -18"><span class='ocrx_word' id='word_1_230' title='bbox 239 1827 292 1869; x_wconf 91' lang='lat' dir='ltr'>Et</span> <span class='ocrx_word' id='word_1_231' title='bbox 307 1841 417 1871; x_wconf 88' lang='lat' dir='ltr'>erant</span> <span class='ocrx_word' id='word_1_232' title='bbox 433 1831 474 1869; x_wconf 91' lang='lat' dir='ltr'>in</span> <span class='ocrx_word' id='word_1_233' title='bbox 491 1831 653 1871; x_wconf 86' lang='lat' dir='ltr'>civitate</span> <span class='ocrx_word' id='word_1_234' title='bbox 669 1830 904 1886; x_wconf 80' lang='lat' dir='ltr'>Lingonum</span> <span class='ocrx_word' id='word_1_235' title='bbox 921 1830 1010 1870; x_wconf 70' lang='grc' dir='ltr'>οξὶο</span> <span class='ocrx_word' id='word_1_236' title='bbox 1027 1829 1272 1870; x_wconf 82' lang='lat' dir='ltr'>Batavorum</span> <span class='ocrx_word' id='word_1_237' title='bbox 1289 1832 1499 1881; x_wconf 89' lang='lat' dir='ltr'>cohortes,</span> <span class='ocrx_word' id='word_1_238' title='bbox 1517 1846 1627 1885; x_wconf 87' lang='lat' dir='ltr'>quar-</span> 
     </span>
    </p>
   </div>
   <div class='ocr_carea' id='block_1_7' title="bbox 241 1944 1627 2224">
    <p class='ocr_par' dir='ltr' id='par_1_9' title="bbox 241 1944 1627 2224">
     <span class='ocr_line' id='line_1_32' title="bbox 283 1944 1626 1984; baseline 0.001 -10"><span class='ocrx_word' id='word_1_239' title='bbox 283 1950 292 1963; x_wconf 87' lang='lat'>¹</span> <span class='ocrx_word' id='word_1_240' title='bbox 318 1944 391 1976; x_wconf 71' lang='lat' dir='ltr'>Nou</span> <span class='ocrx_word' id='word_1_241' title='bbox 414 1956 504 1976; x_wconf 61' lang='lat' dir='ltr'>muts</span> <span class='ocrx_word' id='word_1_242' title='bbox 537 1946 795 1982; x_wconf 68' lang='lat' dir='ltr'>REMPunucAM]</span> <span class='ocrx_word' id='word_1_243' title='bbox 823 1945 912 1975; x_wconf 88' lang='lat' dir='ltr'>Unde</span> <span class='ocrx_word' id='word_1_244' title='bbox 952 1952 1036 1983; x_wconf 84' lang='lat' dir='ltr'>patet</span> <span class='ocrx_word' id='word_1_245' title='bbox 1063 1955 1101 1975; x_wconf 84' lang='lat' dir='ltr'>ex</span> <span class='ocrx_word' id='word_1_246' title='bbox 1130 1944 1281 1983; x_wconf 82' lang='lat' dir='ltr'>Ulpiano.</span> <span class='ocrx_word' id='word_1_247' title='bbox 1317 1944 1433 1984; x_wconf 80' lang='lat' dir='ltr'>Digest‚</span> <span class='ocrx_word' id='word_1_248' title='bbox 1460 1945 1530 1976; x_wconf 88' lang='lat' dir='ltr'>libr.</span> <span class='ocrx_word' id='word_1_249' title='bbox 1556 1947 1626 1977; x_wconf 83' lang='lat' dir='ltr'>XII.</span> 
     </span>
     <span class='ocr_line' id='line_1_33' title="bbox 244 1984 1627 2024; baseline 0.001 -9"><span class='ocrx_word' id='word_1_250' title='bbox 244 1984 451 2023; x_wconf 85' lang='lat' dir='ltr'>cognosceres</span> <span class='ocrx_word' id='word_1_251' title='bbox 466 1985 636 2016; x_wconf 81' lang='lat' dir='ltr'>exercitum</span> <span class='ocrx_word' id='word_1_252' title='bbox 648 1985 750 2021; x_wconf 89' lang='lat' dir='ltr'>illum,</span> <span class='ocrx_word' id='word_1_253' title='bbox 762 1984 912 2023; x_wconf 85' lang='lat' dir='ltr'>qniprio—</span> <span class='ocrx_word' id='word_1_254' title='bbox 951 1985 1018 2014; x_wconf 88' lang='lat' dir='ltr'>Tit.</span> <span class='ocrx_word' id='word_1_255' title='bbox 1049 1995 1074 2014; x_wconf 86' lang='lat'>1.</span> <span class='ocrx_word' id='word_1_256' title='bbox 1089 1984 1127 2014; x_wconf 87' lang='lat' dir='ltr'>de</span> <span class='ocrx_word' id='word_1_257' title='bbox 1150 1985 1253 2014; x_wconf 84' lang='lat' dir='ltr'>Rebus</span> <span class='ocrx_word' id='word_1_258' title='bbox 1275 1984 1410 2014; x_wconf 84' lang='lat' dir='ltr'>creditis.</span> <span class='ocrx_word' id='word_1_259' title='bbox 1432 1985 1490 2024; x_wconf 79' lang='lat' dir='ltr'>leg.</span> <span class='ocrx_word' id='word_1_260' title='bbox 1516 1996 1562 2022; x_wconf 88' lang='lat'>17-</span> <span class='ocrx_word' id='word_1_261' title='bbox 1576 1986 1627 2016; x_wconf 49' lang='lat' dir='ltr'>Vi*</span> 
     </span>
     <span class='ocr_line' id='line_1_34' title="bbox 242 2023 1626 2063; baseline 0 -9"><span class='ocrx_word' id='word_1_262' title='bbox 242 2034 275 2054; x_wconf 85' lang='lat' dir='ltr'>re</span> <span class='ocrx_word' id='word_1_263' title='bbox 289 2023 406 2057; x_wconf 73' lang='lat' dir='ltr'>biduo,</span> <span class='ocrx_word' id='word_1_264' title='bbox 421 2024 565 2063; x_wconf 73' lang='lat' dir='ltr'>projeffls</span> <span class='ocrx_word' id='word_1_265' title='bbox 583 2025 690 2055; x_wconf 82' lang='lat' dir='ltr'>Galbae</span> <span class='ocrx_word' id='word_1_266' title='bbox 707 2023 911 2063; x_wconf 83' lang='lat' dir='ltr'>imaginibus,</span> <span class='ocrx_word' id='word_1_267' title='bbox 953 2025 991 2054; x_wconf 89' lang='lat' dir='ltr'>de</span> <span class='ocrx_word' id='word_1_268' title='bbox 1013 2034 1140 2062; x_wconf 77' lang='lat' dir='ltr'>quoque</span> <span class='ocrx_word' id='word_1_269' title='bbox 1157 2023 1343 2053; x_wconf 85' lang='lat' dir='ltr'>Suetonium</span> <span class='ocrx_word' id='word_1_270' title='bbox 1359 2023 1388 2052; x_wconf 85' lang='lat' dir='ltr'>in</span> <span class='ocrx_word' id='word_1_271' title='bbox 1406 2024 1466 2054; x_wconf 88' lang='lat' dir='ltr'>Jul.</span> <span class='ocrx_word' id='word_1_272' title='bbox 1482 2026 1626 2055; x_wconf 78' lang='lat' dir='ltr'><strong>LXVIII.</strong></span> 
     </span>
     <span class='ocr_line' id='line_1_35' title="bbox 242 2062 1627 2103; baseline 0.001 -11"><span class='ocrx_word' id='word_1_273' title='bbox 242 2062 277 2092; x_wconf 92' lang='lat' dir='ltr'>in</span> <span class='ocrx_word' id='word_1_274' title='bbox 295 2062 413 2094; x_wconf 67' lang='lat' dir='ltr'>senatus</span> <span class='ocrx_word' id='word_1_275' title='bbox 427 2064 460 2095; x_wconf 72' lang='grc' dir='ltr'>ὃ(</span> <span class='ocrx_word' id='word_1_276' title='bbox 476 2064 583 2103; x_wconf 84' lang='lat' dir='ltr'>populi</span> <span class='ocrx_word' id='word_1_277' title='bbox 595 2064 730 2094; x_wconf 81' lang='lat' dir='ltr'>Romani</span> <span class='ocrx_word' id='word_1_278' title='bbox 750 2063 845 2093; x_wconf 80' lang='lat' dir='ltr'>verba</span> <span class='ocrx_word' id='word_1_279' title='bbox 862 2063 913 2100; x_wconf 83' lang='lat' dir='ltr'>ju-</span> <span class='ocrx_word' id='word_1_280' title='bbox 953 2063 1075 2093; x_wconf 81' lang='lat' dir='ltr'>Balteus</span> <span class='ocrx_word' id='word_1_281' title='bbox 1088 2085 1096 2097; x_wconf 87' lang='lat'>,</span> <span class='ocrx_word' id='word_1_282' title='bbox 1118 2063 1279 2101; x_wconf 78' lang='lat' dir='ltr'>cingulum</span> <span class='ocrx_word' id='word_1_283' title='bbox 1295 2072 1360 2093; x_wconf 81' lang='lat' dir='ltr'>crat</span> <span class='ocrx_word' id='word_1_284' title='bbox 1376 2073 1392 2092; x_wconf 86' lang='lat' dir='ltr'>e</span> <span class='ocrx_word' id='word_1_285' title='bbox 1410 2063 1499 2093; x_wconf 88' lang='lat' dir='ltr'>corio</span> <span class='ocrx_word' id='word_1_286' title='bbox 1521 2064 1627 2093; x_wconf 78' lang='lat' dir='ltr'>bulla-</span> 
     </span>
     <span class='ocr_line' id='line_1_36' title="bbox 243 2101 1627 2142; baseline 0.001 -10"><span class='ocrx_word' id='word_1_287' title='bbox 243 2110 383 2139; x_wconf 78' lang='lat' dir='ltr'>raverat‚</span> <span class='ocrx_word' id='word_1_288' title='bbox 406 2113 472 2134; x_wconf 91' lang='lat' dir='ltr'>non</span> <span class='ocrx_word' id='word_1_289' title='bbox 495 2113 587 2142; x_wconf 85' lang='lat' dir='ltr'>penes</span> <span class='ocrx_word' id='word_1_290' title='bbox 601 2102 825 2141; x_wconf 80' lang='lat' dir='ltr'>rempublicam</span> <span class='ocrx_word' id='word_1_291' title='bbox 837 2101 913 2132; x_wconf 87' lang='lat' dir='ltr'>fuis—</span> <span class='ocrx_word' id='word_1_292' title='bbox 953 2111 1019 2133; x_wconf 89' lang='lat' dir='ltr'>tum</span> <span class='ocrx_word' id='word_1_293' title='bbox 1033 2126 1041 2138; x_wconf 89' lang='lat'><strong>‚</strong></span> <span class='ocrx_word' id='word_1_294' title='bbox 1059 2113 1121 2140; x_wconf 88' lang='lat' dir='ltr'>quo</span> <span class='ocrx_word' id='word_1_295' title='bbox 1148 2103 1187 2132; x_wconf 80' lang='lat' dir='ltr'>ab</span> <span class='ocrx_word' id='word_1_296' title='bbox 1208 2102 1341 2132; x_wconf 83' lang='lat' dir='ltr'>humeris</span> <span class='ocrx_word' id='word_1_297' title='bbox 1367 2102 1441 2132; x_wconf 86' lang='lat' dir='ltr'>cnfis</span> <span class='ocrx_word' id='word_1_298' title='bbox 1465 2102 1627 2141; x_wconf 79' lang='lat' dir='ltr'>suspende-</span> 
     </span>
     <span class='ocr_line' id='line_1_37' title="bbox 242 2141 1626 2182; baseline 0 -10"><span class='ocrx_word' id='word_1_299' title='bbox 242 2142 294 2178; x_wconf 83' lang='lat' dir='ltr'>se;</span> <span class='ocrx_word' id='word_1_300' title='bbox 324 2141 356 2171; x_wconf 86' lang='lat' dir='ltr'>id</span> <span class='ocrx_word' id='word_1_301' title='bbox 373 2142 433 2178; x_wconf 87' lang='lat' dir='ltr'>est,</span> <span class='ocrx_word' id='word_1_302' title='bbox 456 2153 523 2173; x_wconf 89' lang='lat' dir='ltr'>non</span> <span class='ocrx_word' id='word_1_303' title='bbox 548 2143 580 2172; x_wconf 90' lang='lat' dir='ltr'>id</span> <span class='ocrx_word' id='word_1_304' title='bbox 615 2143 707 2182; x_wconf 67' lang='lat' dir='ltr'>egiss&#39;c</span> <span class='ocrx_word' id='word_1_305' title='bbox 736 2142 914 2179; x_wconf 81' lang='lat' dir='ltr'>reipublicae</span> <span class='ocrx_word' id='word_1_306' title='bbox 953 2143 1053 2172; x_wconf 81' lang='lat' dir='ltr'>batur.</span> <span class='ocrx_word' id='word_1_307' title='bbox 1069 2141 1200 2171; x_wconf 70' lang='lat' dir='ltr'>Phalera:</span> <span class='ocrx_word' id='word_1_308' title='bbox 1219 2141 1280 2172; x_wconf 86' lang='lat' dir='ltr'>hoc</span> <span class='ocrx_word' id='word_1_309' title='bbox 1301 2141 1333 2171; x_wconf 92' lang='lat' dir='ltr'>in</span> <span class='ocrx_word' id='word_1_310' title='bbox 1351 2141 1424 2171; x_wconf 90' lang='lat' dir='ltr'>loco</span> <span class='ocrx_word' id='word_1_311' title='bbox 1451 2141 1519 2172; x_wconf 91' lang='lat' dir='ltr'>sunt</span> <span class='ocrx_word' id='word_1_312' title='bbox 1537 2152 1626 2172; x_wconf 74' lang='lat' dir='ltr'>orna—</span> 
     </span>
     <span class='ocr_line' id='line_1_38' title="bbox 241 2180 1626 2224; baseline 0 -13"><span class='ocrx_word' id='word_1_313' title='bbox 241 2180 365 2218; x_wconf 78' lang='lat' dir='ltr'>fludio,</span> <span class='ocrx_word' id='word_1_314' title='bbox 391 2180 442 2212; x_wconf 82' lang='lat' dir='ltr'>sed</span> <span class='ocrx_word' id='word_1_315' title='bbox 465 2183 507 2213; x_wconf 91' lang='lat' dir='ltr'>ob</span> <span class='ocrx_word' id='word_1_316' title='bbox 532 2182 669 2213; x_wconf 80' lang='lat' dir='ltr'>aversam</span> <span class='ocrx_word' id='word_1_317' title='bbox 692 2193 710 2213; x_wconf 86' lang='lat' dir='ltr'>a</span> <span class='ocrx_word' id='word_1_318' title='bbox 732 2181 833 2212; x_wconf 71' lang='lat' dir='ltr'>Galba</span> <span class='ocrx_word' id='word_1_319' title='bbox 856 2192 915 2212; x_wconf 94' lang='lat' dir='ltr'>vo-</span> <span class='ocrx_word' id='word_1_320' title='bbox 954 2190 1059 2211; x_wconf 79' lang='lat' dir='ltr'>menta</span> <span class='ocrx_word' id='word_1_321' title='bbox 1076 2190 1245 2220; x_wconf 82' lang='lat' dir='ltr'>equorum,</span> <span class='ocrx_word' id='word_1_322' title='bbox 1266 2180 1297 2224; x_wconf 81' lang='lat' dir='ltr'>in</span> <span class='ocrx_word' id='word_1_323' title='bbox 1314 2180 1428 2219; x_wconf 87' lang='lat' dir='ltr'>quibus</span> <span class='ocrx_word' id='word_1_324' title='bbox 1446 2181 1542 2220; x_wconf 79' lang='lat' dir='ltr'>vulgo</span> <span class='ocrx_word' id='word_1_325' title='bbox 1559 2182 1626 2220; x_wconf 88' lang='lat' dir='ltr'>plu-</span> 
     </span>
    </p>
   </div>
   <div class='ocr_carea' id='block_1_8' title="bbox 240 2220 1627 2415">
    <p class='ocr_par' dir='ltr' id='par_1_10' title="bbox 243 2220 1298 2258">
     <span class='ocr_line' id='line_1_39' title="bbox 243 2220 1298 2258; baseline -0.001 -8"><span class='ocrx_word' id='word_1_326' title='bbox 243 2220 410 2251; x_wconf 84' lang='lat' dir='ltr'>luntatem.</span> <span class='ocrx_word' id='word_1_327' title='bbox 955 2221 1068 2251; x_wconf 78' lang='lat' dir='ltr'>timum</span> <span class='ocrx_word' id='word_1_328' title='bbox 1085 2228 1149 2250; x_wconf 76' lang='lat' dir='ltr'>etat</span> <span class='ocrx_word' id='word_1_329' title='bbox 1168 2228 1298 2258; x_wconf 77' lang='lat' dir='ltr'>argenti.</span> 
     </span>
    </p>

    <p class='ocr_par' dir='ltr' id='par_1_11' title="bbox 240 2258 1627 2378">
     <span class='ocr_line' id='line_1_40' title="bbox 283 2258 1627 2298; baseline 0 -9"><span class='ocrx_word' id='word_1_330' title='bbox 283 2263 293 2276; x_wconf 90' lang='lat'><em>²</em></span> <span class='ocrx_word' id='word_1_331' title='bbox 317 2260 363 2290; x_wconf 83' lang='lat' dir='ltr'>Ex</span> <span class='ocrx_word' id='word_1_332' title='bbox 387 2262 584 2298; x_wconf 62' lang='lat' dir='ltr'>munaum]</span> <span class='ocrx_word' id='word_1_333' title='bbox 604 2261 639 2290; x_wconf 82' lang='lat' dir='ltr'>Id</span> <span class='ocrx_word' id='word_1_334' title='bbox 658 2260 719 2298; x_wconf 88' lang='lat' dir='ltr'>est,</span> <span class='ocrx_word' id='word_1_335' title='bbox 744 2260 915 2291; x_wconf 81' lang='lat' dir='ltr'>affluenter.</span> <span class='ocrx_word' id='word_1_336' title='bbox 994 2264 1010 2283; x_wconf 76' lang='lat'>4</span> <span class='ocrx_word' id='word_1_337' title='bbox 1030 2261 1072 2290; x_wconf 82' lang='grc' dir='ltr'>Ετ</span> <span class='ocrx_word' id='word_1_338' title='bbox 1099 2263 1282 2294; x_wconf 71' lang='grc' dir='ltr'>ΛνΑκιτιΑ]</span> <span class='ocrx_word' id='word_1_339' title='bbox 1305 2258 1432 2296; x_wconf 81' lang='lat' dir='ltr'>Majoris</span> <span class='ocrx_word' id='word_1_340' title='bbox 1460 2259 1537 2289; x_wconf 86' lang='lat' dir='ltr'>lucri</span> <span class='ocrx_word' id='word_1_341' title='bbox 1564 2259 1627 2298; x_wconf 85' lang='lat' dir='ltr'>spe.</span> 
     </span>
     <span class='ocr_line' id='line_1_41' title="bbox 240 2298 1626 2339; baseline -0.001 -9"><span class='ocrx_word' id='word_1_342' title='bbox 240 2299 366 2336; x_wconf 82' lang='lat' dir='ltr'>Nempe</span> <span class='ocrx_word' id='word_1_343' title='bbox 386 2298 418 2328; x_wconf 88' lang='lat' dir='ltr'>in</span> <span class='ocrx_word' id='word_1_344' title='bbox 440 2299 567 2338; x_wconf 82' lang='lat' dir='ltr'>praescns</span> <span class='ocrx_word' id='word_1_345' title='bbox 588 2299 721 2333; x_wconf 86' lang='lat' dir='ltr'>divites,</span> <span class='ocrx_word' id='word_1_346' title='bbox 742 2301 776 2331; x_wconf 90' lang='lat'>&amp;</span> <span class='ocrx_word' id='word_1_347' title='bbox 794 2310 833 2330; x_wconf 85' lang='lat' dir='ltr'>cx</span> <span class='ocrx_word' id='word_1_348' title='bbox 851 2310 918 2339; x_wconf 80' lang='lat' dir='ltr'>par-</span> <span class='ocrx_word' id='word_1_349' title='bbox 999 2305 1006 2326; x_wconf 87' lang='lat'>5</span> <span class='ocrx_word' id='word_1_350' title='bbox 1031 2301 1091 2329; x_wconf 71' lang='lat' dir='ltr'>Am</span> <span class='ocrx_word' id='word_1_351' title='bbox 1114 2299 1250 2334; x_wconf 68' lang='lat' dir='ltr'>sotim]</span> <span class='ocrx_word' id='word_1_352' title='bbox 1274 2298 1409 2328; x_wconf 83' lang='lat' dir='ltr'>Maxime</span> <span class='ocrx_word' id='word_1_353' title='bbox 1434 2298 1568 2329; x_wconf 80' lang='lat' dir='ltr'>Claudio</span> <span class='ocrx_word' id='word_1_354' title='bbox 1590 2309 1626 2329; x_wconf 76' lang='lat' dir='ltr'>ac</span> 
     </span>
     <span class='ocr_line' id='line_1_42' title="bbox 242 2337 1307 2378; baseline -0.002 -10"><span class='ocrx_word' id='word_1_355' title='bbox 242 2337 276 2369; x_wconf 69' lang='grc' dir='ltr'>τὲ,</span> <span class='ocrx_word' id='word_1_356' title='bbox 298 2337 431 2369; x_wconf 62' lang='lat' dir='ltr'>victoria</span> <span class='ocrx_word' id='word_1_357' title='bbox 453 2348 562 2377; x_wconf 82' lang='lat' dir='ltr'>magna</span> <span class='ocrx_word' id='word_1_358' title='bbox 582 2339 752 2378; x_wconf 85' lang='lat' dir='ltr'>sperabant.</span> <span class='ocrx_word' id='word_1_359' title='bbox 957 2340 1088 2369; x_wconf 87' lang='lat' dir='ltr'>Nerone</span> <span class='ocrx_word' id='word_1_360' title='bbox 1104 2337 1307 2376; x_wconf 83' lang='lat' dir='ltr'>Principibus.</span> 
     </span>
    </p>

    <p class='ocr_par' dir='ltr' id='par_1_12' title="bbox 285 2376 1625 2415">
     <span class='ocr_line' id='line_1_43' title="bbox 285 2376 1625 2415; baseline -0.001 -8"><span class='ocrx_word' id='word_1_361' title='bbox 285 2382 294 2402; x_wconf 86' lang='lat'><em>³</em></span> <span class='ocrx_word' id='word_1_362' title='bbox 318 2379 460 2408; x_wconf 65' lang='lat' dir='ltr'>Vim-im</span> <span class='ocrx_word' id='word_1_363' title='bbox 483 2388 560 2414; x_wconf 77' lang='grc' dir='ltr'>ευΑ,</span> <span class='ocrx_word' id='word_1_364' title='bbox 583 2390 620 2410; x_wconf 73' lang='grc' dir='ltr'>ετ</span> <span class='ocrx_word' id='word_1_365' title='bbox 644 2389 780 2409; x_wconf 71' lang='grc' dir='ltr'><strong>ΕΑιτΕοε</strong></span> <span class='ocrx_word' id='word_1_366' title='bbox 802 2380 816 2415; x_wconf 91' lang='grc'>]</span> <span class='ocrx_word' id='word_1_367' title='bbox 843 2377 917 2409; x_wconf 81' lang='lat' dir='ltr'>Via-</span> <span class='ocrx_word' id='word_1_368' title='bbox 997 2380 1009 2396; x_wconf 84' lang='lat'><strong>⁶</strong></span> <span class='ocrx_word' id='word_1_369' title='bbox 1032 2378 1267 2413; x_wconf 70' lang='grc' dir='ltr'>νΛεΛτιοΝι-ῑε]</span> <span class='ocrx_word' id='word_1_370' title='bbox 1302 2377 1348 2406; x_wconf 88' lang='lat' dir='ltr'>De</span> <span class='ocrx_word' id='word_1_371' title='bbox 1377 2376 1423 2406; x_wconf 86' lang='lat' dir='ltr'>his</span> <span class='ocrx_word' id='word_1_372' title='bbox 1450 2376 1625 2408; x_wconf 76' lang='lat' dir='ltr'>vacationi-</span> 
     </span>
    </p>
   </div>
   <div class='ocr_carea' id='block_1_9' title="bbox 247 2415 1409 2458">
    <p class='ocr_par' dir='ltr' id='par_1_13' title="bbox 247 2415 1409 2458">
     <span class='ocr_line' id='line_1_44' title="bbox 247 2415 1409 2458; baseline -0.003 -10"><span class='ocrx_word' id='word_1_373' title='bbox 247 2415 344 2449; x_wconf 84' lang='lat' dir='ltr'>ticum</span> <span class='ocrx_word' id='word_1_374' title='bbox 363 2417 403 2447; x_wconf 87' lang='lat' dir='ltr'>est</span> <span class='ocrx_word' id='word_1_375' title='bbox 425 2417 557 2454; x_wconf 87' lang='lat' dir='ltr'>pecunia</span> <span class='ocrx_word' id='word_1_376' title='bbox 571 2418 610 2449; x_wconf 90' lang='lat' dir='ltr'>ad</span> <span class='ocrx_word' id='word_1_377' title='bbox 634 2418 771 2458; x_wconf 82' lang='lat' dir='ltr'>sumptus</span> <span class='ocrx_word' id='word_1_378' title='bbox 792 2417 868 2455; x_wconf 69' lang='lat' dir='ltr'>vive,</span> <span class='ocrx_word' id='word_1_379' title='bbox 886 2426 920 2450; x_wconf 90' lang='lat' dir='ltr'>ut</span> <span class='ocrx_word' id='word_1_380' title='bbox 958 2418 1015 2450; x_wconf 86' lang='lat' dir='ltr'>bus</span> <span class='ocrx_word' id='word_1_381' title='bbox 1037 2417 1153 2449; x_wconf 59' lang='lat' dir='ltr'>dictum</span> <span class='ocrx_word' id='word_1_382' title='bbox 1173 2416 1259 2457; x_wconf 66' lang='lat' dir='ltr'>supra</span> <span class='ocrx_word' id='word_1_383' title='bbox 1273 2426 1338 2455; x_wconf 80' lang='lat' dir='ltr'>cap.</span> <span class='ocrx_word' id='word_1_384' title='bbox 1359 2419 1409 2453; x_wconf 77' lang='lat'>46.</span> 
     </span>
    </p>
   </div>
   <div class='ocr_carea' id='block_1_10' title="bbox 364 2460 1442 2505">
    <p class='ocr_par' dir='ltr' id='par_1_14' title="bbox 364 2460 1442 2505">
     <span class='ocr_line' id='line_1_45' title="bbox 364 2460 1442 2505; baseline -0.001 -5"><span class='ocrx_word' id='word_1_385' title='bbox 364 2461 471 2502; x_wconf 82' lang='lat' dir='ltr'>Tom.</span> <span class='ocrx_word' id='word_1_386' title='bbox 492 2462 570 2505; x_wconf 85' lang='lat' dir='ltr'>III.</span> <span class='ocrx_word' id='word_1_387' title='bbox 1402 2460 1442 2499; x_wconf 85' lang='lat' dir='ltr'>G</span> 
     </span>
    </p>
   </div>
   <div class='ocr_carea' id='block_1_11' title="bbox 1643 270 1757 275">
    <p class='ocr_par' dir='ltr' id='par_1_15' title="bbox 1643 270 1757 275">
     <span class='ocr_line' id='line_1_46' title="bbox 1643 270 1757 275; baseline 0 0"><span class='ocrx_word' id='word_1_388' title='bbox 1643 270 1757 275; x_wconf 95' lang='lat' dir='ltr'> </span> 
     </span>
    </p>
   </div>
   <div class='ocr_carea' id='block_1_12' title="bbox 1643 276 1757 285">
    <p class='ocr_par' dir='ltr' id='par_1_16' title="bbox 1643 276 1757 285">
     <span class='ocr_line' id='line_1_47' title="bbox 1643 276 1757 285; baseline 0 2762"><span class='ocrx_word' id='word_1_389' title='bbox 1643 276 1757 285; x_wconf 95' lang='lat' dir='ltr'> </span> 
     </span>
    </p>
   </div>
   <div class='ocr_carea' id='block_1_13' title="bbox 1643 287 1757 291">
    <p class='ocr_par' dir='ltr' id='par_1_17' title="bbox 1643 287 1757 291">
     <span class='ocr_line' id='line_1_48' title="bbox 1643 287 1757 291; baseline 0 0"><span class='ocrx_word' id='word_1_390' title='bbox 1643 287 1757 291; x_wconf 95' lang='lat' dir='ltr'> </span> 
     </span>
    </p>
   </div>
   <div class='ocr_carea' id='block_1_14' title="bbox 1642 309 1757 487">
    <p class='ocr_par' dir='ltr' id='par_1_18' title="bbox 1642 309 1757 487">
     <span class='ocr_line' id='line_1_49' title="bbox 1642 309 1757 333; baseline -0.009 0"><span class='ocrx_word' id='word_1_391' title='bbox 1642 309 1757 333; x_wconf 83' lang='lat' dir='ltr'>A.U.C.</span> 
     </span>
     <span class='ocr_line' id='line_1_50' title="bbox 1668 356 1739 384; baseline -0.028 0"><span class='ocrx_word' id='word_1_392' title='bbox 1668 356 1739 384; x_wconf 86' lang='lat'>822.</span> 
     </span>
     <span class='ocr_line' id='line_1_51' title="bbox 1668 409 1733 432; baseline -0.015 0"><span class='ocrx_word' id='word_1_393' title='bbox 1668 409 1733 432; x_wconf 87' lang='lat' dir='ltr'>J.C.</span> 
     </span>
     <span class='ocr_line' id='line_1_52' title="bbox 1673 454 1726 487; baseline 0 -6"><span class='ocrx_word' id='word_1_394' title='bbox 1673 454 1726 487; x_wconf 87' lang='lat'>69.</span> 
     </span>
    </p>
   </div>
  </div>
 </body>
</html>
