2209 3047
616 226 705 264 504
808 206 1029 248 NOTAE
1071 203 1157 244 ET
1205 202 1790 248 EMENDATIONES

670 287 873 322 Caenia-A.
888 310 916 318 ..
948 293 1052 317 FAMA
1079 284 1097 326 ]
1127 280 1182 318 Ita
1203 281 1281 317 Mss.
1301 284 1333 315 δε
1353 279 1435 315 libri
1455 280 1554 318 editi.
1575 280 1703 318 Mallet
1725 281 1884 331 Lipsius,
1907 285 1996 322 dedi-

612 336 671 379 τά,
699 335 757 372 vel
784 334 899 369 didita'.
923 332 1139 376 Rhenanus,
1170 332 1317 367 edita...
1334 330 1444 377 famd.

665 434 774 470 CAP.
802 431 948 470 XXXV.
977 433 1056 479 QUI
1085 445 1145 469 um
1175 443 1318 468 RURSUS
1347 443 1468 468 Missos
1497 437 1514 480 ]
1547 433 1645 471 Bene
1674 434 1751 470 Mss.
1776 433 1872 471 Flor.
1904 434 1995 483 Agr.

608 483 874 520 Bud.Pichena
897 485 929 518 δε
956 483 1199 519 Recentiores.
1220 481 1467 524 Ubi‚omisere
1493 484 1566 518 Mss'.
1605 484 1706 520 Harl.
1735 484 1842 521 Bodl.
1867 484 1933 520 Jes.
1960 488 1995 520 δε

611 533 840 570 Puteolanus.
864 533 1044 581 Corrupte
1068 532 1134 567 Ms.
1158 533 1247 581 Reg.
1268 534 1302 568 ὃς
1326 530 1440 568 editio
1464 534 1631 583 princeps
1646 562 1655 578 ,
1683 536 1764 570 urbi.
1793 533 1884 570 Aliis
1901 533 1996 570 mal&

611 583 840 620 emendatum
858 610 868 626 ,
895 585 947 631 qui
973 583 1112 628 reversus
1138 582 1249 629 miſjas.

666 633 836 670 Oxusns
864 643 1140 673 PEKCULSISQUE
1171 636 1187 677 ]
1215 630 1270 666 Ita
1295 631 1361 668 Ms.
1385 633 1474 682 Agr.
1511 632 1672 682 Ryckius
1694 637 1727 670 &
1750 633 1991 670 Recentiores.

611 682 689 719 Mss.
724 682 820 718 Flor.
844 681 931 730 Reg.
953 684 986 717 &
1009 680 1123 717 editio
1148 680 1315 729 princeps
1340 709 1349 724 ‚
1385 685 1601 731 periculisque.
1640 683 1716 719 Mss.
1749 684 1850 719 Harl.
1886 682 1993 719 Bodl.

610 732 680 770 Jes.
703 731 824 768 Guelf.
853 731 1073 779 vehiculisque.
1097 731 1140 766 In
1164 730 1324 779 margine
1348 731 1415 766 Ms.
1442 732 1548 768 Bodl.
1571 735 1728 779 pauculis.
1764 733 1821 769 Sic
1847 745 1994 782 quoque

609 781 827 819 Puteolanus
850 780 1029 829 ceterique
1061 793 1185 817 omnes
1213 792 1294 817 ante
1328 780 1508 830 Ryckium
1542 785 1756 832 pauculisque.
1786 784 1908 832 Atque
1943 783 1995 818 ita

609 832 719 870 vertit
743 829 970 866 Davanzati:
996 831 1059 865 Nel
1086 836 1204 866 ritorno
1243 830 1397 865 s'andava
1419 845 1439 866 a
1457 834 1592 877 pericolo
1623 833 1786 877 manifesto
1802 860 1811 875 ,
1843 833 1956 879 effendo
1981 835 1994 867 ἰ

601 883 813 931 frumentieri
830 882 966 923 cariclzi,
994 894 1009 915 e
1026 882 1129 926 pochi.
1152 881 1289 916 Contra
1307 879 1486 929 Ryckium
1508 881 1645 918 secutus
1663 881 1710 918 est
1736 881 1792 917 Cl.
1815 881 1996 918 Gordon:

608 935 642 970 Ic
667 930 827 967 remained
854 943 893 964 no
925 930 1022 964 doubt
1048 932 1135 967 what
1170 932 1367 979 tlzreatening
1396 931 1516 980 danger
1540 931 1620 979 must
1648 933 1682 967 be
1705 932 1851 968 incurred
1879 934 1912 966 in
1946 933 1997 966 the

609 994 718 1018 return
734 1009 743 1023 ‚
768 979 873 1026 whilst
901 981 970 1027 they
994 981 1062 1016 who
1086 981 1210 1015 carried
1239 982 1290 1015 the
1313 983 1409 1028 grain
1436 995 1515 1017 were
1541 982 1676 1025 lauded,
1712 982 1776 1016 and
1804 981 1912 1016 indeed
1939 982 1998 1016 al-

610 1032 706 1080 ready
724 1029 894 1078 dismayed.
913 1028 1059 1065 Dictum
1076 1029 1124 1066 est
1136 1030 1239 1078 supra
1253 1042 1332 1078 cap.
1348 1042 1419 1075 30,
1431 1043 1670 1079 pugnatumque
1685 1031 1772 1078 estin
1786 1031 1952 1078 perculsos.

664 1082 798 1116 ADD1T
828 1091 1038 1115 Exr-:RCITUI
1064 1082 1081 1124 ]
1115 1079 1212 1116 Bene
1238 1090 1374 1116 veteres
1404 1083 1438 1116 &
1478 1081 1696 1118 recentiores
1723 1080 1912 1117 editiones,
1951 1081 1997 1117 In

610 1129 735 1167 mediis
760 1128 972 1178 quibusdam
998 1128 1246 1173 editionibus,
1274 1130 1412 1167 addidit.

663 1181 828 1226 QUINTA
855 1190 904 1214 ET
933 1190 1236 1220 QUINTADECIMA
1265 1182 1282 1225 ]
1323 1179 1474 1228 Optime
1496 1179 1688 1216 Mercerus.
1717 1180 1998 1226 Quintadecima

611 1230 706 1266 enim
731 1228 855 1277 legio,
885 1240 961 1263 non
995 1229 1080 1264 vero
1112 1228 1376 1277 quartadecima
1406 1229 1474 1265 fuit
1507 1229 1544 1265 in
1589 1230 1782 1266 Germania
1814 1229 1997 1266 inferiore.

610 1279 703 1315 Vide
726 1278 828 1326 supra
854 1277 944 1314 Hist.
969 1277 1022 1314 111
1039 1306 1047 1321 ‚
1076 1291 1137 1315 22.
1162 1282 1195 1314 &
1221 1291 1299 1327 quae
1326 1278 1370 1315 de
1400 1279 1606 1328 legionibus
1636 1279 1826 1316 dixerimus
1852 1279 1889 1315 in
1915 1278 1998 1315 No-

608 1329 653 1365 tis
672 1331 705 1365 <Sc
722 1327 1043 1364 Emendationibus
1067 1328 1112 1363 ad
1129 1327 1221 1363 Hist.
1249 1329 1283 1364 ΙΙ
1301 1356 1312 1371 ,
1342 1330 1376 1365 6.
1403 1328 1498 1366 Mal'e
1519 1329 1597 1364 Mss‘.
1616 1331 1702 1378 Reg.
1729 1331 1816 1378 Agr.
1834 1332 1867 1365 &
1882 1329 1997 1365 editio

610 1379 801 1428 princeps,
843 1381 954 1426 quinta
982 1380 1018 1412 ξφ
1043 1379 1174 1414 decima.
1204 1378 1278 1413 Mss.
1308 1378 1410 1414 Harl.
1446 1379 1551 1414 Bodl.
1587 1379 1652 1415 Jes.
1677 1382 1710 1415 ὃς
1747 1379 1961 1415 Puteolanus
1986 1405 1998 1422 ‚

610 1432 722 1475 quinta
749 1429 785 1463 ξπ*
810 1429 1057 1475 quartadecima.
1096 1427 1145 1463 At
1180 1426 1272 1463 bene
1307 1427 1398 1463 infra
1432 1440 1510 1476 cap.
1547 1428 1618 1477 seq.
1644 1428 1752 1464 iidem
1789 1428 1866 1466 Mss.
1892 1427 1996 1464 Harl.

609 1477 718 1515 Bodl.
746 1476 814 1512 Jes.
840 1480 872 1512 &
898 1476 1115 1512 Puteolanus
1138 1476 1272 1512 habent
1289 1503 1299 1519 ,
1326 1481 1550 1525 quintanorum
1577 1480 1614 1514 ἔπ’
1638 1478 1998 1526 quintadecimanorum-

607 1528 654 1564 In
678 1526 840 1564 editione
867 1525 1033 1576 principe
1048 1553 1058 1570 ,
1083 1529 1310 1574 quintanorum
1336 1527 1373 1562 &²
1397 1527 1710 1576 quintadecimorum.

661 1627 769 1664 CAP.
795 1627 962 1664 XXXVI.
994 1627 1316 1664 ACCENDEBATUR
1345 1631 1362 1673 ]
1401 1627 1497 1664 Male
1523 1627 1588 1663 Ms.
1615 1626 1700 1676 Agr.
1739 1626 1997 1663 accendebantur.

663 1677 796 1714 Effusi
824 1690 864 1714 nv·
891 1689 1027 1714 LuxUM
1125 1690 1251 1714 carrus
1270 1705 1278 1719 ‚
1306 1690 1491 1714 VETEREM
1508 1706 1514 1713 .
1531 1705 1539 1713 .
1557 1705 1564 1713 .
1595 1688 1811 1713 RENOVANT
1841 1679 1858 1721 ]
1901 1676 1999 1713 Bene

611 1727 688 1763 Mss.
714 1727 816 1763 Harl.
839 1727 946 1764 Bodl.
969 1727 1035 1763 Jes.
1055 1727 1249 1764 Rhenanus
1265 1731 1296 1763 δε
1314 1726 1557 1764 Recentiores.
1578 1726 1618 1762 In
1638 1726 1798 1763 editione
1812 1725 1998 1775 principe,

611 1777 721 1824 effusus
752 1781 785 1812 in
813 1779 926 1812 luxum
950 1779 986 1812 ἔπ’
1010 1779 1142 1823 epulas,
1173 1779 1209 1812 {T
1241 1779 1404 1813 noffurnos
1431 1790 1524 1812 coetus
1551 1778 1662 1820 miles,
1691 1789 1826 1812 veterem
1854 1779 1886 1810 in
1911 1778 1999 1810 Hor-

613 1828 757 1862 deonium
781 1830 863 1862 iram
886 1831 1066 1862 renovavit.
1090 1826 1149 1862 Sic
1173 1839 1319 1876 quoque
1343 1829 1476 1864 habent
1501 1827 1576 1862 Mff.
1597 1826 1685 1876 Reg.
1706 1826 1791 1875 Agr.
1816 1829 1849 1862 &
1869 1825 2000 1861 Puteo-

612 1876 736 1921 lanus,
765 1877 893 1914 orniffo
916 1877 1057 1915 tantum
1080 1878 1181 1913 miles.
1203 1877 1317 1913 Manu
1340 1877 1496 1916 secunda
1515 1876 1676 1913 additum
1699 1875 1747 1913 est
1767 1876 1805 1912 in
1825 1874 1894 1911 Ms.
1913 1875 1999 1924 Agr.

665 1978 770 2015 CAP.
799 1978 986 2015 XXXVII.
1018 1977 1202 2014 PAvmuM
1229 1981 1247 2024 ]
1277 1978 1375 2015 Bene
1408 1978 1486 2015 Mss.
1521 1977 1618 2014 Flor.
1657 1975 1757 2011 Harl.
1791 1975 1894 2012 Bodl.
1930 1975 1998 2012 Jes.

611 2028 731 2064 Guelf.
755 2028 970 2065 Puteolanus
992 2031 1026 2065 ὃς
1043 2027 1284 2066 Recentiores.
1312 2028 1354 2065 ln
1379 2029 1445 2065 Ms.
1467 2027 1553 2077 Reg.
1577 2031 1609 2063 &
1627 2024 1788 2062 editione
1812 2025 2002 2075 principe,

609 2079 759 2123 pavidus.

662 2127 869 2165 VITELLIUS
897 2131 1145 2174 occxmssrzr]
1161 2129 1217 2165 Ita
1231 2128 1306 2164 ΜΠ.
1319 2126 1417 2163 Flor.
1436 2125 1539 2162 Harl.
1557 2125 1664 2160 Bodl.
1685 2124 1750 2161 Jes.
1774 2124 1856 2173 Agr.
1878 2123 1998 2161 Guelf.

614 2176 793 2214 editiones
807 2190 940 2215 veteres
955 2182 987 2215 δε
1006 2179 1234 2215 recentiores.
1253 2178 1443 2213 Rhenanus
1458 2189 1477 2212 e
1496 2176 1560 2211 Ms.
1584 2174 1673 2210 Bud.
1697 2176 1866 2221 corruisset.

667 2226 724 2263 Er
753 2239 1112 2264 DUOETVICESIMANI
1140 2232 1156 2274 ]
1183 2229 1279 2264 Bene
1304 2227 1370 2263 Ms.
1396 2226 1504 2262 Bodl.
1530 2224 1626 2261 Male
1658 2223 1874 2260 Puteolanus
1901 2233 1998 2259 cete-

614 2276 714 2326 rique
738 2289 881 2318 omnes,
905 2279 940 2313 &a
958 2278 1251 2326 duodevicefimnni.
1273 2276 1453 2325 Corrupte
1475 2275 1541 2311 Ms.
1565 2274 1653 2324 Reg.
1673 2277 1810 2320 primum
1836 2285 1998 2322 quartum-

613 2339 671 2374 que
693 2328 728 2361 θ’
756 2327 964 2374 duovicefima
991 2341 1111 2362 manus.
1135 2327 1260 2364 Editio
1287 2327 1475 2376 princeps,
1500 2327 1536 2361 ὅ
1560 2324 1799 2369 duoetvicefima
1822 2336 1942 2358 manus.

665 2374 719 2410 Ex
746 2375 891 2412 CATTls
920 2381 937 2422 ]
965 2376 1061 2412 Male
1085 2377 1153 2413 Ms.
1178 2378 1266 2427 Agr.
1289 2390 1329 2414 ex
1360 2379 1485 2414 Caucis.
1520 2374 1598 2413 ΜΠ.
1631 2373 1739 2411 Bodl.
1771 2372 1839 2410 Jes.
1877 2371 1995 2408 Cac‘lis.

615 2424 741 2463 Editio
767 2426 959 2478 princeps,
989 2428 1111 2465 Caucis.

1723 2500 1726 2504 ·
1765 2478 2001 2519 Smerm
