2230 3047
374 168 854 211 HISTORIARUM
901 168 1100 211 LIBER
1147 171 1506 215 SECUNDUS.
1577 187 1632 222 9¹

241 260 325 289 tem
349 249 568 291 invadunt:
591 250 674 291 caefi
697 249 865 305 vigiles,
888 262 1074 306 perrupta
1092 251 1238 301 castra,
1265 253 1507 308 trepidatum
1527 253 1633 309 apud

242 326 384 353 naves:
414 313 546 355 donec
561 343 573 364 ,
600 314 749 354 fidente
770 312 979 370 paullatim
999 326 1110 354 metu
1127 343 1138 363 ,
1163 328 1365 370 occupato
1387 315 1498 368 juxta
1518 322 1527 338 ¹
1549 315 1632 358 col-
1655 301 1771 378 ‘zze'

241 373 281 414 le
304 375 450 416 defensi
465 406 478 427 ,
503 391 600 417 mox
616 378 813 432 inrupere.
835 377 966 417 Atrox
982 375 1037 416 ibi
1059 377 1182 417 caedes
1197 406 1210 426 ‚
1232 381 1271 417 ὅ(
1288 379 1543 433 Tungrarum
1566 395 1631 421 co-
1681 401 1705 425 J.
1716 402 1743 424 μ

241 439 419 478 hortium
432 439 621 495 praefefh,
636 438 846 480 sustentata
860 439 928 480 diu
941 440 1048 489 acie,
1063 438 1152 480 telis
1168 439 1478 482 obruuntur.Ne
1495 444 1630 484 Otho·
1686 450 1739 484 69-

188 511 212 551 5
243 501 369 543 nianis
393 502 555 556 quidem
578 503 787 543 incruenta
810 504 975 543 victoria
994 503 1071 542 fuit
1086 532 1098 552 ‚
1122 518 1293 556 quorum
1316 505 1541 559 improvide
1567 507 1630 547 se-

241 578 357 606 cutos
368 594 382 615 ‚
410 565 589 606 conversi
609 566 761 618 equites
783 569 797 585 ²
822 567 1187 607 circumvenerunt.
1211 567 1275 608 Ac
1297 565 1410 607 velut
1434 570 1551 622 pactis
1573 571 1629 611 in-

241 627 368 669 duciis
383 657 395 678 ‚
421 643 471 668 ne
491 630 588 670 hinc
612 627 762 678 clanis,
787 629 880 669 inde
903 644 1022 682 eques
1042 627 1211 669 subitam
1232 629 1490 670 formidinem
1508 633 1628 672 infer-

238 704 329 732 rent
342 720 355 741 ,
373 689 585 733 Vitelliani
606 705 713 732 retro
736 690 966 747 Antipolim
1001 697 1030 742 ³,
1052 691 1323 734 Narbonensis
1341 692 1483 733 Galliae
1502 698 1627 734 muni-

240 755 390 810 cipium
404 783 418 804 ‚
445 755 673 795 Othoniani
706 753 1013 811 Albingaunum
1034 760 1078 806 4,
1106 757 1304 798 interioris
1338 757 1510 811 Liguria:
1528 786 1541 808 ,
1568 772 1630 802 re<-

161 827 210 855 10
239 817 408 859 vertere.

299 880 429 923 XVI.
465 880 726 922 CORSICAM
744 897 790 923 ac
806 881 1030 923 Sardiniam
1049 885 1061 912 5
1077 911 1089 932 ‚
1108 882 1337 937 ceterasque
1355 883 1528 939 proximi
1545 898 1627 924 ma-

236 944 288 984 ris
309 943 455 985 insulas
469 973 482 994 ‚
506 944 610 986 fama
644 946 816 986 vi&ricis
841 944 966 986 claffis
987 947 1027 985 in
1064 944 1240 1001 partibus
1276 947 1455 987 Othonis
1482 948 1627 988 tenuit.

235 1007 315 1048 Sed
337 1008 540 1048 Corsicam
562 1009 686 1065 prope
711 1009 867 1050 adflixit
889 1009 1066 1049 Decumi
1089 1009 1242 1049 Pacarii
1272 1011 1542 1066 procuratoris
1567 1023 1628 1051 te-

236 1072 396 1112 meritas
412 1101 425 1122 ,
450 1070 560 1112 tanta
580 1071 689 1113 mole
709 1071 833 1122 belli,
859 1070 961 1112 nihil
982 1072 1022 1112 in
1043 1072 1237 1113 summam
1259 1071 1275 1094 ⁶
1298 1073 1505 1128 profutura
1519 1103 1531 1124 ‚
1556 1074 1629 1129 ipsi

160 1142 206 1183 15
236 1135 416 1176 exitiosa.
439 1136 627 1189 Namque
642 1165 654 1185 ‚
680 1136 860 1176 Othonis
877 1135 973 1176 odio
988 1164 1000 1185 ‚
1024 1133 1160 1186 juvare
1175 1134 1389 1177 Vitellium
1406 1136 1627 1177 Corsorum

235 1196 385 1239 viribus
410 1199 543 1239 statuit
556 1228 570 1249 ‚
594 1199 704 1239 inani
737 1197 914 1248 auxilio,
955 1199 1104 1239 etiamsi
1141 1200 1382 1254 provenisset
1406 1205 1434 1240 ⁷.
1457 1201 1626 1242 Vocatis

236 1260 482 1318 principibus
509 1260 670 1312 insulae,
697 1261 908 1304 confilium
931 1263 1078 1318 aperit:
1108 1265 1149 1302 ὅ(
1172 1263 1449 1304 contradicere
1484 1264 1626 1314 ausos,

236 1322 453 1365 Claudium
472 1326 697 1382 Phirricum
709 1355 723 1377 ,
748 1327 1011 1366 trierarchum
1031 1324 1319 1366 liburnicarum
1338 1323 1352 1347 8
1369 1325 1423 1366 ibi
1440 1328 1626 1377 navium,

234 1388 473 1442 Quinffium
495 1388 662 1430 Certum
679 1418 692 1440 ,
712 1390 885 1443 equitem
904 1389 1137 1430 Romanum
1150 1419 1162 1439 ‚
1182 1390 1355 1430 interfici
1371 1388 1504 1441 jubet:
1527 1405 1627 1444 quo-

151 1458 207 1489 20
233 1465 323 1491 rum
344 1465 474 1493 morte
496 1453 704 1502 exterriti,
729 1445 796 1507 qui
815 1452 977 1493 aderant
991 1482 1004 1503 ,
1027 1451 1140 1493 simul
1159 1453 1322 1507 ignara,
1345 1457 1386 1494 ὅ(
1403 1452 1524 1493 alieni
1541 1468 1627 1494 me-

232 1514 295 1556 tus
320 1514 428 1556 socia
448 1517 726 1572 imperitorum
746 1515 886 1567 turba,
911 1517 951 1556 in
984 1515 1103 1557 verba
1134 1515 1293 1557 Vitellii
1327 1514 1520 1568 juravere.
1545 1516 1627 1557 Sed

233 1576 304 1618 ubi
327 1577 525 1620 deleE‘tum
548 1594 666 1634 agere
689 1581 874 1621 Pacarius
889 1609 902 1629 ‚
931 1583 972 1620 &
991 1579 1223 1620 inconditos
1247 1580 1432 1620 homines
1456 1579 1624 1634 fatigare

231 1639 383 1682 militiae
398 1642 628 1683 muneribus
643 1644 826 1699 occoepit
837 1673 850 1694 ,
867 1641 1047 1683 laborem
1062 1641 1270 1683 insolitum
1288 1643 1413 1699 perosi
1424 1673 1435 1693 ,
1457 1643 1625 1683 infirmi-

232 1717 356 1746 tatem
384 1705 494 1747 suam
521 1705 785 1763 reputabant:
814 1723 835 1742 «
863 1705 1033 1747 insulam
1061 1706 1136 1746 effe
1162 1721 1280 1760 quam
1301 1705 1553 1756 incolerent,
1581 1710 1623 1747 &

149 1776 202 1816 25
230 1767 386 1823 »longe
402 1771 661 1810 Germaniam
682 1774 719 1820 9,
736 1769 917 1823 viresque
933 1767 1164 1824 legionum:
1183 1769 1358 1826 direptos
1375 1770 1624 1823 vastatosque

230 1830 382 1873 »classe
401 1837 453 1884 ¹0,
470 1834 591 1874 etiam
605 1848 703 1888 quos
722 1834 911 1874 cohortes
933 1831 1080 1887 alaeque
1095 1846 1353 1889 protegerent
1370 1850 1390 1869 >2
1403 1865 1411 1873 .
1431 1832 1482 1873 Et
1499 1833 1623 1874 averli

229 1896 396 1952 repente
412 1897 560 1944 animi3
582 1911 657 1938 nec
678 1910 814 1938 tamen
830 1894 963 1952 aperta
980 1897 1021 1937 vi
1037 1912 1045 1936 ε
1068 1909 1206 1952 aptum
1221 1909 1378 1952 tempus
1398 1896 1544 1937 insidiis
1562 1895 1624 1937 le-

231 1960 340 2015 gere.
363 1959 552 2015 Digressis
566 1990 579 2011 ,
606 1961 673 2015 qui
694 1961 903 2002 Pacarium
919 1959 1227 2015 frequentabant
1240 1990 1253 2011 ,
1281 1960 1410 2001 nudus
1427 1964 1467 2001 c&
1484 1958 1623 2001 auxilii

275 2078 285 2093 ¹
310 2075 482 2106 Occupmo
505 2075 634 2112 JUXTA]
653 2075 744 2105 Juxta
764 2071 867 2104 castra.
942 2072 1146 2111 prqficiehatur.

274 2118 288 2132 ²
310 2115 479 2146 Couvmm
498 2123 626 2150 mun-rs
644 2116 656 2151 ]
688 2112 865 2144 Vitelliani.
983 2119 995 2138 7
1018 2114 1153 2144 ΕτιΑΜει
1177 2114 1419 2151 vnovrmssnr]
1436 2110 1561 2143 Etiamsi
1573 2121 1620 2142 res

275 2157 285 2179 3
309 2154 520 2192 ΑΝτιΡοιιΜ]
542 2155 635 2184 Nunc
649 2152 770 2189 Amihe,
790 2161 822 2183 ut
835 2162 904 2183 mo-
944 2152 972 2183 ei
992 2151 1126 2183 feliciter
1145 2152 1331 2182 st1cceffiilet.

235 2192 277 2223 do
298 2192 414 2223 dierum
437 2193 487 2223 est.
983 2191 995 2211 ⁸
1019 2193 1304 2229 Luwnmcimum]
1326 2190 1412 2229 Quid
1436 2190 1495 2221 sint
1521 2190 1619 2221 libur-

271 2236 287 2256 4
308 2233 565 2266 ΑιΒιΝεΑυΝυΜ]
589 2232 680 2271 Apud
699 2231 829 2271 Ligures
848 2233 904 2261 In-
944 2230 1019 2262 nicae
1039 2231 1152 2261 dierum
1178 2231 1265 2270 supra
1289 2231 1402 2261 Annal.
1426 2232 1516 2266 XVI,
1535 2241 1580 2267 ¹4·

234 2281 352 2311 gaunos
374 2271 606 2311 Albingaunum
620 2295 627 2307 ‚
646 2281 729 2302 nunc
742 2270 877 2310 Albinga.
983 2275 996 2295 ⁹
1018 2272 1130 2301 Louea
1168 2271 1374 2301 GERMANIAM
1395 2271 1408 2308 ]
1437 2272 1533 2312 Quae..
1547 2278 1618 2299 cum

276 2316 284 2338 5
310 2312 479 2342 Consumit(
503 2323 540 2341 Ac
560 2312 743 2341 SARmmAM
754 2309 832 2348 ]Les
844 2310 905 2350 isses
944 2309 1137 2340 Germanicis
1152 2309 1330 2350 legionibus
1344 2320 1399 2349 pro
1415 2309 1536 2341 Vitellii
1553 2318 1618 2346 par-

232 2348 266 2378 de
285 2348 364 2389 Corse
386 2350 416 2380 Cr
439 2350 472 2380 de
489 2349 659 2390 Sardaigne.
944 2349 1026 2380 tibus
1043 2349 1148 2380 stabat.

272 2390 286 2408 ⁶
307 2390 340 2420 lu
362 2391 524 2427 ςυΜΜΑΜ]
542 2390 591 2420 Sic
609 2389 725 2420 dietum
741 2388 827 2427 supra
844 2389 906 2418 An·
985 2394 1013 2410 ¹0
1035 2389 1265 2425 vnvm-osque
1288 2398 1398 2419 CLASSF.
1421 2389 1434 2425 ]
1458 2389 1498 2418 Ut
1518 2385 1617 2417 modo

234 2427 297 2459 nal.
318 2430 411 2468 XIII,
442 2432 491 2468 38.
513 2429 595 2461 Nihil
620 2430 649 2460 in
670 2429 804 2469 stammam
823 2429 905 2467 pacis
944 2427 1060 2461 dietum
1085 2428 1125 2460 est
1143 2438 1209 2469 cap.
1233 2439 1267 2459 12
1282 2430 1316 2460 δε
1334 2428 1424 2511 [ἧς.

1398 2484 1424 2520 ¹}
