2209 3047
379 178 462 221 AD
492 178 719 221 LIBRUM
741 178 794 219 V.
821 176 966 220 HIST.
994 177 1041 218 C.
1063 177 1244 220 CORN.
1266 178 1476 220 TACITI.
1543 186 1630 232 569

241 256 395 294 Oriente
419 257 456 293 in
481 257 723 294 Occidentem
751 255 980 305 protenditur
996 255 1086 291 intra
1101 266 1282 292 trecentos
1304 256 1636 306 quadringentosve

237 308 349 357 pedes
365 307 542 344 :latitudo
552 309 655 355 ejusa
668 307 935 355 Septemtrione
951 305 997 341 ad
1008 305 1197 342 Meridiem
1212 318 1355 343 centum
1372 307 1637 358 quinquaginta

237 358 348 406 pedes
369 369 479 407 patet.
506 358 550 393 In
575 368 732 408 quatuor
766 356 881 394 veluti
913 366 1029 405 partes
1065 355 1220 392 divisum
1247 357 1306 393 est.
1332 357 1448 394 Prima
1474 371 1555 406 pars
1588 358 1637 395 est

238 409 431 456 Orientem
449 408 594 451 vershs3
623 408 660 444 in
683 409 757 456 ejus
778 407 901 444 medio
925 406 990 442 stat
1015 407 1161 442 Pai-leou
1178 433 1186 449 ‚
1214 407 1272 443 seu
1310 420 1410 444 arcus
1433 408 1637 457 triumpha-

237 457 305 502 lis,
333 459 392 495 cui
414 458 534 494 Sinice
557 458 768 507 inscriptum
791 457 840 495 est
862 457 1052 492 Κίηι-Τιέη1
1083 469 1091 492 :
1119 455 1206 491 hinc
1231 460 1263 492 ὃς
1287 457 1371 494 inde
1396 458 1552 496 arbores,
1578 460 1635 496 Se-

235 508 367 545 cundae
389 509 497 557 partis
518 508 617 545 frons
634 521 801 557 magnam
820 519 963 556 portam
981 520 1063 544 curn
1089 506 1202 556 portis
1220 505 1424 544 lateralibus
1440 537 1448 553 ,
1476 508 1635 558 aliasque

236 557 326 595 duas
346 559 504 596 minores
531 559 650 595 habet.
683 558 727 594 ln
747 558 852 606 hujus
871 558 1036 594 secundae
1054 556 1163 606 partis
1179 555 1346 593 lateribus
1359 586 1367 599 ‚
1395 558 1634 607 Septemtrjo-

234 621 320 646 nem
332 612 366 646 &
381 608 574 646 Meridiem
591 609 717 646 versus
733 636 742 652 ‚
768 608 850 644 sunt
866 608 946 644 duae
963 607 1092 644 domus
1113 607 1269 643 duorum
1291 606 1479 644 custodum
1502 611 1632 656 Li-pai-

227 659 277 706 fi.
315 658 369 695 Ex
391 660 462 696 hac
483 659 641 696 secunda
667 669 767 707 parte
789 658 826 693 in
855 658 996 695 tertiam
1023 657 1190 694 euntibus
1219 656 1428 693 obversatur
1462 660 1597 694 Ul-men
1619 686 1631 702 ‚

232 708 297 746 seu
312 709 467 746 secunda
483 720 590 757 porta
602 737 611 752 ,
623 721 706 744 cum
718 708 922 745 lateralibus
942 707 1091 757 aliisque
1107 707 1243 743 duabus
1254 706 1466 743 minoribus.
1494 709 1537 744 In
1562 709 1632 745 hac

233 758 341 795 tertia.
367 769 466 807 parte
491 758 557 795 stat
581 758 670 795 alter
691 760 865 802 Pari-leon,
892 759 952 795 seu
977 770 1077 794 arcus
1099 756 1347 806 triumphalis:
1374 757 1461 793 hinc
1482 761 1515 793 &
1545 759 1631 796 inde

235 807 329 845 inter
351 808 519 845 arborum
538 809 683 845 ordines
700 809 780 845 duae
799 808 931 845 tabulae
952 820 1159 844 marmoreae
1172 836 1182 851 ‚
1211 807 1322 844 literis
1340 806 1540 844 Sinenfibus
1558 808 1631 843 ins-

236 858 374 908 criptae.
397 858 456 896 De
481 859 536 895 his
561 859 864 907 Inscriptionibus
885 858 977 894 infra
1002 858 1141 894 dicetur
1168 857 1409 894 commodius.
1439 856 1544 893 Ultra
1566 858 1629 893 has

234 907 374 945 tabulas
405 908 444 946 in
469 909 580 946 latere
605 908 842 946 Meridionali
873 908 922 946 est
945 909 1121 956 Tfiz-thang
1147 907 1160 924 ²
1178 936 1188 951 ,
1216 908 1278 944 seu
1305 907 1396 944 cella
1424 907 1631 943 Mandarini

234 958 351 995 Judaei
374 960 476 995 Tchao
492 987 502 1003 ‚
531 959 594 1008 qui
615 959 800 996 incensum
823 960 989 1006 Li-pai-se
1011 957 1183 995 restituit:
1212 957 1514 1006 Septemtrionale
1537 957 1630 994 latus

233 1008 344 1045 habet
367 1009 517 1047 alterum
535 1010 751 1059 ‘sle-thang,
771 1009 832 1046 seu
855 1009 1001 1046 alteram
1023 1008 1151 1045 cellam
1173 1007 1324 1057 positam
1347 1007 1475 1045 Judceo
1493 1008 1503 1026 ³
1529 1033 1539 1050 ‚
1566 1007 1631 1057 qui

234 1059 417 1107 Li-pai-fiae‚
471 1059 547 1096 uod
564 1072 661 1096 nunc
679 1059 813 1104 exstat,
842 1059 1020 1096 exstruxit.
1047 1058 1161 1095 Paulo
1179 1058 1283 1107 supra
1306 1058 1370 1093 has
1393 1057 1521 1100 cellas,
1549 1057 1631 1093 sunt

233 1108 323 1145 hinc
348 1112 382 1145 &
404 1073 490 1146 inile
512 1109 613 1147 cellae
643 1110 828 1159 hospitum
853 1113 887 1146 ὃς
911 1120 1159 1146 conventuum
1188 1136 1198 1152 ‚
1226 1107 1370 1145 Gallice
1397 1109 1439 1143 les
1456 1108 1558 1143 Salles
1577 1108 1629 1143 des

231 1160 317 1197 hfites
339 1160 376 1196 ὃν
399 1161 451 1196 des
475 1161 660 1209 affimble'es.
688 1161 748 1196 Ad
771 1171 932 1210 quartam
951 1161 1115 1207 Li-pai-se
1133 1169 1270 1206 partem
1287 1157 1498 1194 devenimus
1514 1185 1523 1201 ‚
1549 1169 1632 1207 quae

233 1208 271 1244 in
302 1208 389 1246 duas
411 1210 525 1247 veluti
558 1222 674 1259 partes
697 1210 883 1248 dividitur.
907 1210 988 1246 Pars
1017 1209 1119 1258 prior
1142 1208 1252 1244 habet
1277 1208 1429 1257 longum
1463 1206 1631 1244 ordinem

229 1258 425 1303 arborum,
459 1260 498 1295 in
518 1262 618 1309 cujus
638 1260 761 1298 medio
791 1260 840 1297 est
863 1261 1071 1307 Hiang-lou‚
1099 1259 1160 1295 seu
1186 1271 1248 1294 vas
1273 1258 1400 1308 ingens
1426 1270 1558 1294 aereum
1585 1257 1631 1293 ad

231 1308 483 1347 incendendos
506 1310 650 1349 odores,
677 1313 796 1361 Prope
819 1310 908 1347 vafis
931 1310 1043 1347 latera
1064 1309 1144 1345 sunt
1167 1308 1242 1344 duo
1266 1307 1392 1345 leones
1414 1308 1631 1351 marmorei,

231 1357 372 1395 basibus
400 1360 571 1410 impoliti.
600 1361 715 1410 Supra
744 1361 836 1397 duos
862 1360 1010 1403 leones,
1039 1359 1284 1396 Occidentem
1311 1358 1457 1401 versus,
1489 1357 1629 1393 basibus

255 1421 380 1459 uoque
403 1410 571 1458 imposita
589 1423 720 1460 magna
744 1411 819 1446 duo
845 1410 930 1446 vasa
951 1421 1042 1446 aerea
1058 1437 1068 1453 ,
1097 1407 1226 1457 quibus
1250 1407 1357 1444 flores
1383 1406 1629 1445 continentur.

229 1422 276 1495 ῗη
301 1459 597 1508 Septemtrionali
621 1460 732 1496 latere
755 1459 804 1496 est
826 1459 948 1495 culina
966 1460 1123 1494 Tiao-Kin
1140 1486 1149 1501 ,
1177 1457 1216 1493 id
1241 1457 1289 1494 est
1312 1458 1350 1493 in
1374 1458 1445 1507 quit
1465 1457 1632 1494 evellun-

231 1517 290 1543 tur
312 1509 440 1552 nervi,
469 1509 552 1544 cum
577 1521 699 1545 carnes
722 1520 951 1558 apparantur.
972 1508 1055 1544 Pars
1089 1506 1267 1556 posterior
1294 1507 1402 1544 habet
1436 1507 1475 1542 in
1506 1506 1632 1543 lateri-

231 1558 299 1595 bus
317 1588 326 1601 ,
347 1558 650 1607 Septemtrionem
670 1563 703 1595 ὃς
717 1559 906 1595 Meridiem
928 1558 1069 1601 versus,
1081 1559 1269 1604 Tfi-thangs
1283 1585 1291 1601 ,
1318 1557 1378 1594 seu
1396 1556 1503 1594 cellas
1514 1557 1629 1604 Majo-

229 1621 333 1651 rum,
362 1608 506 1645 Gallice
530 1611 573 1644 les
597 1610 701 1645 Salles
726 1610 779 1645 des
802 1610 966 1645 Ancetres.
987 1610 1077 1655 Quo
1100 1607 1170 1643 ritu
1194 1607 1378 1643 Abraham
1394 1635 1404 1651 ‚
1426 1607 1546 1650 Isaac,
1573 1607 1631 1644 Ja-

230 1658 305 1695 cob
319 1686 328 1702 ,
356 1657 464 1695 duces
490 1658 685 1696 duodecim
707 1659 865 1696 tribuum
879 1687 889 1703 ‚
912 1659 1065 1708 Moysen
1080 1686 1090 1702 ‚
1117 1659 1243 1694 Aaron
1259 1686 1268 1700 ‚
1293 1657 1401 1694 Josue
1415 1685 1424 1700 ‚
1449 1656 1622 1700 Esdram,

230 1706 395 1758 aliosque
415 1709 591 1758 plurimos
610 1709 727 1760 gentis
750 1710 821 1746 suae
843 1710 942 1746 viros
963 1708 1184 1757 feminasque
1207 1707 1378 1752 illustres,
1406 1707 1550 1756 fingulis
1572 1719 1635 1743 an-

232 1758 288 1795 nis
311 1769 486 1796 autumno
512 1763 546 1796 &
568 1773 652 1797 vere
677 1760 819 1804 colant,
836 1759 1018 1808 descripsit
1040 1758 1079 1794 P.
1103 1757 1248 1794 Gozani
1263 1785 1272 1801 ‚
1301 1759 1424 1794 Lettres
1440 1757 1630 1804 e‘cizfiames,

231 1808 344 1846 Tom.
362 1809 445 1846 VII.
463 1822 546 1861 pag.
568 1822 615 1847 10
635 1813 669 1847 ὃς
691 1824 748 1859 19.
764 1810 807 1847 ln
825 1809 948 1847 medio
969 1808 1127 1858 adsurgit
1142 1808 1341 1857 templum,
1371 1807 1523 1857 superne
1542 1819 1629 1857 qua-

233 1914 348 1941 differunt
359 1918 472 1949 atemplo
485 1917 721 1950 Hierosolymitano.
743 1917 837 1942 Contrd
855 1918 912 1941 veri)

232 1949 263 1974 ad
282 1953 332 1981 ejus
361 1950 541 1976 similitudinem
562 1952 673 1984 proxime
703 1953 794 1977 accedit
815 1954 911 1977 Sincnse

233 1983 380 2017 Li-pai-se.
401 1986 536 2019 Utrumque
548 1988 577 2010 ab
595 1987 697 2010 Oriente
714 1988 740 2010 in
753 1986 911 2011 Occidentem

233 2021 377 2043 conversum
403 2028 409 2043 ε
431 2021 606 2052 praecipuarum
623 2029 748 2053 portarum
761 2021 822 2044 idem
840 2021 911 2045 ordo.

233 2051 273 2076 Ad
293 2060 369 2084 partes
389 2062 444 2078 ante
467 2054 571 2079 Ul-men
591 2057 616 2079 δε
639 2055 691 2087 post
711 2055 819 2080 Ul-men
834 2055 912 2079 referri

234 2083 334 2118 possunt
345 2088 404 2112 atria
417 2089 528 2121 gentium
538 2092 563 2114 δι
573 2090 744 2113 Israelitarum.
755 2090 786 2113 In
799 2089 913 2122 Li-pai-se

233 2119 327 2144 Sinenfi
351 2120 455 2152 pontum
471 2123 504 2147 est
524 2123 688 2155 lifting-lou,
712 2124 752 2147 ubi
776 2125 801 2147 in
821 2124 912 2155 templo

236 2154 463 2186 Hierosolymitano
485 2165 535 2181 etat
553 2166 601 2182 ara.
624 2159 688 2181 Dein
699 2158 817 2189 templum
828 2157 913 2182 eodem

234 2187 261 2212 in
277 2189 334 2214 loco
347 2189 378 2212 est
389 2207 395 2217 ,
416 2191 456 2214 ubi
469 2191 530 2215 olim
548 2191 593 2215 fui:
602 2193 780 2224 Hierosolymis
792 2194 912 2216 Sanctum.

233 2222 319 2248 Bethel
333 2231 414 2248 autem
426 2224 457 2248 est
472 2224 549 2257 ipsum
560 2226 674 2251 Sanctum
684 2227 763 2251 Sanni
775 2244 781 2254 ‚
792 2227 830 2250 seu
841 2228 914 2250 Sanc-

233 2264 287 2282 tum
304 2258 453 2282 Sanctorum.

272 2296 280 2308 ¹
302 2291 358 2319 Qui
373 2292 535 2325 Inscriptione
548 2293 680 2318 declaratur
699 2295 745 2318 hoc
762 2293 914 2326 Li-pai-se

237 2323 346 2349 dicatum
365 2325 408 2350 effi:
428 2328 539 2359 supremo
563 2336 641 2352 retum
662 2329 773 2352 omnium
786 2329 876 2352 auctori
890 2331 914 2352 ἔ(

236 2360 407 2385 conservatori.
422 2361 489 2385 lllud
500 2362 591 2393 Pai-fa
603 2371 719 2395 magnum
737 2381 743 2389 ,
766 2363 849 2387 nobile
860 2380 867 2390 ,
890 2364 913 2387 &

236 2392 292 2416 satis
312 2395 430 2419 vetustum
452 2397 557 2428 appellat
572 2398 639 2420 Patet
653 2397 759 2421 Gozani.
788 2397 862 2425 Quod
875 2397 913 2420 in-

237 2426 350 2458 scriptum
374 2429 407 2453 ai:
425 2429 507 2454 iisdem
519 2430 590 2463 plane
605 2431 678 2456 literis
688 2448 694 2460 .
708 2439 766 2465 quas
778 2432 914 2464 Imperatot

364 2483 470 2526 Tom.
494 2486 574 2528 III.

951 1918 1025 1950 Kang
1034 1916 1075 1941 -hi
1088 1916 1134 1949 ipsc
1147 1924 1219 1940 manu
1230 1915 1271 1940 sni
1281 1913 1369 1946 scripsit
1378 1933 1383 1942 ,
1395 1914 1507 1946 deditque
1518 1913 1627 1938 Patribus

950 1952 1074 1976 Societatis
1091 1952 1145 1976 Jesu
1159 1969 1164 1978 ,
1180 1959 1206 1975 ut
1219 1959 1255 1974 cas
1267 1948 1367 1973 ecclesi-'e
1383 1950 1428 1972 sua:
1441 1947 1562 1972 Pekinenfi
1582 1956 1626 1979 ap-

950 1985 1089 2018 penderent.
1113 1985 1171 2009 Vide
1182 1993 1239 2017 ergo
1253 1992 1342 2016 patrem
1360 1983 1390 2007 du
1402 1982 1479 2006 Halde
1488 2000 1493 2009 .
1505 1982 1547 2014 qui
1560 1982 1626 2005 Paki-

951 2021 1021 2044 nense
1038 2020 1084 2044 Pax·
1093 2020 1135 2051 -fa
1153 2020 1258 2043 exhibet.
1274 2016 1426 2050 Description
1436 2017 1463 2041 de
1473 2015 1588 2048 l’Ernpire
1599 2016 1627 2040 de

950 2054 974 2079 la
987 2054 1061 2079 Chiae
1074 2071 1079 2080 ‚
1097 2055 1171 2078 Tom.
1183 2054 1234 2076 111.
1247 2060 1300 2085 pag.
1316 2060 1354 2080 34.

986 2095 996 2107 ²
1016 2088 1080 2112 Ante
1092 2087 1234 2119 Tse-rhang
1253 2104 1259 2114 ,
1278 2087 1316 2109 seu
1335 2084 1420 2109 cellam
1441 2084 1511 2113 hujus
1527 2081 1626 2106 Manda-

951 2122 1016 2149 rini,
1046 2122 1079 2145 cst
1100 2122 1190 2145 animal
1210 2120 1256 2144 basi
1278 2119 1425 2151 impolitum.
1448 2117 1579 2146 Quodnam
1599 2115 1625 2139 si:

952 2156 1012 2180 illud
1028 2156 1116 2179 animal
1140 2155 1223 2179 frustra
1241 2154 1407 2180 divinaretur,
1435 2150 1489 2176 cum
1512 2158 1555 2174 nce
1577 2151 1625 2178 ejus

952 2190 1056 2214 sormam
1083 2190 1137 2213 satis
1159 2189 1265 2221 cxprcffit
1285 2189 1310 2212 P.
1329 2188 1457 2219 Domcnge
1479 2187 1503 2208 in
1525 2182 1563 2221 sua
1575 2183 1626 2221 [71⁴-

949 2224 989 2257 pai
1001 2224 1044 2255 -Jiz
1059 2222 1235 2255 ichnographii
1246 2240 1252 2250 ‚
1271 2230 1314 2246 nec
1332 2223 1380 2251 ejus
1392 2228 1482 2244 nomen
1495 2217 1610 2255 prod-idn.

987 2266 994 2282 3
1018 2258 1113 2282 Judaeus
1135 2258 1174 2281 ille
1196 2257 1241 2281 fuit
1260 2256 1417 2280 Mandatinus
1437 2272 1442 2281 .
1461 2251 1625 2291 seu-civilium

952 2293 1138 2325 capitaliumquc
1162 2300 1239 2315 rerum
1256 2290 1328 2322 judex
1345 2291 1369 2314 in
1380 2289 1469 2313 Tekcou
1480 2304 1486 2313 ‚
1505 2285 1527 2309 nd
1547 2285 1577 2323 ⁶.st
1600 2292 1626 2308 m

953 2328 1009 2351 urbe
1023 2327 1120 2350 secundi
1137 2325 1238 2349 ordinis.
1259 2325 1300 2350 Ob
1318 2325 1450 2348 restitutum
1464 2321 1492 2344 Li
1502 2328 1557 2351 -pm
1568 2316 1607 2348 -sc
1617 2334 1626 2347 ,

952 2361 1089 2392 Tse-thang
1109 2360 1128 2384 ei
1150 2359 1254 2391 positum
1275 2359 1322 2386 est,
1346 2358 1368 2382 id
1389 2357 1419 2380 est
1433 2355 1491 2393 tella
1504 2370 1509 2379 .
1526 2353 1625 2390 aulai-e„

953 2397 978 2420 in
992 2394 1039 2428 qufi
1056 2395 1087 2418 est
1101 2394 1189 2418 tabella
1202 2393 1305 2418 desunffi
1323 2410 1328 2420 ,
1345 2395 1368 2416 δι
1387 2391 1477 2414 statutis
1492 2395 1551 2425 'anni
1565 2394 1627 2411 reul-

952 2430 1051 2462 poribus
1062 2431 1111 2462 ejus
1124 2430 1241 2456 memori-1
1253 2435 1318 2452 more
1330 2425 1410 2449 sinit-0
1424 2422 1549 2448 recolitur.

1310 2481 1458 2522 Cccc
