2209 3047
607 192 696 240 526
784 180 1006 222 NoTAE
1061 178 1149 218 ET
1201 174 1792 224 EMENDATIONES

657 260 851 303 MAEsTAE]
893 255 959 291 ΜΓ.
995 255 1084 303 Agr.
1108 253 1217 300 maesti.
1841 302 1843 304 q

655 312 736 355 Qm
769 318 901 343 vocum
929 309 1181 352 PRECESQUE]
1212 303 1264 339 lta
1278 303 1400 353 scripti
1424 307 1458 341 ὃς
1476 304 1565 341 editi
1581 304 1676 342 libri.
1696 306 1745 342 At
1760 309 1985 355 quiomiss'um

601 359 712 396 vellet
745 359 915 393 Muretus.
950 356 1095 392 Mureto
1114 355 1294 391 assentitur
1315 354 1373 391 Cl.
1396 354 1570 391 Ernestus.
1593 356 1781 392 Acidalius
1798 359 1957 396 tentabat
1973 388 1984 405 ‚

601 412 688 459 quia.
714 408 829 443 Aliter
847 406 1071 456 interpungit
1088 405 1266 455 Rycltius,
1292 405 1558 453 obstupeflcerac,
1584 410 1730 442 attonitis
1755 412 1851 443 etiam
1881 412 1986 444 νὶὲἶο-

603 461 688 495 ribus
706 473 720 492 .·
733 461 785 505 qui
800 471 905 492 vocem
918 459 1097 504 precesque,
1122 460 1187 491 &o
1205 454 1259 490 lta
1277 466 1315 491 ut
1332 459 1384 503 qni
1400 468 1477 491 non
1493 455 1538 491 ad
1552 456 1703 493 vietores
1720 485 1729 500 ‚
1758 457 1818 494 sed
1848 458 1893 493 ad
1920 459 1986 494 mi-

602 509 681 545 lites
696 507 919 544 conscientia
942 506 1070 556 flagitii
1094 504 1232 541 maestos
1251 505 1431 542 referatur.
1460 505 1662 542 Davanzati
1686 507 1819 557 aliique
1852 509 1986 557 optimi

600 559 811 606 interpretes
835 558 948 595 obvio
976 557 1075 592 sensu
1103 557 1192 591 ret‘l‘c
1217 568 1397 604 accepere.
1428 555 1567 605 Nempe
1584 557 1647 606 ipsi
1666 557 1817 594 victores
1837 558 1986 594 attoniti

601 621 733 645 vocem
756 608 946 657 precesque
964 619 1038 641 non
1055 605 1234 641 audebant
1252 634 1260 649 ‚
1283 605 1340 642 sed
1360 606 1513 642 lacrimis
1539 608 1678 643 tantum
1700 620 1741 644 ac
1764 608 1904 646 silentio
1920 622 1985 646 ve-

602 658 699 694 niam
727 658 944 707 poscebant,
972 668 1010 691 ut
1035 655 1191 692 Cerealis
1212 655 1416 705 legionibus
1434 657 1649 706 ignosceret.

657 708 767 744 FATo
787 713 918 753 ACTA]
950 705 1077 742 Mallet
1097 705 1154 741 Cl.
1171 705 1334 742 Ernestus
1348 735 1356 749 ,
1373 707 1564 754 fato-fabia.
1586 707 1699 755 Quod
1719 708 1840 757 passim
1865 709 1903 744 in
1921 722 1987 746 ve-

605 759 738 795 teribus
753 757 984 806 scriptoribus
998 784 1006 799 ,
1026 766 1100 803 *tato
1120 756 1218 802 fieri,
1240 757 1312 803 fato
1322 758 1462 803 saelum.

656 809 911 852 DUCUMQUE]
941 805 995 841 Ita
1012 805 1087 841 Mff.
1103 806 1200 843 Flor.
1217 806 1331 842 Corb.
1349 806 1464 843 editio
1484 808 1650 856 princeps
1664 835 1673 851 ‚
1696 808 1855 845 Pichena
1874 811 1908 844 ὃς
1922 807 1983 846 ΒΕ·

604 860 791 896 centiores.
825 857 901 892 ΜΠ.
919 856 1020 892 I-larl.
1033 856 1139 893 Bodl.
1153 856 1220 893 Jes.
1235 860 1267 893 &
1283 857 1499 893 Puteolanus
1517 886 1525 900 ,
1558 859 1721 893 durumve.

655 908 807 944 Pramum
834 911 980 952 JLLUM]
1013 906 1109 943 Bene
1131 907 1207 943 Mss‘.
1238 906 1326 956 Reg.
1356 907 1468 943 Corb.
1499 908 1618 944 Guelf.
1648 907 1762 944 editio
1793 906 1958 956 princeps
1974 935 1984 952 ‚

601 957 791 994 Rhenanus
803 959 835 992 ὃς
849 956 1088 994 Recentiores.
1116 956 1196 993 Nec
1214 957 1354 994 variant
1369 957 1446 994 Mff.
1465 957 1569 994 Harl.
1599 957 1708 994 Bodl.
1733 957 1799 995 Jes.
1816 956 1987 995 Puteola-

600 1020 664 1045 nus
679 1020 796 1043 tamen
809 1037 817 1049 ,
835 1008 977 1043 illorum.

650 1106 756 1143 CAP.
781 1106 952 1143 LXXIII.
984 1107 1061 1143 SED
1084 1111 1210 1153 QUIA]
1243 1107 1424 1157 Corrupte
1449 1106 1564 1144 editio
1582 1108 1750 1157 princeps
1771 1135 1781 1152 ,
1808 1121 1887 1156 quae.
1917 1107 1985 1146 Ms.

602 1157 716 1194 Corb.
741 1160 900 1205 quoniam.

653 1208 710 1243 Ac
739 1212 872 1254 MALA]
904 1207 969 1242 Ms.
991 1206 1105 1242 Corb.
1128 1218 1221 1255 atque
1236 1207 1333 1242 mala.

652 1257 977 1303 TEUTONOSQUE]
1009 1256 1172 1306 Mssseg.
1193 1259 1226 1292 ὅς
1248 1256 1362 1292 editio
1386 1257 1574 1305 princeps,
1595 1256 1814 1305 Teutonesque.

651 1306 757 1342 SAns
782 1319 941 1343 CLARUM
961 1311 977 1353 ]
1005 1308 1045 1343 In
1067 1307 1143 1342 ΜΠ.
1166 1307 1282 1342 Vatic.
1307 1309 1419 1354 1863.
1440 1308 1529 1355 Reg.
1545 1307 1635 1355 Agr.
1653 1309 1685 1342 &
1706 1307 1868 1344 editione
1889 1308 1987 1356 prins

599 1358 699 1406 cipe,
718 1359 801 1404 satis
820 1360 929 1393 claret.
953 1357 1114 1394 Verbum
1134 1357 1318 1405 poeticum
1332 1385 1341 1400 ‚
1362 1369 1436 1406 quo
1452 1357 1638 1393 Lucretius
1655 1355 1789 1407 aliique
1810 1357 1858 1394 usi
1876 1359 1956 1395 sunt
1969 1370 1985 1401 3

599 1411 634 1444 &
657 1420 731 1456 quo
757 1407 850 1443 forte
876 1420 944 1443 nec
963 1407 1037 1455 ipse
1054 1407 1203 1442 Tacitus
1223 1407 1402 1442 abstinuit.

650 1457 979 1494 TRANSRHENANIS
1008 1461 1224 1503 GENTfflus]
1254 1458 1408 1491 Gentibus
1429 1455 1524 1492 abest
1548 1467 1568 1491 a
1588 1455 1654 1493 Ms.
1674 1456 1787 1492 Corb.

650 1508 957 1544 Somrummnus
982 1509 1082 1551 sms]
1113 1508 1184 1541 Suis
1211 1505 1305 1542 deest
1319 1505 1356 1540 in
1372 1505 1441 1540 Ms.
1459 1505 1572 1541 Corb.

649 1558 832 1594 Speciosa
859 1560 1040 1602 NOMINA]
1073 1555 1169 1592 Male
1183 1555 1260 1592 Mff.
1278 1554 1382 1592 Harl.
1399 1555 1467 1591 Jes.
1478 1554 1618 1602 pretiosa
1632 1556 1771 1591 nomina.

652 1657 759 1693 CAP.
787 1656 949 1694 LXXIV.
979 1657 1242 1702 Anmnnvms]
1273 1655 1420 1692 Ursinus
1452 1655 1574 1691 laudat
1605 1668 1650 1692 ex
1675 1664 1797 1692 vetere
1820 1654 1948 1693 codice
1970 1681 1986 1702 ,

599 1708 780 1757 adjicimus.
807 1708 943 1744 Tentat
960 1707 1033 1757 ipse
1045 1736 1053 1750 ‚
1077 1708 1260 1742 ademimus.
1275 1705 1476 1756 Utrumque
1495 1705 1600 1742 male.

651 1759 950 1843 {ARABUNTUR]
982 1756 1314 1844 Mzfflesssfrpaldus,
1335 1759 1547 1842 pargbantur.

692 1820 745 1843 UT
767 1820 973 1844 mmorzrssus
1091 1836 1098 1843 .
1143 1821 1162 1843 e
1181 1835 1189 1843 .
1218 1822 1253 1843 ac
1280 1822 1394 1843 mmor-1
1419 1821 1464 1843 us.

654 1857 957 1904 BRTTANNIQUE]
983 1812 1029 1893 ]In
1045 1857 1204 1906 margine
1232 1858 1298 1894 Ms.
1319 1857 1426 1894 Bodl.
1445 1858 1594 1892 Battavi.

653 1905 957 1954 VlCTORESQUE]
990 1909 1058 1952 Que
1082 1907 1176 1943 abest
1203 1920 1222 1943 a
1250 1908 1317 1945 Ms.
1345 1907 1412 1946 Jes.

653 1955 913 2004 OBTINEMUS]
943 1957 1009 1994 Ms.
1025 1957 1136 1994 Corb.
1161 1959 1379 1995 obtinebimus.

653 2054 758 2091 CAP.
790 2055 930 2093 LXXV.
965 2059 1203 2105 QUAMQUAM
1242 2068 1384 2094 NUNTH
1423 2067 1714 2093 OCCULTARENT
1742 2058 1760 2102 ]
1812 2054 1866 2091 Ita
1909 2054 1984 2091 Mss.

598 2104 739 2142 Fames.
759 2106 868 2142 Corb.
894 2107 980 2164 Agr.
998 2108 1112 2158 quue
1123 2107 1328 2158 probabant
1343 2106 1477 2155 Lipsius
1490 2111 1522 2142 ὃς
1534 2106 1696 2156 Ryckius
1725 2104 1906 2153 Corrupte
1919 2104 1984 2140 Ms.

599 2154 688 2204 Reg.
711 2159 744 2191 &
763 2156 876 2193 editio
891 2171 1056 2207 princeps
1072 2186 1080 2200 ‚
1109 2171 1199 2194 nutu.
1219 2158 1295 2193 Mff.
1311 2158 1412 2193 Harl.
1433 2157 1536 2195 ssodl.
1551 2157 1618 2194 Jes.
1641 2155 1815 2192 Puteolan
1842 2158 1900 2190 s&
1916 2153 1985 2190 Re-

600 2205 778 2242 centiores
797 2234 807 2250 ,
826 2212 962 2244 nuntios.
997 2209 1111 2256 Quod
1128 2208 1320 2245 Salinerius
1335 2208 1512 2256 explicat,
1543 2218 1724 2256 tamquam
1750 2204 1984 2241 Domitianus

599 2267 643 2290 ac
656 2255 844 2292 Mucianus
858 2258 1057 2294 nuntiatam
1076 2258 1276 2307 Vespasiani
1290 2269 1440 2294 mortem
1461 2256 1737 2294 occultaverint.
1750 2255 1887 2291 Contra
1898 2253 1983 2290 verb

601 2305 759 2342 Pichena
774 2308 964 2344 contendit
984 2322 1002 2344 a
1023 2309 1164 2345 Cereali
1183 2308 1378 2357 ceterisque
1403 2308 1551 2343 ducibus
1570 2305 1750 2343 Flavianis
1780 2304 1984 2341 occultatos

602 2354 701 2392 fuisse
723 2357 890 2400 nuntios,
921 2358 978 2394 seu
995 2358 1202 2394 tabellarios
1223 2387 1232 2402 ‚
1259 2358 1320 2407 qui
1338 2357 1455 2394 Roma
1471 2357 1674 2406 Vespasiani
1702 2365 1852 2392 mortem
1876 2352 1983 2401 figni-

600 2404 748 2442 ficatum
761 2418 946 2445 venerant.
975 2407 1141 2446 Pichenae
1158 2409 1336 2445 assentitur
1357 2408 1416 2445 Cl.
1435 2407 1607 2445 Ernestus.
1636 2406 1674 2442 Si
1703 2404 1781 2454 quis
1806 2414 1925 2440 tamen
1940 2400 1985 2438 ad
