2209 3047
590 227 680 267 454
782 207 1003 251 NOTAE
1054 204 1138 246 ET
1187 203 1787 250 EMENDATIONES

645 287 752 323 CAP.
778 285 841 320 XI.
871 283 1158 320 DEPOSCERENT
1187 285 1205 329 ]
1230 281 1328 318 Male
1363 281 1430 318 ΜΓ.
1454 281 1562 319 Bodl.
1588 284 1786 330 reposcerent.

639 338 800 373 Menoe
829 346 1018 370 LEGIONES
1046 337 1063 380 ]
1104 332 1200 369 Bene
1231 331 1310 369 Mff.
1341 334 1375 368 &
1403 343 1538 370 veteres
1572 334 1859 386 recentioresque
1897 337 1972 375 edi.

586 388 719 425 tiones.
748 385 972 427 Rhenanus,
998 383 1131 431 Mafffici.

638 437 988 480 DEVERTEBATUR]
1008 433 1066 469 Sic
1084 432 1196 468 editio
1216 432 1382 481 princeps
1400 435 1432 468 <Sc
1451 433 1679 470 recentiores,
1708 435 1761 470 At
1775 434 1854 470 Mff.
1870 435 1974 475 Harl.

588 486 696 524 Bodl.
723 485 790 523 Jes.
817 483 904 534 Reg.
930 487 963 520 ὅς
984 482 1212 524 Puteolanus,
1241 484 1466 518 divertebatur.

637 540 717 571 ilel
743 538 760 581 ]
801 535 876 572 Mff.
900 533 1003 570 Harl.
1027 532 1134 569 Eodl.
1157 531 1223 568 Jes.
1252 535 1285 568 &
1316 532 1534 569 Puteolanus
1552 561 1559 574 ,
1588 536 1672 570 nixi.

638 585 884 621 FORNAchus
913 588 930 630 ]
958 584 1012 619 Ita
1035 583 1109 618 ΜΠ.
1130 581 1227 617 Flos.
1249 582 1335 631 Agr.
1363 585 1450 632 Reg.
1473 582 1584 619 Corb.
1608 584 1722 620 editio
1750 585 1916 633 princeps
1939 587 1974 622 &

587 635 816 673 recentiores.
856 634 933 669 Mss‘.
967 632 1068 668 Harl.
1099 631 1206 666 Bodl.
1233 632 1300 668 Jes.
1326 636 1358 669 &
1386 633 1603 670 Puteolanus
1626 662 1634 677 ,
1669 635 1860 681 fornicibus.
1896 635 1975 671 No-

587 697 701 722 tatum
727 685 763 719 in
785 682 1025 738 marg-ineMs.
1045 681 1148 718 Harl.
1169 683 1251 716 alius
1275 682 1383 719 habet
1398 684 1588 731 fornicibus.
1608 685 1722 734 Supra
1744 685 1781 721 in
1799 685 1866 721 Ms.
1885 684 1973 736 Reg-

589 739 623 773 &
649 734 811 772 editione
836 745 999 781 prmmpe
1015 759 1024 775 ,
1053 734 1247 767 balneorum.

636 785 699 820 Vrs
728 796 775 819 ET
808 794 994 818 POTESTAS
1024 785 1041 828 ]
1067 781 1145 818 Mis.
1169 781 1269 819 Harl.
1295 782 1402 819 Bodl.
1427 782 1540 818 Corb.
1553 786 1608 830 jus
1636 784 1672 818 ὃ*
1692 784 1842 830 potestas.

638 834 820 870 Mitrrtm
851 843 997 868 srunrrs
1022 835 1040 878 ]
1068 831 1144 869 ΜΠ.
1173 830 1269 868 Flor.
1300 836 1333 869 &
1361 832 1474 869 Corb.
1510 834 1676 868 mzlztihus.
1702 833 1794 871 [nde
1819 832 1978 871 Pichena

588 884 772 926 tentabat,
800 883 1023 917 militaribus:
1052 880 1126 920 Jac.
1153 881 1390 927 Gronovius,
1417 885 1532 918 militis
1546 883 1677 931 studiis.

639 983 744 1020 CAP.
771 982 855 1018 XII.
881 982 1122 1018 VESPASIANO
1149 986 1167 1028 ]
1194 982 1258 1018 Ms.
1287 981 1401 1018 Corb.
1429 995 1448 1016 a
1471 982 1671 1027 Vespafiano.

638 1034 877 1069 CORNELIUM
908 1034 1065 1068 Fuscum
1091 1037 1108 1079 ]
1136 1032 1233 1069 Bene
1267 1031 1382 1068 editio
1408 1030 1594 1080 princeps,
1621 1029 1756 1081 Lipsius
1784 1033 1818 1067 δε
1841 1029 1981 1069 Recen-

588 1084 708 1120 tiores.
737 1082 814 1118 Mff.
854 1082 956 1118 Harl.
982 1082 1090 1118 Bodl.
1115 1082 1182 1119 Jes.
1208 1085 1241 1118 ὃς
1263 1081 1506 1124 Puteolanus,
1536 1085 1718 1117 Cornelium
1747 1083 1884 1128 fuscum.
1904 1083 1981 1120 Hic

588 1133 636 1171 est
658 1132 849 1168 Cornelius
872 1131 1024 1175 Fuscus,
1052 1132 1096 1168 de
1119 1145 1193 1182 quo
1219 1132 1350 1168 dictum
1378 1129 1426 1168 est
1450 1132 1552 1180 supra
1585 1131 1674 1168 Hist.
1699 1131 1760 1174 II,
1792 1131 1852 1167 86.

632 1188 897 1218 ADCUCURRIT
926 1185 943 1228 ]
978 1182 1033 1218 Ita
1064 1182 1130 1218 Ms.
1167 1181 1263 1220 Flor.
1298 1181 1455 1218 Pichena
1483 1185 1516 1218 &
1547 1181 1789 1218 RecentioreS.
1825 1180 1866 1216 ln
1899 1182 1980 1218 Mss'.

585 1232 674 1282 Reg.
703 1232 817 1268 Corb.
840 1235 1025 1267 accucurrit.
1052 1232 1127 1268 Mff.
1148 1232 1248 1268 Harl.
1282 1231 1387 1269 Bodl.
1414 1230 1481 1268 Jes.
1503 1235 1537 1268 ὃ(
1562 1232 1801 1274 Puteolanus,
1830 1236 1982 1270 accurrit.

635 1286 796 1318 ATRIAM
826 1293 1042 1318 PERVECTUS
1069 1285 1086 1327 ]
1113 1282 1211 1319 Bene
1236 1282 1313 1318 Mss.
1340 1281 1429 1331 Reg.
1457 1282 1570 1319 Corb.
1599 1285 1632 1318 ὃ(
1662 1282 1776 1319 editio
1799 1280 1980 1331 princeps.

586 1333 645 1369 Sic
675 1345 822 1382 quoque
848 1331 986 1367 Plinius
1009 1331 1063 1368 III
1080 1360 1089 1375 ‚
1121 1335 1180 1368 16.
1210 1334 1321 1368 Nobili
1339 1344 1435 1379 portu
1462 1333 1568 1380 oppidi
1591 1334 1779 1380 Thuscorum
1803 1333 1905 1367 Atrioe
1922 1360 1931 1375 ‚
1961 1345 1982 1367 a

587 1396 647 1430 quo
680 1384 877 1417 Atriaticum
916 1396 1001 1416 mare
1030 1383 1103 1416 αηιὲ
1139 1384 1384 1428 appessabmur,
1410 1385 1490 1429 quod
1517 1396 1598 1418 nunc
1629 1384 1842 1418 Adriaticum.
1881 1381 1982 1417 Male

587 1432 806 1469 Puteolanus
832 1435 865 1467 δε
889 1431 1143 1474 Recentiores‚
1175 1433 1346 1467 Hadriam.
1371 1431 1478 1468 Recte
1503 1432 1578 1467 Mff.
1610 1432 1707 1468 Flor.
1737 1430 1836 1466 Harl.
1871 1431 1980 1467 Eodl.

588 1482 657 1518 Jes.
682 1481 801 1518 Guelf.
828 1481 940 1518 Corb.
969 1484 1002 1517 ὃς
1029 1481 1270 1525 Puteolanus,
1293 1484 1468 1528 perrarus.
1494 1481 1539 1517 In
1558 1481 1626 1518 ΜΓ.
1649 1483 1738 1532 Reg.
1762 1484 1796 1518 δε
1818 1480 1982 1519 editione

589 1533 990 1617 pnffiegffizoprffuegzg
1019 1583 1036 1626 ]
1064 1579 1119 1616 Ita
1144 1580 1210 1616 Ms.
1243 1579 1345 1617 Harl.
1376 1579 1491 1629 prima
1525 1591 1660 1623 manu,
1696 1578 1917 1616 Puteolanus
1949 1583 1984 1618 δε

590 1631 833 1668 Recentiores.
872 1631 912 1667 In
946 1631 1011 1666 Ms.
1042 1629 1108 1667 Jes.
1142 1632 1319 1667 Memmio:
1349 1630 1395 1666 sic
1431 1642 1577 1680 quoque
1611 1629 1840 1666 emendatum
1873 1629 1984 1667 altera

591 1694 698 1718 manu
721 1682 759 1717 in
787 1681 851 1717 Ms.
870 1681 972 1717 Harl.
991 1683 1031 1716 In
1046 1681 1120 1717 Mff.
1136 1681 1253 1717 Vatic.
1281 1681 1368 1730 Agr.
1402 1680 1515 1716 Corb.
1541 1683 1574 1716 δε
1607 1679 1771 1716 editione
1793 1679 1984 1728 principe,

584 1735 803 1781 jiirenioriirn.
833 1730 943 1767 Unde
967 1730 1111 1780 quidam
1139 1731 1272 1768 finxere
1298 1732 1389 1766 alam
1419 1729 1672 1779 juveniorum‚
1705 1742 1783 1780 quse
1810 1731 1987 1781 nusquam.

593 1782 630 1817 in
648 1781 801 1831 antiquis
825 1780 1069 1817 monumentis
1091 1793 1319 1818 memoratur.
1343 1781 1407 1817 Ms.
1435 1780 1532 1817 Flor.
1552 1782 1708 1817 Vivennio
1733 1781 1866 1829 Rufino.

641 1832 746 1868 ILLIC
774 1843 974 1868 AGITANTE
1004 1835 1021 1878 ]
1046 1833 1120 1867 Illic
1156 1831 1251 1868 abest
1275 1844 1295 1867 a
1320 1831 1388 1868 Ms.
1417 1830 1528 1868 Corb.

642 1931 747 1967 CAP.
774 1931 876 1969 XIII.
906 1932 1078 1969 Siccam-A
1110 1944 1347 1969 cAsTRorerM
1376 1935 1393 1979 ]
1420 1933 1476 1968 Ita
1501 1932 1578 1969 Mss.
1601 1931 1704 1968 Harl.
1726 1931 1833 1968 Bodl.
1858 1929 1923 1967 Jes.
1950 1931 1988 1967 δε

593 1980 677 2017 libri
695 1995 818 2018 omnes
834 1982 921 2018 editi
939 2009 947 2023 ,
973 1993 1100 2031 praeter
1118 1981 1299 2030 Ryckinrn
1312 2011 1320 2026 ‚
1339 1983 1400 2032 qui
1422 1995 1441 2018 e
1460 1983 1524 2019 Ms.
1538 1983 1623 2032 Agr.
1649 1981 1766 2018 edidit
1783 2009 1792 2024 ,
1818 1983 1985 2027 ficretum.

594 2030 639 2067 In
665 2032 740 2068 Mff.
769 2031 865 2069 Flor.
893 2033 982 2082 Reg.
1006 2032 1117 2068 Corb.
1143 2032 1235 2067 Bud.
1256 2035 1460 2079 secrmrum.
1496 2034 1533 2068 A
1562 2032 1629 2068 Ms.
1659 2031 1747 2082 Reg.
1774 2029 1869 2067 abest
1886 2058 1896 2074 ,
1922 2030 1988 2078 cas-⁴-

594 2090 729 2117 trorum.

647 2132 694 2166 IN
724 2143 853 2168 Asscro
884 2145 1134 2170 commin-um
1158 2135 1175 2178 ]
1205 2131 1301 2168 Bene
1327 2130 1402 2167 ΜΠ.
1424 2130 1528 2167 Harl.
1553 2130 1661 2167 Bodl.
1679 2129 1746 2167 Jes.
1775 2128 1895 2165 Guelf.
1919 2128 1987 2164 Pu-

593 2180 758 2218 teolanus
785 2185 818 2218 ὃς
843 2184 1085 2219 Recentiores.
1121 2182 1163 2218 In
1190 2182 1270 2218 Mff.
1295 2181 1394 2218 Flor.
1420 2181 1508 2230 Reg.
1537 2183 1570 2217 &
1598 2180 1762 2217 editione
1797 2178 1984 2228 principe,

594 2234 629 2267 in
653 2245 724 2267 arce
746 2245 960 2267 commeatum.
986 2233 1061 2268 Mff.
1086 2232 1197 2269 Corb.
1223 2233 1308 2282 Agr.
1333 2235 1365 2267 in
1388 2245 1489 2267 arcem
1512 2243 1729 2266 commeatum.
1756 2229 1847 2266 Inde
1867 2240 1985 2266 emen-

595 2280 743 2318 daverat
773 2281 984 2326 Rhenanus,
1013 2284 1121 2329 inopini
1149 2295 1403 2317 commeatuum:
1430 2280 1590 2331 Lipsius,
1618 2294 1719 2316 arcem
1742 2290 1985 2315 commeatuum.

648 2331 848 2367 DEREPTAE
878 2343 1060 2368 lMAGINES
1086 2336 1103 2378 ]
1139 2334 1237 2368 Bene
1267 2331 1431 2368 Ernestus
1463 2337 1496 2369 <Sc
1523 2330 1770 2367 Recentiores.
1807 2328 1986 2364 Detraaze

596 2381 695 2417 enim
722 2381 766 2418 de
789 2380 893 2430 fignis
919 2382 1115 2430 imagines,
1143 2383 1279 2428 dereptae
1307 2382 1498 2429 dicuntur,
1529 2393 1608 2418 non
1639 2380 1726 2417 vero
1763 2380 1916 2427 direptae,
1943 2386 1985 2413 ut

597 2430 731 2470 habent
755 2431 832 2469 ΜΠ.
859 2435 893 2470 &
915 2443 1051 2470 veteres
1069 2431 1259 2470 editiones.
