2209 3047
613 163 698 212 4¹3
790 154 1011 196 NOTAE
1056 152 1141 193 ET
1181 150 1775 198 EMENDATIONES

670 231 815 266 TANTA
837 242 944 266 moLE
968 233 1114 276 BELLr]
1144 228 1200 266 Ita
1219 229 1302 266 libri
1337 241 1472 266 ornnes·
1499 228 1630 266 Mallet
1650 230 1681 267 J.
1702 231 1742 268 F.
1761 232 1995 283 Gronovius,

613 281 738 319 tentati
753 282 832 316 mole
849 282 936 317 belli.

663 330 709 366 ΙΝ
729 332 918 378 SUMMAM]
947 329 1046 367 Bene
1064 330 1256 367 Rhenanus
1275 333 1308 366 &-
1324 329 1568 366 Recentiores.
1596 329 1640 366 In
1661 330 1740 367 Mss.
1761 334 1795 368 &
1815 333 1996 370 veteribus

614 379 856 423 editionibus,
875 381 1054 427 insummd.
1078 382 1137 417 Sic
1150 383 1218 427 jam
1235 379 1464 417 emendatum
1477 379 1579 428 supra
1594 381 1829 418 AnnaLXIII
1842 410 1853 425 ‚
1885 384 1945 431 38.

662 429 914 477 Pfflssnlccm]
937 431 992 467 lta
1008 431 1084 467 Mis.
1101 430 1189 480 Reg.
1207 434 1240 466 &
1256 429 1351 468 flor.
1373 430 1415 465 In
1430 429 1592 466 editione
1606 430 1787 480 principe,
1803 433 1996 469 Phirritum.·

613 479 845 522 Puteolanus,
858 482 1069 517 Plzirrhicum.
1090 480 1158 517 ML
1171 480 1290 516 Guelf.
1307 484 1485 529 Pyrricum.
1502 481 1580 515 Mss.
1591 480 1694 517 Harl.
1708 481 1814 518 Eodl.
1829 481 1896 519 Jes.
1910 487 1994 531 Pyr-

614 532 746 566 rhicum.
767 530 882 576 Quod
901 531 1050 567 volebat
1068 530 1096 567 J.
1122 530 1161 566 F.
1178 530 1417 574 Gronovius;
1443 534 1476 567 δε
1500 530 1626 567 melius
1649 543 1752 580 puto.
1777 531 1821 568 In
1832 532 1993 581 Inscrip-

613 579 715 616 tione
742 580 854 617 veteri
881 581 976 629 apud
1003 583 1194 617 Gruterum
1215 608 1226 624 ,
1264 593 1348 631 pag.
1384 593 1529 618 Dxcvu.
1571 593 1669 618 num.
1707 594 1742 618 2.
1774 593 1993 619 memoratur

611 630 638 665 P
650 628 680 665 Y
693 629 723 664 R
732 629 787 666 RI
798 630 829 666 C
841 631 876 666 H
887 630 928 666 E.

664 679 874 726 BAusms]
903 680 1060 717 Pichena
1076 692 1094 717 e
1112 680 1179 716 Ms.
1192 679 1290 718 flor.
1313 684 1347 719 ὃς
1362 693 1523 720 veterum
1543 681 1757 731 scriptorum
1783 682 1861 719 usu.
1890 682 1995 728 Alii,

612 729 742 766 balneis.

665 829 770 864 CAP.
799 827 913 867 XVII.
941 829 1187 867 APERUERAT
1213 843 1287 867 JAM
1311 830 1510 876 Iratum]
1540 830 1614 867 Mss‘.
1629 830 1732 867 Harl.
1748 830 1855 866 Bodl.
1872 830 1991 868 Jes.&

609 879 825 914 Puteolanus
837 906 847 922 ,
877 893 1044 926 aperuerat
1063 885 1179 926 jamin
1191 883 1306 917 Italia.
1329 881 1420 917 Mox
1438 880 1506 917 Ms.
1525 880 1628 918 Harl.
1650 882 1767 917 bellum
1785 880 1867 929 quod
1883 882 1993 929 trans-

609 932 735 976 miserat
748 957 757 972 ‚
776 931 842 964 &Q

665 978 747 1014 Ati
774 980 955 1014 SYLLANA
971 982 988 1024 ]
1015 978 1140 1016 Editio
1154 981 1322 1030 princeps
1335 1009 1346 1025 ‚
1367 982 1493 1017 Silana.

662 1027 820 1064 Rieu-fis
839 1034 1164 1077 ocCCPANTinUs]
1192 1030 1262 1067 Ms.
1290 1029 1403 1067 Corb.
1432 1031 1586 1080 fragiles.
1604 1030 1673 1068 Ms.
1702 1030 1788 1082 Agr.
1813 1031 1848 1066 ὅτ.
1871 1027 1989 1066 editio

608 1077 774 1127 princeps
787 1105 797 1121 ,
816 1081 1078 1124 occupationibus.

660 1127 903 1164 Mmorzmus
922 1133 1179 1176 rxcumosos]
1210 1130 1267 1167 Ita
1285 1130 1371 1166 libri
1385 1143 1522 1168 omnes,
1547 1131 1603 1167 Ac
1619 1130 1711 1168 bene
1737 1129 1894 1180 quidem.
1919 1128 1992 1165 Mi-

607 1176 703 1213 nime
720 1178 892 1214 curabant
906 1180 967 1228 qui
983 1181 1090 1218 essent
1103 1180 1280 1218 meliores.
1295 1182 1429 1218 Tentat
1444 1180 1474 1218 J.
1484 1180 1524 1223 F.
1537 1181 1748 1218 Gronovius
1768 1209 1778 1224 ,
1809 1180 1990 1215 melioribus

605 1228 766 1275 incuriosts
781 1241 790 1264 :
807 1229 1011 1266 Grossotius
1024 1262 1031 1273 ‚
1051 1234 1218 1266 meliorum
1231 1234 1411 1279 incuriosas.
1423 1233 1476 1267 At
1493 1234 1671 1267 melioribus
1688 1231 1749 1267 hic
1768 1230 1899 1266 dictum
1913 1257 1924 1274 ,
1947 1239 1991 1266 ut

604 1275 707 1325 supra
720 1278 850 1315 Annal.
869 1279 966 1322 XIV,
988 1284 1046 1329 38.
1061 1283 1202 1329 serendis
1224 1284 1371 1330 frugibus
1386 1283 1566 1327 incuriofhs.

656 1326 714 1363 ET
734 1333 913 1375 camum]
946 1331 1022 1366 ΜΠ.
1042 1331 1145 1367 Harl.
1164 1331 1624 1368 Bodl.Jes.&Puteolanus
1638 1360 1646 1375 ,
1669 1332 1706 1367 ξπ*
1723 1332 1846 1366 urbium
1859 1330 1912 1379 est.
1932 1330 1991 1379 Est

604 1378 696 1413 reae
711 1378 872 1414 orniffum
892 1379 929 1414 in
943 1379 1010 1416 Ms.
1030 1381 1144 1417 Corb.
1158 1382 1319 1418 editione
1333 1382 1498 1431 principe
1511 1386 1544 1418 ὅ(
1555 1381 1826 1419 recentioribus.

649 1428 769 1472 QUEM
795 1435 1005 1476 REPENTE]
1032 1432 1226 1468 Rhenanus
1245 1460 1255 1475 ,
1281 1432 1420 1468 secutus
1439 1432 1505 1468 Ms.
1527 1432 1618 1468 Bud.
1638 1431 1823 1473 omiserat,
1850 1431 1988 1477 repente'.

604 1474 702 1512 Illud
716 1479 843 1515 merito
860 1479 1009 1516 restituit
1023 1480 1192 1518 Pichena.
1210 1482 1455 1531 Suffragantur
1474 1483 1552 1518 Mss.
1572 1485 1606 1518 ὃς
1620 1492 1755 1518 veteres
1769 1480 1960 1517 editiones.

656 1525 797 1565 Raptis
824 1535 1080 1578 QUIBUSDAM]
1115 1531 1172 1568 Ita
1200 1531 1284 1568 libri
1313 1544 1449 1569 omnes.
1472 1531 1613 1569 Frustra
1649 1530 1797 1581 quidam
1823 1540 1991 1575 tentant,

603 1589 714 1624 captis.

646 1676 753 1715 CAP.
783 1677 918 1715 XVIII.
947 1679 1212 1722 Tssleuxtsot‘r:
1228 1684 1247 1727 ]
1273 1681 1494 1718 Puteolanus
1508 1709 1517 1724 ‚
1532 1680 1665 1730 aliique
1689 1679 1821 1716 deinde
1835 1692 1960 1717 omnes
1974 1705 1988 1724 ‚

603 1727 795 1776 tribunisque
812 1731 1047 1774 providentiam
1061 1732 1146 1765 ducis
1159 1732 1375 1769 laudantibus.
1402 1733 1497 1778 Quae
1514 1730 1658 1766 infititia
1669 1729 1735 1766 effe
1746 1758 1755 1772 ‚
1769 1732 1803 1765 δε
1813 1743 1856 1766 ex
1869 1730 1987 1779 capite

603 1775 764 1825 sequenti
787 1779 963 1821 arcessita,
985 1779 1113 1816 merito
1133 1780 1267 1818 sensere
1282 1781 1440 1819 Pichena
1454 1781 1587 1831 aliique
1609 1780 1677 1816 viri
1696 1779 1841 1816 eruditi.
1871 1779 1988 1829 quue

604 1827 900 1865 evidentiffimum
915 1829 962 1866 est
975 1843 1017 1867 ex
1032 1830 1107 1866 ΜΠ.
1130 1831 1215 1881 Beg.
1232 1832 1331 1869 flor.
1347 1835 1380 1868 &
1397 1832 1560 1869 editione
1571 1830 1738 1880 principe
1755 1858 1766 1874 ,
1790 1830 1830 1865 in
1857 1829 1988 1880 quibus

597 1879 834 1923 presidentium
851 1881 934 1915 ducis
951 1881 1091 1916 laudari.
1108 1881 1174 1916 Ms.
1189 1882 1302 1919 Corb.
1320 1883 1462 1919 laudare.

651 1928 731 1973 Qm
755 1934 1059 1977 PRODITIONEM]
1089 1930 1188 1968 Bene
1213 1933 1289 1969 Mis.
1318 1936 1351 1969 δε
1374 1944 1512 1970 veteres
1525 1931 1715 1968 editiones,
1737 1929 1925 1978 Perperam
1946 1928 1988 1966 in

540 1974 565 1995 ⁴’
602 1978 863 2015 recentioribus
876 1980 1098 2017 edztionibus
1113 2013 1120 2023 ‚
1150 1995 1189 2018 ex
1211 1984 1415 2030 conjeciura
1430 1983 1603 2025 Merceri‚
1621 1979 1850 2018 emendatum
1870 1983 1958 2028 quin.

646 2027 959 2076 PnomTroNEM]
985 2030 1025 2066 In
1041 2031 1115 2067 Mff.
1130 2032 1229 2068 Harl.
1250 2032 1358 2069 Eodl.
1384 2032 1450 2070 Jes.
1472 2032 1560 2082 Reg.
1580 2035 1615 2068 ὅ(
1640 2029 1861 2068 editionibus
1883 2039 1986 2066 vete-

604 2074 719 2119 ribUS‚
743 2092 797 2121 pro
810 2081 944 2116 Othone.
966 2080 1008 2116 In
1029 2082 1093 2118 ΜΓ.
1106 2081 1203 2120 Flor.
1219 2098 1275 2130 per
1290 2084 1458 2120 Othonem.
1493 2083 1560 2119 ΜΓ.
1581 2081 1692 2119 Corb.
1710 2082 1866 2116 Othonem
1879 2107 1889 2123 ,
1912 2078 1985 2115 fine

602 2126 867 2174 praepofitione.
893 2130 1076 2168 Tentabat
1090 2135 1268 2171 Mercerus
1281 2161 1290 2177 ,
1307 2135 1486 2180 proditione
1511 2135 1658 2170 accitum.
1679 2130 1811 2168 Melius
1828 2129 1988 2166 Pichena.

605 2177 638 2211 &
651 2174 900 2222 Recentiores,
919 2184 1128 2227 prodinonem
1148 2184 1184 2218 CT
1204 2189 1350 2219 accitum.

650 2225 807 2275 liza-ssim·
836 2236 1046 2279 commus]
1074 2232 1142 2268 Ms.
1161 2232 1274 2271 Corb.
1297 2235 1377 2283 effit-

650 2324 755 2363 CAP.
785 2327 879 2365 XIX.
909 2328 997 2367 Nox
1021 2335 1280 2379 APPETEBAT]
1306 2332 1352 2371 In
1365 2332 1434 2370 Ms.
1453 2331 1556 2371 Harl.
1570 2330 1727 2370 secunda
1742 2340 1850 2367 manu
1862 2339 1982 2366 emen-

602 2371 723 2412 datum
738 2404 748 2422 ‚
777 2380 960 2426 apparebat.
