2230 3047
98 846 152 882 ,10

99 1159 146 1205 ¹5

89 1476 146 1510 20

84 1794 137 1837 25

349 183 830 229 HISTORIARUM
874 181 1075 223 LIBER
1121 183 1385 225 PRIMUS.
1524 195 1579 234 15

187 281 250 312 tus
277 269 424 311 Vinius
444 266 630 310 consules
644 297 657 318 ,
683 268 929 309 inchoavere
951 276 1101 304 annum
1121 263 1190 304 fibi
1209 264 1398 306 ultimum
1412 294 1426 317 ,
1449 266 1581 323 reipu—

187 333 301 375 blicae
323 333 448 389 prope
474 332 717 388 supremum.

251 397 360 437 XII.
394 397 577 436 Panem
620 394 707 450 post
744 391 942 434 Calendas
973 391 1179 435 ,Ianuarias
1218 391 1356 432 diebus
1394 393 1579 449 Pompeii

186 460 428 516 Propinqui,
447 458 740 515 procuratoris,
762 471 783 497 e
797 454 964 510 Belgica
983 460 991 476 ¹
1012 453 1134 495 literae
1151 455 1370 495 afferuntur
1382 485 1395 506 ,
1422 474 1444 493 ‹<
1461 457 1578 514 supe-

185 525 332 564 »rioris
356 523 580 563 Germaniae
604 519 787 576 legiones
811 524 825 540 ²
840 549 853 570 ,
879 516 995 574 rupta
1022 518 1261 559 sacramenti
1284 520 1510 561 reverentia
1534 526 1544 550 ³
1563 550 1579 573 ,

183 586 505 642 »Imperatorem
525 583 648 625 alium
670 584 849 638 flagitare
866 612 879 633 ,
907 586 948 623 ὅ(
968 581 1121 623 senatui
1142 597 1189 623 ac
1212 580 1366 638 populo
1387 582 1578 626 Romano

184 650 422 690 »arbitrium
447 648 624 704 eligendi
649 648 880 704 permittere
902 663 947 696 »,
970 648 1050 700 quo
1073 645 1217 686 seditio
1239 643 1402 686 mollius
1423 650 1577 703 accipe-

183 726 302 754 retur.
341 712 565 754 Maturavit
589 726 636 752 ea
675 725 738 750 res
766 709 976 752 consilium
1015 707 1154 750 Galbae
1168 738 1182 760 ,
1218 707 1299 761 jam
1334 709 1488 765 pridem
1527 712 1576 752 de

183 776 404 832 adoptione
430 776 568 817 secum
596 779 637 815 ὃ(
671 789 764 814 curn
790 774 982 830 proximis
1011 774 1212 828 agitantis.
1239 774 1341 813 Non
1370 772 1462 813 sane
1489 789 1577 814 cre-

182 838 292 880 brior
317 836 404 880 tota
429 840 594 881 civitate
613 838 742 878 sermo
763 852 833 894 per
853 836 946 877 illos
979 836 1134 877 menses
1159 836 1310 877 fuerat:
1337 836 1510 891 primum
1533 836 1577 877 li-

183 900 315 944 centia
328 933 342 954 ,
370 918 418 944 ac
441 901 611 943 libidine
636 900 733 942 talia
750 900 971 955 loquendi,
997 900 1091 941 dein
1110 898 1210 940 fessa
1231 898 1314 952 jam
1334 913 1448 941 aetate
1472 899 1575 941 Gal-

180 965 250 1006 bae.
278 967 420 1008 Paucis
458 965 655 1018 judicium
679 994 692 1015 ,
730 977 798 1005 aut
822 962 1051 1020 reipublicae
1082 978 1217 1004 amor:
1256 961 1375 1003 rnulti
1410 962 1575 1005 occulta

179 1030 276 1085 spe,
307 1043 428 1085 prout
453 1030 540 1084 quis
567 1030 719 1069 amicus
738 1026 806 1068 vel
827 1026 954 1068 cliens
967 1056 980 1077 ,
1005 1028 1114 1067 hunc
1133 1025 1199 1068 vel
1220 1025 1335 1067 illum
1359 1026 1573 1069 ambitiosis

178 1092 405 1134 rumoribus
428 1091 700 1142 destinabant,
733 1093 854 1133 etiam
873 1092 914 1131 in
938 1090 988 1131 T.
1010 1091 1124 1132 Vinii
1142 1091 1280 1131 odium
1301 1091 1573 1143 diverterant,

179 1157 247 1211 qui
269 1157 311 1196 in
327 1156 410 1197 dies
426 1158 576 1210 quanto
592 1157 823 1212 potentior,
845 1155 990 1195 eodem
1009 1153 1115 1194 fanu
1136 1154 1302 1194 invifior
1320 1168 1415 1194 erar.
1437 1156 1573 1210 Quip-

177 1233 229 1276 pe
258 1220 440 1270 hiantes,
476 1221 519 1259 in
542 1217 687 1274 magna
709 1216 896 1268 fortuna,
935 1219 1160 1259 amicorum
1190 1218 1430 1273 cupiditates
1448 1248 1460 1268 ,
1489 1218 1571 1274 ipsa

179 1280 318 1324 Galbae
335 1281 507 1324 facilitas
526 1281 782 1324 intendebat:
806 1284 898 1323 curn
920 1281 1026 1337 apud
1047 1281 1251 1321 infirmum
1273 1285 1314 1322 ὃ(
1332 1281 1571 1334 credulum,

175 1347 334 1387 minore
358 1360 470 1388 metu
482 1376 496 1397 ,
521 1350 562 1388 &
576 1344 728 1399 maJ'ore
749 1346 912 1402 praemio
937 1358 1185 1401 peccaretur.

238 1409 375 1450 XIII.
408 1411 671 1452 PoTENTlA
698 1409 943 1466 principatus
966 1408 1091 1449 divisa
1114 1409 1157 1447 in
1177 1408 1228 1448 T.
1248 1408 1443 1459 Vinium,
1469 1423 1569 1450 con-

174 1471 327 1524 sulem,
349 1478 390 1514 &
410 1473 647 1514 Cornelium
668 1474 878 1514 Laconem
892 1502 904 1523 ,
930 1472 1102 1528 praetorii
1123 1471 1363 1528 praefefflum.
1383 1474 1426 1513 N
1430 1487 1477 1513 ec
1494 1474 1568 1513 mi·-

174 1551 250 1578 nor
270 1539 396 1592 gratia
420 1536 535 1578 Icelo
554 1543 572 1566 4
588 1567 601 1588 ,
631 1536 770 1578 Galbae
802 1535 948 1577 liberto
963 1566 976 1586 ,
1003 1550 1122 1590 quem
1148 1534 1276 1576 anulis
1311 1535 1505 1576 donatum
1523 1541 1535 1566 5
1551 1565 1566 1586 ,

172 1601 339 1654 equestri
361 1602 525 1642 nomine
545 1600 803 1640 Martiamcm
823 1599 1069 1641 vocitabant.
1100 1600 1159 1640 Hi
1187 1599 1389 1640 discordes
1403 1629 1416 1650 ,
1440 1604 1480 1640 &
1500 1614 1564 1640 re-

172 1663 244 1713 bus
279 1664 502 1706 minoribus
540 1664 609 1705 fibi
649 1664 812 1719 quisque
844 1663 1083 1713 tendentes,
1114 1663 1222 1703 circa
1249 1661 1460 1703 confilium
1488 1661 1563 1703 eli-

172 1728 293 1784 gendi
323 1727 555 1768 successoris
585 1730 626 1768 in
646 1728 742 1768 duas
765 1727 958 1767 fat-stiones
986 1725 1281 1767 scindebantur.
1309 1727 1452 1767 Vinius
1489 1741 1563 1782 pro

170 1792 232 1832 M.
261 1791 454 1832 Othone:
482 1791 595 1833 Laco
618 1806 735 1845 atque
755 1789 887 1831 Icelus
912 1788 1110 1831 consensu
1134 1804 1218 1829 non
1239 1802 1321 1830 tam
1342 1805 1468 1830 unum
1492 1789 1563 1830 ali-

168 1869 287 1910 quem
318 1853 540 1906 fovebant,
581 1855 697 1909 quam
722 1853 846 1895 alium
884 1852 914 1893 ⁶.
948 1854 1096 1907 Neque
1129 1866 1212 1893 erat
1246 1851 1384 1893 Galba:
1420 1855 1561 1909 ignom

881 1976 981 2006 tionem
1000 1974 1037 2004 ad
1051 1984 1122 2012 praet
1125 1976 1235 2005 orianos
1257 1985 1315 2004 cum
1333 1976 1471 2005 mandam]
1468 1976 1559 2015 ds

881 2016 1062 2052 tutaverunt,
1082 2014 1220 2065 displicere
1236 2015 1333 2052 Imper
1334 2026 1355 2044 ι
1358 2026 1427 2045 orem
1441 2016 1468 2045 in
1483 2015 1559 2045 Ger-

880 2066 954 2084 mani
951 2056 974 2084 i
986 2054 1110 2093 fufium,
1131 2055 1263 2095 eligerent
1281 2054 1350 2094 ipfi,
1375 2066 1450 2094 quen:
1468 2056 1559 2085 cancii

880 2095 1018 2124 exercitus
1050 2079 1263 2131 com’probarent.
1296 2096 1395 2126 Multa
1428 2105 1558 2135 quoque

209 1982 218 1997 ¹
241 1978 266 2007 E
282 1978 423 2008 Bumcai
441 1977 455 2013 ]
471 1977 517 2006 Ex
535 1976 639 2007 Gallia
659 1976 796 2022 Belgica.
816 1976 845 2005 A

167 2015 286 2054 Scalde,
298 2016 444 2051 l'‚Escaut
459 2016 494 2044 ad
509 2015 684 2056 Sequanam,
697 2017 726 2048 la
738 2017 842 2054 Seine,

167 2055 302 2096 Belgica,
321 2055 400 2086 Plin.
417 2057 478 2092 lV,
505 2065 550 2092 17.

207 2096 407 2126 ²Lm10m÷s
424 2096 439 2132 ]
462 2095 584 2139 Quibus
614 2103 742 2134 praeerat
760 2096 842 2127 Hor-

167 2134 302 2166 deonius
321 2134 472 2172 Flaccus,
499 2143 532 2166 ut
555 2134 671 2165 dictum
688 2135 728 2165 est
754 2135 842 2175 supra

167 2183 236 2240 ca?
244 2185 484 2250 favamma]
504 2215 635 2244 Sueton.
656 2213 690 2243 in
717 2214 839 2252 Galba,

169 2254 254 2285 XVI.
276 2251 403 2282 Mamme
407 2252 544 2290 fremebat
558 2252 711 2291 ficperioris
723 2253 842 2283 Germa-

167 2293 222 2322 niae
238 2292 375 2322 exercitur
387 2291 710 2330 ,fraudariftpraemiis
728 2303 840 2323 navacae

101 2336 106 2341 '
167 2331 302 2362 adversar
321 2331 420 2361 Gallos
449 2330 479 2360 ἓν
502 2331 648 2362 Vindicem
673 2342 770 2368 operoe.
782 2333 838 2362 Er-

188 2382 202 2400 o
235 2371 316 2408 primi
347 2371 492 2410 obsequium
519 2382 640 2409 rumpere
660 2371 742 2411 ausi,
773 2373 840 2403 Ka-

164 2382 257 2440 fendis
277 2410 412 2441 ,Ianuarii
432 2410 508 2450 adigi
521 2412 715 2450 filet-amento,
741 2411 820 2482 nlfi
810 2423 838 2442 ιη

167 2460 262 2481 nomen
277 2451 394 2491 senatus
406 2451 586 2491 recusarwunt
602 2451 748 2492 statimque
771 2462 840 2492 ega-

879 2134 972 2166 habet
992 2134 1196 2165 Plutarchus
1189 2145 1222 2164 ιη
1240 2134 1359 2171 Galba,
1378 2145 1446 2174 pag.
1468 2140 1555 2166 1062.

918 2180 932 2198 4
954 2176 1051 2205 Icaro
1070 2176 1084 2211 ]
1099 2175 1146 2204 De
1160 2175 1245 2205 Icelo
1263 2174 1336 2204 vide
1353 2175 1556 2214 Supplemen-

879 2223 945 2245 turn
969 2214 1082 2244 Annal.
1104 2215 1195 2249 XVI,
1223 2216 1262 2244 88
1287 2214 1386 2250 &96.

919 2260 927 2281 5
952 2256 1071 2284 Annus
1094 2255 1277 2291 nouarum]
1306 2253 1429 2284 Liberti
1453 2252 1553 2282 anulis

878 2293 977 2324 aureis
998 2294 1196 2324 donabantur
1212 2292 1300 2322 simul
1330 2303 1399 2323 cum
1423 2293 1524 2330 cqucll
1528 2292 1553 2322 ri

878 2333 1050 2372 dignitate,
1063 2342 1095 2363 ut
1112 2333 1206 2363 docet
1219 2332 1334 2363 Plinius
1349 2332 1504 2367 ΧΧΧΙΙΙ,
1522 2343 1552 2360 2.

917 2375 930 2392 ⁶
954 2375 1054 2410 QUAM
1078 2384 1179 2402 Αιιυι(
1205 2373 1220 2409 ]
1244 2372 1361 2406 Fuere,
1384 2372 1437 2410 qni
1462 2370 1531 2400 inc
1537 2387 1552 2392 -

877 2422 946 2444 rent
978 2413 1151 2443 Dolabellae
1172 2435 1181 2447 ‚
1217 2412 1289 2442 teste
1326 2410 1489 2442 Plutarclo
1520 2409 1551 2439 in

877 2451 977 2485 Galba
988 2476 996 2491 ‚
1019 2462 1086 2492 pag.
1111 2456 1199 2489 1063.

1605 279 1722 294 ==

1605 318 1677 343 ΑΕ.
1690 320 1722 344 C.

1629 365 1701 393 822.

1626 423 1650 447 J.
1662 423 1691 447 C.

1635 470 1689 503 69.
