2209 3047
470 329 503 353 Λ.
514 330 542 351 U.
554 328 583 350 C.

489 377 561 404 822.

490 426 512 448 J.
531 425 562 448 C.

498 472 523 504 ,6
526 477 555 505 9.

861 198 909 239 C.
970 198 1380 241 CORNELII
1434 195 1718 239 TACITI

669 275 944 316 LXXXIII.
979 277 1051 317 AD
1062 290 1114 318 ER
1125 291 1146 317 A
1158 291 1185 317 T
1212 276 1479 334 pugnantibus
1498 276 1692 332 spectator
1709 274 1880 332 populus
1894 305 1907 326 ,
1929 289 1987 318 ut-

609 353 684 392 que
701 340 741 378 in
759 338 916 380 ludicro
936 342 1152 381 certamine
1167 371 1180 390 ,
1205 343 1278 381 hos
1294 370 1306 389 ,
1333 340 1461 380 rursus
1484 338 1574 379 illos
1596 338 1771 380 clamore
1789 343 1826 379 ὅ(
1850 338 1987 394 plausu

607 401 790 442 fovebat:
820 403 1002 455 quotiens
1019 418 1104 458 pars
1122 402 1243 442 altera
1260 400 1506 452 inclinasset,
1531 401 1686 442 abditos
1716 402 1757 441 in
1786 400 1959 442 tabernis
1975 430 1988 451 ,

609 478 698 513 aut,
724 464 750 502 fi
766 479 884 518 quam
899 466 939 505 in
956 465 1119 505 domum
1138 465 1416 520 perfugerant,
1447 482 1467 501 «
1499 466 1582 505 erui
1606 463 1855 518 jugularique
1876 481 1897 500 »
1927 477 1991 503 ex-

608 526 850 583 postulantes
863 557 876 578 ,
903 541 1012 583 parte
1040 526 1188 579 maJ'ore
1217 528 1349 582 praedae
1367 526 1633 583 potiebantur.
1662 528 1771 567 Nam
1793 525 1920 566 milite
1941 526 1990 566 ad

612 590 846 644 sanguinem
868 595 907 631 ὃ(
926 591 1048 631 caedes
1066 590 1233 630 obverso
1248 619 1260 639 ,
1289 590 1414 645 spolia
1428 592 1469 630 in
1485 589 1630 644 vulgus
1652 588 1860 630 cedebant.
1880 590 1992 629 Saeva

613 668 660 693 ac
677 652 864 694 deformis
881 653 986 693 Urbe
1002 651 1086 692 tota
1100 652 1236 692 facies:
1252 652 1345 692 alibi
1362 652 1502 708 proelia
1519 657 1557 693 ὃς
1575 651 1759 699 vulnera;
1785 651 1879 693 alibi
1894 650 1994 692 bali-

613 730 694 756 neae
709 717 957 771 popinaeque:
975 714 1086 754 simul
1101 730 1216 755 cruor
1232 719 1271 755 ὅ(
1286 716 1404 756 strues
1420 729 1653 771 corporum3
1668 713 1779 767 juxta
1788 715 1938 764 scorta,
1953 718 1994 755 &

614 779 754 819 scortis
773 777 932 818 fimiles:
951 791 1142 831 quantum
1160 780 1200 816 in
1216 776 1421 819 luxurioso
1443 780 1528 819 otio
1544 778 1774 824 libidinum3
1803 777 1994 832 quidquid

615 842 657 880 in
675 840 913 881 acerbissima
929 842 1161 896 captivitate
1177 839 1391 881 scelerum:
1415 842 1595 897 prorsus,
1619 854 1663 881 ut
1690 841 1871 881 eamdem
1896 841 1993 880 civi-

616 917 739 944 tatem
759 907 798 943 &
814 903 943 943 furere
959 903 1136 943 crederes
1151 933 1163 953 ,
1183 908 1223 944 &
1238 903 1433 944 lascivire.
1450 904 1728 944 Conflixerant
1744 904 1834 944 ante
1856 904 1995 943 armati

617 967 815 1006 exercitus
828 967 870 1005 in
884 965 1009 1015 Urbe,
1027 965 1086 1006 bis
1102 966 1150 1006 L.
1165 965 1296 1016 Sulla,
1311 965 1434 1007 semel
1449 966 1601 1016 Cinna,
1620 965 1834 1006 victoribus
1857 971 1866 987 ¹
1884 979 1896 1011 ς
1918 980 1996 1005 nec

616 1042 716 1069 tunc
732 1030 861 1069 minus
878 1027 1144 1069 crudelitatis:
1170 1044 1277 1069 nunc
1291 1030 1507 1069 inhumana
1521 1029 1727 1078 securitas,
1749 1032 1789 1068 &
1811 1042 1860 1067 ne
1875 1029 1995 1067 mini-

618 1106 689 1131 mo
705 1091 865 1144 quidem
873 1093 1064 1147 temporis
1073 1090 1322 1147 ,voluptates
1336 1092 1573 1133 intermiffae:
1588 1090 1700 1132 velut
1712 1091 1815 1131 festis
1832 1090 1994 1131 diebus²

618 1154 660 1194 id
675 1169 832 1208 quoque
846 1153 1034 1208 gaudium
1058 1155 1267 1195 accederet
1280 1184 1292 1205 ,
1311 1154 1586 1206 exsultabant,
1610 1153 1866 1201 fruebantu13
1887 1149 1998 1194 nulla

620 1218 792 1273 partium
810 1215 903 1258 cura
916 1247 928 1266 ,
955 1216 1068 1258 malis
1085 1216 1256 1273 publicis
1271 1216 1350 1257 laeti
1369 1223 1396 1258 ³.

683 1279 951 1321 LXXXIV.
985 1281 1079 1321 PLU
1092 1292 1253 1321 RIMUM
1286 1280 1404 1322 molis
1433 1281 1475 1320 in
1514 1282 1816 1337 oppugnatione
1855 1281 2000 1321 castro-

620 1357 709 1382 rum
725 1348 743 1370 4
756 1343 832 1383 fuit
845 1373 856 1392 ,
882 1357 964 1397 quae
981 1344 1194 1384 acerrimus
1211 1344 1374 1397 quisque
1390 1374 1402 1393 ,
1425 1357 1470 1384 ut
1489 1345 1735 1384 noviffimam
1752 1344 1860 1399 spem
1875 1373 1888 1393 ,
1910 1344 2000 1383 reti-

621 1404 786 1446 nebant.
807 1405 868 1446 Εὸ
896 1407 1084 1446 intentius
1112 1407 1279 1446 vi&ores
1292 1436 1305 1456 ,
1331 1407 1530 1462 praecipuo
1560 1420 1740 1448 veterum
1770 1408 2000 1447 cohortium

622 1468 752 1508 :studio
766 1498 780 1519 ,
806 1470 945 1509 cuncla
961 1468 1279 1509 validissimarum
1293 1468 1449 1509 urbium
1464 1469 1630 1510 excidiis
1646 1482 1800 1526 reperta
1813 1467 1926 1509 simul
1939 1469 2002 1509 ad-

622 1545 819 1582 movent,
844 1532 1079 1572 testudinem
1096 1561 1109 1581 ,
1133 1544 1359 1582 tormenta,
1384 1546 1572 1587 aggeres,
1601 1532 1806 1587 facesque:
1837 1549 1857 1568 «
1884 1532 2000 1585 quid-

623 1610 645 1631 »
657 1594 750 1648 quid
768 1608 828 1634 tot
844 1593 995 1650 proeliis
1012 1593 1157 1635 laboris
1173 1610 1219 1636 ac
1235 1594 1403 1650 periculi
1419 1595 1626 1636 haufiffent
1641 1625 1651 1645 ,
1677 1609 1797 1651 opere
1813 1593 1886 1635 illo
1903 1609 2001 1635 con-

622 1657 841 1696 »summari
858 1675 879 1693 ›>
897 1656 1159 1698 clamitantes.
1181 1674 1202 1693 «
1223 1657 1371 1698 Urbem
1389 1658 1541 1698 senatui
1559 1674 1604 1699 ac
1621 1657 1772 1714 populo
1788 1658 1977 1698 Romano
1989 1687 2002 1708 ,

624 1719 806 1775 »templa
826 1720 900 1760 diis
915 1720 1088 1761 reddita:
1114 1722 1318 1776 proprium
1337 1721 1413 1761 esse
1432 1720 1569 1761 militis
1586 1721 1707 1762 decus
1723 1722 1763 1760 in
1781 1721 1910 1761 castris
1925 1751 1936 1771 ,
1960 1720 2003 1760 il-

625 1781 737 1822 »lam
760 1784 951 1838 patriam,
975 1781 1066 1823 illos
1087 1797 1269 1838 penates:
1295 1785 1335 1823 ni
1351 1785 1477 1824 statim
1492 1785 1735 1840 recipiantur
1749 1814 1761 1834 ,
1788 1785 1944 1824 noctem
1961 1784 2002 1823 in

626 1846 774 1887 »armis
796 1846 991 1901 agendam
1011 1863 1052 1886 ».
1076 1845 1228 1887 Contra
1243 1846 1453 1888 Vitelliani
1468 1877 1481 1898 ,
1506 1861 1744 1901 quamquam
1761 1861 1927 1887 numero
1943 1846 2002 1887 fa-

608 214 693 241 212

668 1965 677 1979 ¹
701 1961 924 1997 Vlcronuzus]
944 1961 990 1990 De
1005 1960 1050 1990 his
1067 1960 1211 1992 civilibus
1233 1961 1296 1993 bel-

1334 1961 1422 1992 Urbis
1457 1961 1645 1992 lascivientis
1673 1961 1760 1992 fimul
1792 1963 1826 1993 8<
1849 1961 2001 1998 furentis,

628 1998 666 2028 lis
689 2000 799 2030 Florus
817 2001 860 2029 Ill
873 2023 881 2035 ,
897 2011 944 2029 21.
968 1999 1026 2028 Hoc
1040 1999 1133 2029 deerat
1153 2011 1232 2029 urium
1246 2012 1295 2038 po-

1334 2001 1457 2040 egregia
1475 2009 1538 2032 arte
1551 2024 1559 2037 ‚
1577 2001 1708 2032 veritate
1729 2001 1860 2040 plurima
1884 2002 2002 2045 expres-

624 2037 684 2075 puli
706 2038 822 2068 Romani
844 2039 942 2075 malis,
967 2040 1024 2077 jam
1044 2049 1073 2068 ur
1093 2040 1144 2078 ipst?
1178 2041 1295 2079 intras&

624 2077 805 2114 parricidiale
830 2078 926 2106 [cllum
942 2077 1011 2107 domi
1025 2078 1197 2118 stringerem
1222 2079 1252 2108 Cr
1266 2081 1295 2108 in

626 2115 701 2146 Urbe
724 2116 832 2151 medici,
857 2117 956 2154 acforo
975 2141 983 2150 ,
1004 2118 1078 2156 quast
1097 2120 1201 2152 arenci,
1223 2120 1296 2148 cives

627 2165 687 2184 cum
703 2155 874 2194 civibussuis
885 2180 894 2194 ‚
907 2156 1074 2196 gladiatorio
1100 2168 1171 2187 more
1183 2168 1296 2187 concur-

627 2203 730 2225 Terent.

666 2238 680 2252 ²
705 2235 812 2263 Vruz‘r
832 2245 931 2265 FFSTIS
954 2245 1063 2265 DIFEUS
1078 2236 1092 2272 ]
1110 2236 1204 2266 Velut
1217 2236 1296 2266 festis

629 2272 738 2302 diebus
760 2273 965 2303 Saturnalium
982 2274 1012 2303 id
1029 2285 1153 2313 quoque
1177 2286 1295 2314 pugna-

629 2322 697 2342 rum
724 2320 816 2350 atque
845 2313 974 2342 caedium
997 2313 1142 2352 gaudium
1164 2316 1295 2345 accede—

629 2359 675 2381 ret
688 2374 696 2385 ‚
720 2352 928 2384 exsultabant,
954 2362 1136 2392 novumque
1149 2352 1227 2383 illud
1240 2364 1296 2384 vo-

627 2390 778 2428 luptatum
796 2401 888 2429 genus
905 2390 1097 2421 fruebantur.

665 2435 675 2455 ³
692 2430 792 2460 MAms
806 2441 942 2461 rumicis
962 2431 1198 2468 LAET1]Faciem
1211 2430 1292 2463 hanc

1333 2039 1368 2070 fit
1389 2040 1525 2071 Tacitus.
1550 2042 1697 2079 Repertus
1714 2048 1817 2070 tamen
1841 2050 2003 2079 nuperm-

1334 2079 1476 2123 geniosus
1501 2080 1651 2117 scriptor,
1681 2080 1734 2119 qui
1761 2079 2002 2117 descriptionem

1335 2119 1420 2148 1llam
1444 2119 1662 2150 incredibilem
1690 2119 1769 2154 ess‘e,
1793 2119 2002 2157 Tacitumque

1334 2157 1463 2197 ingenio
1477 2158 1569 2188 nimis
1578 2157 1730 2188 indulfiffe
1742 2158 1950 2188 contenderit:
1960 2158 2003 2187 sa·-

1334 2199 1374 2227 n'e
1389 2197 1481 2236 paulo
1506 2198 1670 2232 austerior,
1686 2197 1802 2237 quique
1831 2197 1912 2227 haud
1932 2197 2002 2227 satis

1334 2236 1523 2272 attenderit,
1541 2236 1695 2267 conversis
1710 2237 1749 2267 ad
1776 2236 1928 2266 luxuriam
1944 2236 2002 2265 im-

1336 2275 1445 2314 periis,
1468 2276 1570 2314 patriae
1589 2286 1696 2306 amore
1731 2275 1919 2310 obliterato,
1946 2275 2001 2304 fla-

1335 2315 1552 2354 grantibusque
1573 2315 1664 2345 bellis
1685 2314 1851 2348 civilibus,
1876 2313 2001 2353 publica

1335 2354 1414 2383 mala
1429 2362 1521 2392 atque
1545 2354 1619 2392 ipfiis
1639 2354 1740 2384 clades
1766 2353 1868 2383 rideri.

1372 2397 1386 2415 4
1408 2394 1635 2430 CAsrrzoRum]
1665 2392 1892 2423 Praetoriorum.
1918 2391 2001 2424 Vide

1334 2430 1408 2461 Hist.
1426 2433 1459 2468 1,
1479 2442 1528 2470 39.
1550 2440 1619 2463 not.
1640 2434 1669 2463 8.

2020 536 2042 575 5

2028 851 2075 877 10

2026 1478 2083 1505 20
