2209 3047
620 167 705 200 262
890 159 939 199 C.
999 157 1404 200 CORNELII
1461 161 1745 206 TACITI

616 240 695 278 »rii
719 238 814 279 deos
835 254 857 275 »
881 252 1066 294 precatus
1088 256 1109 276 «
1131 241 1337 296 uticoepta
1356 240 1657 296 prosperarent,
1679 242 1867 298 sedesque
1886 245 1999 298 suas,

476 289 588 371 Agge·
615 303 797 358 »pietate
821 303 1033 343 hominum
1055 304 1264 344 inchoatas
1283 333 1295 353 ,
1331 303 1466 344 divina
1491 319 1568 360 ope
1593 304 1825 346 attollerent
1848 324 1893 357 >›,
1919 311 1997 350 vit-

499 386 520 409 J.
535 356 567 408 c:
614 379 672 406 tas
686 394 699 415 ‚
725 363 867 418 quibus
886 364 1032 421 ligatus
1052 365 1150 422 lapis
1164 396 1177 417 ,
1198 368 1413 420 innexique
1435 367 1549 407 funes
1571 381 1683 409 erant
1695 399 1708 419 ,
1729 370 1916 424 contigit.
1938 373 1999 411 Si-

504 441 556 469 70·
614 427 701 468 mul
727 428 850 468 ceteri
874 430 1119 484 magistratus
1135 458 1148 478 ,
1174 433 1213 470 &
1238 429 1489 480 sacerdotes,
1515 435 1556 471 ὅ(
1576 431 1760 482 senatus,
1787 436 1828 473 ὃς
1854 447 2001 487 eques,

614 496 656 533 ὅ(
677 505 823 546 magna
853 507 940 548 pars
970 491 1136 548 populi,
1165 492 1292 532 studio
1318 491 1532 548 laetitifique
1561 496 1753 545 connixi,
1779 496 1916 536 saxum
1940 498 2000 536 in-

611 569 712 610 gens
731 568 906 595 traxere:
934 556 1145 611 passimque
1176 552 1324 607 injeetae
1357 556 1627 598 fundamentis
1654 559 1809 612 argenti
1838 560 2000 613 aurique

612 619 729 673 stipes
758 623 768 640 ¹
783 647 796 669 ,
822 622 863 659 &
884 618 1140 659 metallorum
1162 619 1364 673 primitiae,
1388 619 1508 661 nullis
1530 620 1760 662 fornacibus
1781 623 1912 672 vietae,
1934 621 2002 662 sed

614 695 659 722 ut
677 682 910 735 gignuntur.
935 682 1154 721 Praedixere
1179 682 1406 737 haruspices
1422 713 1435 733 ,
1462 699 1511 724 ne
1536 697 1796 726 temeraretur
1823 699 1922 741 opus
1943 685 2002 725 sa-

612 758 668 785 xo
694 759 868 794 aurove,
897 745 938 783 in
964 743 1072 784 aliud
1098 744 1305 785 destinato.
1330 745 1518 787 Altitudo
1545 747 1690 788 aedibus
1721 746 1871 800 adje&a
1899 751 1927 786 ²,
1953 747 2004 788 Id

611 806 744 848 solum
765 806 909 861 religio
935 807 1131 848 adnuere:
1161 811 1201 848 ὃ(
1223 809 1366 863 prioris
1388 809 1531 866 templi
1555 811 1862 865 magnificentiae
1888 816 1899 839 ³
1930 810 2000 851 de-

612 870 725 910 fuisse
750 869 945 910 creditum
961 899 975 920 ,
1000 885 1080 924 quo
1104 884 1214 910 tanta
1234 872 1293 911 vis
1315 873 1527 912 hominum
1548 874 1755 914 retinenda
1776 886 1872 914 erat.

675 933 798 973 LIV.
831 933 1032 973 AUmTA
1069 934 1230 973 interim
1265 948 1336 989 per
1360 934 1512 976 Gallias
1540 937 1853 990 Germaniasque
1894 949 2002 976 mors

612 994 771 1037 Vitellii
793 994 1069 1050 duplicaverat
1092 995 1258 1036 bellum.
1282 998 1393 1037 Nam
1421 996 1590 1048 Civilis,
1616 997 1759 1039 omissa
1785 997 2000 1039 diffimula-

609 1061 747 1108 tione,
772 1059 812 1097 in
836 1057 1032 1114 populum
1054 1059 1288 1099 Romanum
1315 1075 1442 1101 ruere.
1474 1061 1513 1101 V
1516 1060 1701 1101 itellianae
1726 1060 1908 1116 legiones
1935 1059 2003 1101 vel

612 1135 823 1163 externum
848 1121 1052 1162 servitium
1067 1153 1080 1171 ,
1106 1121 1224 1176 quarn
1249 1122 1538 1178 Imperatorem
1559 1124 1844 1181 Vespasianum
1866 1123 2000 1164 malle.

615 1184 727 1226 Galli
751 1183 983 1226 sustulerant
1003 1186 1157 1226 animos
1171 1215 1184 1235 ,
1207 1186 1389 1226 eamdem
1414 1185 1562 1241 ubique
1582 1189 1832 1229 exercituum
1855 1189 2003 1228 nostro-

613 1263 701 1289 rum
726 1247 929 1288 fortunam
955 1250 1050 1289 rati:
1078 1247 1245 1303 vulgato
1275 1264 1462 1301 rumore,
1490 1267 1511 1286 (ε
1536 1265 1557 1291 a
1583 1252 1773 1292 Sarmatis
1798 1251 2004 1304 Dacisque

614 1328 636 1348 »
647 1311 817 1351 Moesica
842 1327 888 1352 ac
909 1313 1141 1352 Pannonica
1166 1311 1333 1353 hiberna
1358 1314 1628 1354 circumsideri
1650 1331 1689 1354 »z
1715 1316 1823 1370 paria
1846 1314 1895 1355 de
1917 1314 2005 1354 Bri-

614 1373 748 1415 tannia
771 1374 1036 1428 fingebantur.
1055 1375 1136 1415 Sed
1155 1374 1257 1415 nihil
1282 1375 1390 1428 atque
1403 1405 1416 1426 ,
1445 1376 1563 1430 quam
1582 1378 1816 1418 incendium
1840 1377 2007 1433 Capito-

616 1436 689 1486 lii,
715 1450 759 1477 ut
782 1437 902 1477 finem
925 1439 1094 1494 imperio
1121 1437 1247 1478 adeffe
1270 1438 1505 1490 crederent,
1535 1440 1762 1495 impulerat.
1788 1458 1809 1477 (ε
1832 1440 2005 1496 Capram

615 1499 748 1539 »olim
774 1515 796 1540 a
822 1499 952 1541 Gallis
973 1501 1150 1546 Urbem3
1178 1501 1245 1541 sed
1272 1501 1425 1556 integra
1453 1503 1567 1547 Jovis
1589 1503 1707 1554 sede,
1733 1503 1907 1544 manfiffe
1932 1505 2008 1542 im-

616 1579 638 1600 »
649 1564 816 1619 perium.
842 1563 972 1606 Fatali
1009 1580 1117 1604 nunc
1150 1564 1271 1618 igne,
1308 1565 1460 1619 signum
1494 1565 1654 1607 caelestis
1683 1568 1746 1606 irae
1771 1567 1938 1616 datum,
1967 1569 2009 1607 &

616 1626 924 1681 »possessionem
948 1642 1078 1667 rerum
1104 1628 1368 1668 humanarum
1397 1628 1672 1685 Transalpinis
1698 1629 1885 1684 gentibus
1912 1644 2008 1685 por-

617 1689 762 1730 »tendi
778 1707 799 1727 »
808 1719 823 1741 ,
844 1691 1119 1747 superstitione
1137 1690 1238 1731 vana
1253 1690 1418 1733 Druidae
1442 1692 1639 1734 canebant
1660 1698 1692 1734 4.
1711 1693 2007 1747 Incesseratque

661 1822 670 1837 ¹
696 1818 837 1849 Aac-‚mn
860 1829 1003 1854 AUR1QUE
1025 1820 1152 1856 svers]
1175 1820 1291 1851 Seneca
1370 1826 1385 1844 4
1405 1821 1541 1851 Dauum
1564 1819 1905 1858 cmmmflTibetius
1915 1819 2009 1849 Drui-

620 1856 657 1886 de
687 1857 852 1887 Beneficiis
879 1859 939 1886 VII
956 1881 965 1894 ,
991 1870 1019 1895 4.
1053 1857 1156 1887 Omnia
1184 1858 1292 1888 deorum
1332 1861 1384 1890 das
1401 1861 1565 1891 Gallorum
1579 1861 1751 1896 sustulerat,
1764 1860 1843 1890 Plin.
1856 1860 1960 1894 XXX,
1979 1869 2006 1888 1.

611 1896 679 1933 sum
694 1909 702 1924 .·
721 1906 811 1925 tamen
830 1896 860 1925 Cr·
888 1895 942 1925 diis
964 1898 1097 1935 posuimus
1122 1897 1237 1932 donum,
1262 1898 1291 1927 Εν
1333 1910 1418 1929 num.
1440 1911 1470 1937 4.
1498 1901 1614 1930 Eorum
1634 1900 1823 1939 religionem
1845 1898 1918 1928 dirae
1941 1898 2006 1928 im-

613 1933 708 1974 stipem
723 1935 849 1973 jecimus.
862 1937 950 1966 Idem
972 1937 1081 1974 Quaest.
1097 1938 1207 1967 Natur.
1230 1940 1271 1969 IV
1285 1959 1292 1971 ‚
1334 1939 1490 1969 manitatis
1503 1940 1625 1977 penitus
1640 1940 1823 1970 aboleverat
1837 1937 2007 1975 Claudius,

624 1985 653 2003 2.
673 1973 707 2002 Irz
726 1975 785 2003 lzaec
809 1975 877 2005 Nili
903 1975 1055 2014 orastipem
1065 1976 1244 2014 sacerdjser‚
1263 1977 1292 2006 {La
1333 1981 1464 2008 Sueton.
1487 1979 1521 2008 in
1541 1979 1652 2009 Claud.
1674 1980 1772 2009 XXV.
1785 1977 1939 2008 Videntur
1959 1987 2004 2008 er-

623 2023 708 2042 aurecz
729 2013 800 2043 dona
823 2014 943 2052 praefefi‘i
960 2039 969 2051 ,
989 2017 1048 2044 crim
1065 2015 1196 2054 fhlls’mne
1220 2017 1293 2045 renis
1334 2028 1373 2057 go
1384 2018 1416 2047 in
1427 2018 1543 2048 Gallias
1562 2018 1736 2051 revertisse,
1751 2026 1803 2047 aut
1821 2018 1894 2047 cum
1915 2017 2004 2047 Nero

614 2053 744 2092 fizcrmn,
760 2054 878 2090 jaciunt.
902 2054 986 2085 Alias
998 2055 1085 2095 stipes
1099 2055 1235 2086 vidimus
1248 2055 1295 2086 su·
1334 2057 1461 2096 magicis
1484 2057 1673 2088 vanitatibus
1702 2057 1773 2087 ess‘et
1796 2056 1937 2090 deditus,
1951 2063 2005 2087 aut

624 2092 678 2131 pra
699 2093 810 2123 Annal.
833 2095 924 2131 xlv,
948 2104 994 2133 15.
1335 2099 1405 2127 cum
1422 2096 1564 2127 saevirent
1579 2097 1662 2127 bella
1684 2095 1801 2126 civilia.
1819 2095 2003 2139 lix-Britan·-

664 2134 675 2147 ²
699 2133 826 2162 AEninus
851 2134 1067 2171 miscrAJId
1082 2144 1178 2164 unum
1196 2143 1296 2166 muta-
1335 2136 1387 2166 nia
1416 2136 1555 2171 rediere,
1581 2135 1636 2166 ubi
1671 2137 1765 2175 quam
1789 2136 1925 2165 maxime
1954 2145 2006 2164 vr-

625 2178 713 2206 tum,
737 2180 770 2201 ut
789 2172 915 2203 altiores
935 2173 1040 2204 forent
1064 2184 1154 2205 novae
1167 2175 1257 2205 aedes.
1335 2175 1402 2214 gnit
1425 2175 1488 2206 haec
1513 2175 1702 2214 superstitio,
1721 2175 1759 2205 de
1779 2176 1839 2214 qua
1856 2175 1918 2212 jam
1935 2173 2006 2204 dic-

667 2215 676 2236 3
700 2210 959 2242 Mmmrxcexriffi
980 2213 994 2249 ]
1026 2214 1067 2243 Ut
1104 2213 1298 2253 intelligatur
1336 2223 1402 2244 tum
1415 2215 1576 2245 estAnnal.
1590 2216 1678 2250 XIV,
1697 2225 1743 2252 30.
1753 2214 1783 2244 si
1793 2215 1877 2253 plura
1891 2213 2005 2244 volue-

626 2258 742 2288 quanta
762 2249 857 2280 fuerit
872 2250 936 2281 haec
956 2252 1189 2289 magnificentia
1201 2277 1210 2289 ,
1227 2254 1297 2292 plu·
1337 2254 1394 2290 ris,
1410 2254 1460 2284 adi
1472 2254 1771 2285 eruditumssorlaffe
1785 2275 1794 2288 ,
1808 2252 2004 2290 Observationr

626 2299 659 2319 ra
674 2289 711 2320 de
723 2289 842 2327 templo
857 2290 1042 2329 Capitolino
1063 2291 1132 2321 sunt
1151 2292 1296 2323 dicenda.
1338 2303 1370 2322 on
1384 2293 1427 2322 the
1441 2295 1601 2333 amiquicies
1612 2293 1694 2330 oftlze
1705 2291 2004 2331 ComgyosCornwalL

626 2328 695 2359 Nec
717 2328 828 2362 inutile
849 2329 907 2359 erit
935 2329 1013 2359 illud
1037 2340 1107 2361 cum
1129 2332 1298 2362 celeberri-
1338 2332 1385 2362 Ibi
1399 2333 1572 2373 originem,
1585 2332 1757 2363 dostrinam
1770 2355 1778 2367 ,
1799 2331 1877 2367 fata,
1891 2341 2006 2360 monu-

626 2367 685 2398 mis
706 2368 828 2406 templis
849 2368 1003 2399 conferre.
1017 2371 1124 2408 Itaque
1140 2370 1214 2401 vide
1228 2372 1299 2401 No-
1338 2380 1505 2412 mentaque
1525 2372 1716 2403 Druidarum
1747 2370 1814 2402 fuse
1844 2369 2006 2410 prosequi-

627 2414 671 2439 tas
693 2408 727 2440 ὃς
739 2408 982 2440 Emendationes
1000 2409 1040 2439 ad
1054 2408 1130 2441 nist.
1151 2410 1193 2441 lv
1206 2432 1216 2448 ,
1231 2419 1279 2448 53.
1338 2418 1397 2443 tur.

2032 827 2084 855 10

2032 1457 2091 1484 20
