<?xml version="1.0" encoding="UTF-8"?>
<!DOCTYPE html PUBLIC "-//W3C//DTD XHTML 1.0 Transitional//EN"
    "http://www.w3.org/TR/xhtml1/DTD/xhtml1-transitional.dtd">
<html xmlns="http://www.w3.org/1999/xhtml" xml:lang="en" lang="en">
 <head>
  <title>
</title>
<meta http-equiv="Content-Type" content="text/html;charset=utf-8" />
  <meta name='ocr-system' content='tesseract 3.04.00' />
  <meta name='ocr-capabilities' content='ocr_page ocr_carea ocr_par ocr_line ocrx_word'/>
</head>
<body>
  <div class='ocr_page' id='page_1' title='image "./operabro03taciuoft_0534.png"; bbox 0 0 2209 3047; ppageno 0'>
   <div class='ocr_carea' id='block_1_1' title="bbox 620 183 1755 251">
    <p class='ocr_par' dir='ltr' id='par_1_1' title="bbox 620 183 1755 251">
     <span class='ocr_line' id='line_1_1' title="bbox 620 183 1755 251; baseline -0.004 -14"><span class='ocrx_word' id='word_1_1' title='bbox 620 211 708 251; x_wconf 89' lang='lat'>520</span> <span class='ocrx_word' id='word_1_2' title='bbox 863 189 1064 231; x_wconf 89' lang='lat' dir='ltr'><strong>NOTAE</strong></span> <span class='ocrx_word' id='word_1_3' title='bbox 1104 186 1184 227; x_wconf 90' lang='lat' dir='ltr'>ET</span> <span class='ocrx_word' id='word_1_4' title='bbox 1222 183 1755 232; x_wconf 90' lang='lat' dir='ltr'><strong>EMENDATIONES</strong></span> 
     </span>
    </p>
   </div>
   <div class='ocr_carea' id='block_1_2' title="bbox 606 262 2005 1315">
    <p class='ocr_par' dir='ltr' id='par_1_2' title="bbox 612 262 2003 414">
     <span class='ocr_line' id='line_1_2' title="bbox 615 262 2003 318; baseline -0.001 -10"><span class='ocrx_word' id='word_1_5' title='bbox 615 273 832 318; x_wconf 60' lang='lat' dir='ltr'>traffi’cumque</span> <span class='ocrx_word' id='word_1_6' title='bbox 853 265 952 302; x_wconf 82' lang='lat' dir='ltr'>fuisse</span> <span class='ocrx_word' id='word_1_7' title='bbox 973 278 1017 301; x_wconf 86' lang='lat' dir='ltr'>ex</span> <span class='ocrx_word' id='word_1_8' title='bbox 1040 264 1209 313; x_wconf 83' lang='lat' dir='ltr'>proximo</span> <span class='ocrx_word' id='word_1_9' title='bbox 1225 293 1234 309; x_wconf 90' lang='lat'><strong><em>‚</em></strong></span> <span class='ocrx_word' id='word_1_10' title='bbox 1258 268 1314 312; x_wconf 83' lang='lat' dir='ltr'>jus</span> <span class='ocrx_word' id='word_1_11' title='bbox 1337 262 1480 309; x_wconf 81' lang='lat' dir='ltr'>hostium.</span> <span class='ocrx_word' id='word_1_12' title='bbox 1505 262 1554 299; x_wconf 90' lang='lat' dir='ltr'>At</span> <span class='ocrx_word' id='word_1_13' title='bbox 1577 264 1722 301; x_wconf 87' lang='lat' dir='ltr'>retineri</span> <span class='ocrx_word' id='word_1_14' title='bbox 1745 267 1885 314; x_wconf 83' lang='lat' dir='ltr'>potest,</span> <span class='ocrx_word' id='word_1_15' title='bbox 1907 274 2003 311; x_wconf 84' lang='lat' dir='ltr'>utin·</span> 
     </span>
     <span class='ocr_line' id='line_1_3' title="bbox 614 312 2002 369; baseline -0.001 -13"><span class='ocrx_word' id='word_1_16' title='bbox 614 320 722 357; x_wconf 88' lang='lat' dir='ltr'>Notis</span> <span class='ocrx_word' id='word_1_17' title='bbox 745 316 1014 367; x_wconf 82' lang='lat' dir='ltr'>explicavimus.</span> <span class='ocrx_word' id='word_1_18' title='bbox 1040 314 1119 352; x_wconf 91' lang='lat' dir='ltr'>Nec</span> <span class='ocrx_word' id='word_1_19' title='bbox 1143 314 1324 364; x_wconf 83' lang='lat' dir='ltr'>displicuit</span> <span class='ocrx_word' id='word_1_20' title='bbox 1355 312 1413 349; x_wconf 91' lang='lat' dir='ltr'>Cl.</span> <span class='ocrx_word' id='word_1_21' title='bbox 1443 313 1626 359; x_wconf 88' lang='lat' dir='ltr'>Gordon,</span> <span class='ocrx_word' id='word_1_22' title='bbox 1655 316 1717 365; x_wconf 86' lang='lat' dir='ltr'>qui</span> <span class='ocrx_word' id='word_1_23' title='bbox 1748 317 1879 361; x_wconf 87' lang='lat' dir='ltr'>vertit,</span> <span class='ocrx_word' id='word_1_24' title='bbox 1905 332 2002 369; x_wconf 85' lang='lat' dir='ltr'><em>many</em></span> 
     </span>
     <span class='ocr_line' id='line_1_4' title="bbox 612 367 1146 414; baseline -0.011 -8"><span class='ocrx_word' id='word_1_25' title='bbox 612 372 790 406; x_wconf 77' lang='lat' dir='ltr'>calamities</span> <span class='ocrx_word' id='word_1_26' title='bbox 806 367 896 414; x_wconf 82' lang='lat' dir='ltr'>from</span> <span class='ocrx_word' id='word_1_27' title='bbox 922 379 979 401; x_wconf 85' lang='lat' dir='ltr'>our</span> <span class='ocrx_word' id='word_1_28' title='bbox 1006 369 1146 401; x_wconf 85' lang='lat' dir='ltr'>enemies.</span> 
     </span>
    </p>

    <p class='ocr_par' dir='ltr' id='par_1_3' title="bbox 611 413 2004 514">
     <span class='ocr_line' id='line_1_5' title="bbox 665 413 2004 463; baseline 0.001 -8"><span class='ocrx_word' id='word_1_29' title='bbox 665 420 782 455; x_wconf 68' lang='lat' dir='ltr'>Amzo</span> <span class='ocrx_word' id='word_1_30' title='bbox 813 429 886 452; x_wconf 84' lang='lat' dir='ltr'>Nos</span> <span class='ocrx_word' id='word_1_31' title='bbox 914 417 925 463; x_wconf 93' lang='lat'>]</span> <span class='ocrx_word' id='word_1_32' title='bbox 952 415 1029 452; x_wconf 87' lang='lat' dir='ltr'>Mss.</span> <span class='ocrx_word' id='word_1_33' title='bbox 1054 415 1154 451; x_wconf 85' lang='lat' dir='ltr'>Harl.</span> <span class='ocrx_word' id='word_1_34' title='bbox 1178 414 1262 463; x_wconf 83' lang='lat' dir='ltr'>Agr.</span> <span class='ocrx_word' id='word_1_35' title='bbox 1285 416 1319 450; x_wconf 74' lang='grc' dir='ltr'>δε</span> <span class='ocrx_word' id='word_1_36' title='bbox 1336 413 1521 462; x_wconf 89' lang='lat' dir='ltr'>Ryckius,</span> <span class='ocrx_word' id='word_1_37' title='bbox 1551 414 1626 449; x_wconf 65' lang='lat' dir='ltr'>ade&amp;</span> <span class='ocrx_word' id='word_1_38' title='bbox 1648 428 1718 451; x_wconf 78' lang='lat' dir='ltr'>vos.</span> <span class='ocrx_word' id='word_1_39' title='bbox 1737 416 1859 454; x_wconf 85' lang='lat' dir='ltr'>Ceteri</span> <span class='ocrx_word' id='word_1_40' title='bbox 1876 429 2004 456; x_wconf 72' lang='lat' dir='ltr'>omnes</span> 
     </span>
     <span class='ocr_line' id='line_1_6' title="bbox 611 463 1654 514; baseline -0.006 -7"><span class='ocrx_word' id='word_1_41' title='bbox 611 471 685 507; x_wconf 66' lang='lat' dir='ltr'>ade&amp;</span> <span class='ocrx_word' id='word_1_42' title='bbox 709 482 774 504; x_wconf 86' lang='lat' dir='ltr'>nos.</span> <span class='ocrx_word' id='word_1_43' title='bbox 797 465 910 503; x_wconf 89' lang='lat' dir='ltr'>Paulo</span> <span class='ocrx_word' id='word_1_44' title='bbox 933 465 1092 502; x_wconf 90' lang='lat' dir='ltr'>vividior</span> <span class='ocrx_word' id='word_1_45' title='bbox 1115 463 1181 501; x_wconf 89' lang='lat' dir='ltr'>erit</span> <span class='ocrx_word' id='word_1_46' title='bbox 1205 463 1324 500; x_wconf 88' lang='lat' dir='ltr'>oratio</span> <span class='ocrx_word' id='word_1_47' title='bbox 1340 491 1350 508; x_wconf 94' lang='lat'>,</span> <span class='ocrx_word' id='word_1_48' title='bbox 1378 463 1402 498; x_wconf 86' lang='lat' dir='ltr'>fi</span> <span class='ocrx_word' id='word_1_49' title='bbox 1428 477 1483 499; x_wconf 74' lang='lat' dir='ltr'>vos</span> <span class='ocrx_word' id='word_1_50' title='bbox 1508 463 1654 514; x_wconf 86' lang='lat' dir='ltr'>legatur.</span> 
     </span>
    </p>

    <p class='ocr_par' dir='ltr' id='par_1_4' title="bbox 664 513 1452 563">
     <span class='ocr_line' id='line_1_7' title="bbox 664 513 1452 563; baseline -0.008 -9"><span class='ocrx_word' id='word_1_51' title='bbox 664 518 891 558; x_wconf 75' lang='lat' dir='ltr'>VfflTUSQUE</span> <span class='ocrx_word' id='word_1_52' title='bbox 917 520 934 563; x_wconf 92' lang='lat'><em>]</em></span> <span class='ocrx_word' id='word_1_53' title='bbox 960 516 1052 552; x_wconf 79' lang='lat' dir='ltr'>Haec</span> <span class='ocrx_word' id='word_1_54' title='bbox 1075 514 1201 550; x_wconf 85' lang='lat' dir='ltr'>absunt</span> <span class='ocrx_word' id='word_1_55' title='bbox 1223 525 1245 548; x_wconf 86' lang='lat' dir='ltr'>a</span> <span class='ocrx_word' id='word_1_56' title='bbox 1269 513 1335 550; x_wconf 88' lang='lat' dir='ltr'>Ms.</span> <span class='ocrx_word' id='word_1_57' title='bbox 1360 513 1452 549; x_wconf 89' lang='lat' dir='ltr'>Bud.</span> 
     </span>
    </p>

    <p class='ocr_par' dir='ltr' id='par_1_5' title="bbox 606 563 2005 664">
     <span class='ocr_line' id='line_1_8' title="bbox 664 563 2005 611; baseline 0.001 -8"><span class='ocrx_word' id='word_1_58' title='bbox 664 567 1012 604; x_wconf 60' lang='lat' dir='ltr'>PKAEOPTAVEMNT</span> <span class='ocrx_word' id='word_1_59' title='bbox 1042 569 1059 611; x_wconf 97' lang='lat'>]</span> <span class='ocrx_word' id='word_1_60' title='bbox 1085 564 1140 600; x_wconf 86' lang='lat' dir='ltr'>lta</span> <span class='ocrx_word' id='word_1_61' title='bbox 1160 573 1295 600; x_wconf 86' lang='lat' dir='ltr'>veteres</span> <span class='ocrx_word' id='word_1_62' title='bbox 1315 566 1349 601; x_wconf 90' lang='lat'>&amp;</span> <span class='ocrx_word' id='word_1_63' title='bbox 1370 563 1589 602; x_wconf 84' lang='lat' dir='ltr'>recentiores</span> <span class='ocrx_word' id='word_1_64' title='bbox 1610 564 1800 603; x_wconf 84' lang='lat' dir='ltr'>editiones.</span> <span class='ocrx_word' id='word_1_65' title='bbox 1820 565 1862 603; x_wconf 94' lang='lat' dir='ltr'>In</span> <span class='ocrx_word' id='word_1_66' title='bbox 1890 567 2005 605; x_wconf 84' lang='lat' dir='ltr'>inter-</span> 
     </span>
     <span class='ocr_line' id='line_1_9' title="bbox 606 617 1060 664; baseline -0.009 -9"><span class='ocrx_word' id='word_1_67' title='bbox 606 617 762 661; x_wconf 77' lang='lat' dir='ltr'>mediis,</span> <span class='ocrx_word' id='word_1_68' title='bbox 791 627 1060 664; x_wconf 59' lang='lat' dir='ltr'>praeoptaverunt.</span> 
     </span>
    </p>

    <p class='ocr_par' dir='ltr' id='par_1_6' title="bbox 611 662 2003 819">
     <span class='ocr_line' id='line_1_10' title="bbox 668 662 2002 713; baseline 0 -9"><span class='ocrx_word' id='word_1_69' title='bbox 668 668 759 704; x_wconf 87' lang='lat' dir='ltr'>CUM</span> <span class='ocrx_word' id='word_1_70' title='bbox 778 679 926 703; x_wconf 82' lang='lat' dir='ltr'>MAXIME</span> <span class='ocrx_word' id='word_1_71' title='bbox 948 670 964 711; x_wconf 96' lang='lat'>]</span> <span class='ocrx_word' id='word_1_72' title='bbox 986 665 1041 699; x_wconf 87' lang='lat' dir='ltr'>Ita</span> <span class='ocrx_word' id='word_1_73' title='bbox 1060 663 1128 699; x_wconf 84' lang='lat' dir='ltr'>Ms.</span> <span class='ocrx_word' id='word_1_74' title='bbox 1146 662 1235 713; x_wconf 82' lang='lat' dir='ltr'>Reg.</span> <span class='ocrx_word' id='word_1_75' title='bbox 1254 663 1368 700; x_wconf 86' lang='lat' dir='ltr'>editio</span> <span class='ocrx_word' id='word_1_76' title='bbox 1386 664 1553 713; x_wconf 84' lang='lat' dir='ltr'>princeps</span> <span class='ocrx_word' id='word_1_77' title='bbox 1567 692 1577 708; x_wconf 85' lang='lat'><strong>,</strong></span> <span class='ocrx_word' id='word_1_78' title='bbox 1602 663 1794 702; x_wconf 85' lang='lat' dir='ltr'>Rhenanus</span> <span class='ocrx_word' id='word_1_79' title='bbox 1813 669 1847 703; x_wconf 69' lang='grc' dir='ltr'>ὃς</span> <span class='ocrx_word' id='word_1_80' title='bbox 1860 666 2002 704; x_wconf 85' lang='lat' dir='ltr'>Recen-</span> 
     </span>
     <span class='ocr_line' id='line_1_11' title="bbox 613 712 2003 757; baseline -0.001 -1"><span class='ocrx_word' id='word_1_81' title='bbox 613 720 735 756; x_wconf 87' lang='lat' dir='ltr'>tiores.</span> <span class='ocrx_word' id='word_1_82' title='bbox 761 716 829 753; x_wconf 87' lang='lat' dir='ltr'>Ms.</span> <span class='ocrx_word' id='word_1_83' title='bbox 843 714 948 752; x_wconf 86' lang='lat' dir='ltr'>Bodl.</span> <span class='ocrx_word' id='word_1_84' title='bbox 975 717 1008 750; x_wconf 71' lang='grc' dir='ltr'>δε</span> <span class='ocrx_word' id='word_1_85' title='bbox 1029 712 1244 750; x_wconf 84' lang='lat' dir='ltr'>Puteolanus</span> <span class='ocrx_word' id='word_1_86' title='bbox 1258 740 1269 757; x_wconf 92' lang='lat'>,</span> <span class='ocrx_word' id='word_1_87' title='bbox 1295 727 1378 749; x_wconf 84' lang='lat' dir='ltr'>nunc</span> <span class='ocrx_word' id='word_1_88' title='bbox 1395 716 1548 751; x_wconf 61' lang='lat' dir='ltr'>maxime.</span> <span class='ocrx_word' id='word_1_89' title='bbox 1570 715 1648 751; x_wconf 70' lang='grc' dir='ltr'>ΜΠ.</span> <span class='ocrx_word' id='word_1_90' title='bbox 1668 715 1772 752; x_wconf 87' lang='lat' dir='ltr'>Harl.</span> <span class='ocrx_word' id='word_1_91' title='bbox 1790 715 1859 754; x_wconf 87' lang='lat' dir='ltr'>Jes.</span> <span class='ocrx_word' id='word_1_92' title='bbox 1880 718 2003 755; x_wconf 86' lang='lat' dir='ltr'>Guelf.</span> 
     </span>
     <span class='ocr_line' id='line_1_12' title="bbox 611 766 1169 819; baseline -0.009 -14"><span class='ocrx_word' id='word_1_93' title='bbox 611 783 714 819; x_wconf 81' lang='lat' dir='ltr'>quor,</span> <span class='ocrx_word' id='word_1_94' title='bbox 740 766 799 803; x_wconf 88' lang='lat' dir='ltr'>vel</span> <span class='ocrx_word' id='word_1_95' title='bbox 828 780 881 801; x_wconf 80' lang='lat' dir='ltr'>cur</span> <span class='ocrx_word' id='word_1_96' title='bbox 909 777 990 799; x_wconf 80' lang='lat' dir='ltr'>nunc</span> <span class='ocrx_word' id='word_1_97' title='bbox 1016 766 1169 800; x_wconf 60' lang='lat' dir='ltr'>maxime.</span> 
     </span>
    </p>

    <p class='ocr_par' dir='ltr' id='par_1_7' title="bbox 613 813 2000 914">
     <span class='ocr_line' id='line_1_13' title="bbox 663 813 2000 863; baseline 0 -9"><span class='ocrx_word' id='word_1_98' title='bbox 663 817 847 854; x_wconf 79' lang='lat' dir='ltr'>SUFFECIT</span> <span class='ocrx_word' id='word_1_99' title='bbox 873 818 890 860; x_wconf 94' lang='lat'><em>]</em></span> <span class='ocrx_word' id='word_1_100' title='bbox 917 814 1013 850; x_wconf 86' lang='lat' dir='ltr'>Bene</span> <span class='ocrx_word' id='word_1_101' title='bbox 1037 813 1197 863; x_wconf 85' lang='lat' dir='ltr'>Lipfius,</span> <span class='ocrx_word' id='word_1_102' title='bbox 1225 813 1384 850; x_wconf 87' lang='lat' dir='ltr'>Pichena</span> <span class='ocrx_word' id='word_1_103' title='bbox 1409 816 1443 850; x_wconf 67' lang='grc' dir='ltr'>ὃς</span> <span class='ocrx_word' id='word_1_104' title='bbox 1460 813 1700 852; x_wconf 79' lang='lat' dir='ltr'>Recentiores.</span> <span class='ocrx_word' id='word_1_105' title='bbox 1728 817 1827 853; x_wconf 81' lang='lat' dir='ltr'>Male</span> <span class='ocrx_word' id='word_1_106' title='bbox 1857 817 1896 852; x_wconf 90' lang='lat' dir='ltr'>in</span> <span class='ocrx_word' id='word_1_107' title='bbox 1922 817 2000 855; x_wconf 88' lang='lat' dir='ltr'>Mss.</span> 
     </span>
     <span class='ocr_line' id='line_1_14' title="bbox 613 863 1974 914; baseline -0.001 -9"><span class='ocrx_word' id='word_1_108' title='bbox 613 865 841 905; x_wconf 83' lang='lat' dir='ltr'>&amp;veteribus</span> <span class='ocrx_word' id='word_1_109' title='bbox 867 863 1110 907; x_wconf 86' lang='lat' dir='ltr'>editionibus,</span> <span class='ocrx_word' id='word_1_110' title='bbox 1135 863 1269 911; x_wconf 81' lang='lat' dir='ltr'>sufficit.</span> <span class='ocrx_word' id='word_1_111' title='bbox 1289 864 1365 900; x_wconf 86' lang='lat' dir='ltr'>Jam</span> <span class='ocrx_word' id='word_1_112' title='bbox 1390 864 1486 901; x_wconf 90' lang='lat' dir='ltr'>enim</span> <span class='ocrx_word' id='word_1_113' title='bbox 1507 875 1722 914; x_wconf 81' lang='lat' dir='ltr'>acceperant</span> <span class='ocrx_word' id='word_1_114' title='bbox 1749 866 1974 904; x_wconf 86' lang='lat' dir='ltr'>donativum.</span> 
     </span>
    </p>

    <p class='ocr_par' dir='ltr' id='par_1_8' title="bbox 613 913 2002 1012">
     <span class='ocr_line' id='line_1_15' title="bbox 662 913 2002 964; baseline 0 -11"><span class='ocrx_word' id='word_1_115' title='bbox 662 919 763 953; x_wconf 69' lang='lat' dir='ltr'>SANE</span> <span class='ocrx_word' id='word_1_116' title='bbox 794 927 869 950; x_wconf 80' lang='lat' dir='ltr'>EGO</span> <span class='ocrx_word' id='word_1_117' title='bbox 897 918 914 960; x_wconf 92' lang='lat'>]</span> <span class='ocrx_word' id='word_1_118' title='bbox 939 914 1005 950; x_wconf 89' lang='lat' dir='ltr'>Ms.</span> <span class='ocrx_word' id='word_1_119' title='bbox 1031 915 1119 964; x_wconf 82' lang='lat' dir='ltr'>Reg.</span> <span class='ocrx_word' id='word_1_120' title='bbox 1140 917 1173 949; x_wconf 92' lang='lat'>&amp;</span> <span class='ocrx_word' id='word_1_121' title='bbox 1193 913 1308 950; x_wconf 90' lang='lat' dir='ltr'>editio</span> <span class='ocrx_word' id='word_1_122' title='bbox 1337 914 1526 963; x_wconf 89' lang='lat' dir='ltr'>princeps,</span> <span class='ocrx_word' id='word_1_123' title='bbox 1547 915 1603 962; x_wconf 79' lang='lat' dir='ltr'>fin</span> <span class='ocrx_word' id='word_1_124' title='bbox 1625 929 1692 959; x_wconf 71' lang='lat' dir='ltr'>ego.</span> <span class='ocrx_word' id='word_1_125' title='bbox 1718 914 1936 952; x_wconf 85' lang='lat' dir='ltr'>Puteolanus</span> <span class='ocrx_word' id='word_1_126' title='bbox 1959 929 2002 954; x_wconf 86' lang='lat' dir='ltr'>ae</span> 
     </span>
     <span class='ocr_line' id='line_1_16' title="bbox 613 963 1701 1012; baseline -0.005 -6"><span class='ocrx_word' id='word_1_127' title='bbox 613 967 723 1006; x_wconf 81' lang='lat' dir='ltr'>ceteri</span> <span class='ocrx_word' id='word_1_128' title='bbox 749 977 872 1002; x_wconf 82' lang='lat' dir='ltr'>onmes</span> <span class='ocrx_word' id='word_1_129' title='bbox 885 965 976 1012; x_wconf 81' lang='lat' dir='ltr'>sarze&#39;.</span> <span class='ocrx_word' id='word_1_130' title='bbox 1005 963 1085 1000; x_wconf 87' lang='lat' dir='ltr'>Nee</span> <span class='ocrx_word' id='word_1_131' title='bbox 1112 963 1252 1000; x_wconf 85' lang='lat' dir='ltr'>variant</span> <span class='ocrx_word' id='word_1_132' title='bbox 1274 964 1350 1000; x_wconf 72' lang='grc' dir='ltr'>ΜΠ.</span> <span class='ocrx_word' id='word_1_133' title='bbox 1375 964 1478 1000; x_wconf 86' lang='lat' dir='ltr'>Harl.</span> <span class='ocrx_word' id='word_1_134' title='bbox 1501 964 1609 1000; x_wconf 89' lang='lat' dir='ltr'>Bodl.</span> <span class='ocrx_word' id='word_1_135' title='bbox 1634 964 1701 1002; x_wconf 89' lang='lat' dir='ltr'>Jes.</span> 
     </span>
    </p>

    <p class='ocr_par' dir='ltr' id='par_1_9' title="bbox 611 1014 2005 1215">
     <span class='ocr_line' id='line_1_17' title="bbox 661 1014 2002 1059; baseline 0 -7"><span class='ocrx_word' id='word_1_136' title='bbox 661 1018 870 1053; x_wconf 75' lang='lat' dir='ltr'>CENTUfflO</span> <span class='ocrx_word' id='word_1_137' title='bbox 902 1026 1101 1057; x_wconf 76' lang='lat' dir='ltr'><strong>DENIQUE,</strong></span> <span class='ocrx_word' id='word_1_138' title='bbox 1133 1025 1212 1050; x_wconf 79' lang='lat' dir='ltr'>AUT</span> <span class='ocrx_word' id='word_1_139' title='bbox 1241 1025 1351 1049; x_wconf 76' lang='lat' dir='ltr'>M1LEs</span> <span class='ocrx_word' id='word_1_140' title='bbox 1379 1018 1396 1059; x_wconf 96' lang='lat'><em>]</em></span> <span class='ocrx_word' id='word_1_141' title='bbox 1429 1015 1485 1049; x_wconf 83' lang='lat' dir='ltr'>Ita</span> <span class='ocrx_word' id='word_1_142' title='bbox 1505 1014 1687 1050; x_wconf 86' lang='lat' dir='ltr'>editiones</span> <span class='ocrx_word' id='word_1_143' title='bbox 1705 1025 1842 1052; x_wconf 85' lang='lat' dir='ltr'>veteres</span> <span class='ocrx_word' id='word_1_144' title='bbox 1867 1018 1901 1051; x_wconf 72' lang='grc' dir='ltr'>ὃς</span> <span class='ocrx_word' id='word_1_145' title='bbox 1929 1014 2002 1052; x_wconf 81' lang='lat' dir='ltr'>Re-</span> 
     </span>
     <span class='ocr_line' id='line_1_18' title="bbox 611 1062 2004 1114; baseline -0.003 -10"><span class='ocrx_word' id='word_1_146' title='bbox 611 1068 798 1105; x_wconf 82' lang='lat' dir='ltr'>centiores.</span> <span class='ocrx_word' id='word_1_147' title='bbox 831 1063 897 1100; x_wconf 86' lang='lat' dir='ltr'>Ms.</span> <span class='ocrx_word' id='word_1_148' title='bbox 925 1063 1014 1114; x_wconf 81' lang='lat' dir='ltr'>Reg.</span> <span class='ocrx_word' id='word_1_149' title='bbox 1039 1065 1075 1099; x_wconf 71' lang='lat'>&amp;-</span> <span class='ocrx_word' id='word_1_150' title='bbox 1099 1066 1200 1099; x_wconf 82' lang='lat' dir='ltr'>miles.</span> <span class='ocrx_word' id='word_1_151' title='bbox 1227 1063 1304 1098; x_wconf 67' lang='lat' dir='ltr'>Mis.</span> <span class='ocrx_word' id='word_1_152' title='bbox 1332 1062 1435 1100; x_wconf 88' lang='lat' dir='ltr'>Harl.</span> <span class='ocrx_word' id='word_1_153' title='bbox 1464 1063 1572 1101; x_wconf 87' lang='lat' dir='ltr'>Bodl.</span> <span class='ocrx_word' id='word_1_154' title='bbox 1599 1064 1666 1101; x_wconf 89' lang='lat' dir='ltr'>Jes.</span> <span class='ocrx_word' id='word_1_155' title='bbox 1695 1065 1816 1102; x_wconf 89' lang='lat' dir='ltr'>Guelf.</span> <span class='ocrx_word' id='word_1_156' title='bbox 1841 1068 1875 1101; x_wconf 90' lang='lat'>&amp;</span> <span class='ocrx_word' id='word_1_157' title='bbox 1903 1064 2004 1101; x_wconf 75' lang='lat' dir='ltr'>Rhe-</span> 
     </span>
     <span class='ocr_line' id='line_1_19' title="bbox 611 1113 2002 1164; baseline -0.002 -11"><span class='ocrx_word' id='word_1_158' title='bbox 611 1129 723 1154; x_wconf 75' lang='lat' dir='ltr'>nanus</span> <span class='ocrx_word' id='word_1_159' title='bbox 740 1144 749 1159; x_wconf 92' lang='lat'>‚</span> <span class='ocrx_word' id='word_1_160' title='bbox 779 1118 976 1163; x_wconf 72' lang='lat' dir='ltr'>centzcrioque</span> <span class='ocrx_word' id='word_1_161' title='bbox 998 1126 1055 1149; x_wconf 77' lang='lat' dir='ltr'>aut</span> <span class='ocrx_word' id='word_1_162' title='bbox 1079 1115 1179 1149; x_wconf 82' lang='lat' dir='ltr'>miles.</span> <span class='ocrx_word' id='word_1_163' title='bbox 1203 1113 1331 1149; x_wconf 86' lang='lat' dir='ltr'>Sensus</span> <span class='ocrx_word' id='word_1_164' title='bbox 1354 1125 1471 1150; x_wconf 85' lang='lat' dir='ltr'>autem</span> <span class='ocrx_word' id='word_1_165' title='bbox 1495 1113 1566 1151; x_wconf 88' lang='lat' dir='ltr'>est:</span> <span class='ocrx_word' id='word_1_166' title='bbox 1594 1114 1675 1149; x_wconf 85' lang='lat' dir='ltr'>sunt</span> <span class='ocrx_word' id='word_1_167' title='bbox 1698 1114 1760 1150; x_wconf 90' lang='lat' dir='ltr'>alii</span> <span class='ocrx_word' id='word_1_168' title='bbox 1782 1114 1914 1164; x_wconf 84' lang='lat' dir='ltr'>legati,</span> <span class='ocrx_word' id='word_1_169' title='bbox 1939 1114 2002 1150; x_wconf 82' lang='lat' dir='ltr'>tri-</span> 
     </span>
     <span class='ocr_line' id='line_1_20' title="bbox 612 1163 2005 1215; baseline 0.001 -14"><span class='ocrx_word' id='word_1_170' title='bbox 612 1167 700 1205; x_wconf 84' lang='lat' dir='ltr'>buni</span> <span class='ocrx_word' id='word_1_171' title='bbox 714 1194 723 1208; x_wconf 85' lang='lat'>‚</span> <span class='ocrx_word' id='word_1_172' title='bbox 749 1164 913 1202; x_wconf 83' lang='lat' dir='ltr'>centurio</span> <span class='ocrx_word' id='word_1_173' title='bbox 940 1164 1117 1214; x_wconf 88' lang='lat' dir='ltr'>denique,</span> <span class='ocrx_word' id='word_1_174' title='bbox 1134 1172 1195 1199; x_wconf 85' lang='lat' dir='ltr'>aut</span> <span class='ocrx_word' id='word_1_175' title='bbox 1215 1163 1324 1200; x_wconf 82' lang='lat' dir='ltr'>etiam</span> <span class='ocrx_word' id='word_1_176' title='bbox 1344 1163 1445 1201; x_wconf 87' lang='lat' dir='ltr'>miles</span> <span class='ocrx_word' id='word_1_177' title='bbox 1458 1191 1469 1208; x_wconf 86' lang='lat'>‚</span> <span class='ocrx_word' id='word_1_178' title='bbox 1498 1177 1542 1202; x_wconf 84' lang='lat' dir='ltr'>ex</span> <span class='ocrx_word' id='word_1_179' title='bbox 1570 1163 1699 1214; x_wconf 86' lang='lat' dir='ltr'>quibus</span> <span class='ocrx_word' id='word_1_180' title='bbox 1722 1163 1851 1201; x_wconf 87' lang='lat' dir='ltr'>ducem</span> <span class='ocrx_word' id='word_1_181' title='bbox 1871 1165 2005 1215; x_wconf 83' lang='lat' dir='ltr'>eligere</span> 
     </span>
    </p>

    <p class='ocr_par' dir='ltr' id='par_1_10' title="bbox 611 1215 2002 1315">
     <span class='ocr_line' id='line_1_21' title="bbox 640 1215 771 1253; baseline 0 0"><span class='ocrx_word' id='word_1_182' title='bbox 640 1215 771 1253; x_wconf 88' lang='lat' dir='ltr'>otestis.</span> 
     </span>
     <span class='ocr_line' id='line_1_22' title="bbox 611 1230 2002 1315; baseline -0.002 -13"><span class='ocrx_word' id='word_1_183' title='bbox 611 1230 635 1267; x_wconf 75' lang='lat' dir='ltr'>P</span> <span class='ocrx_word' id='word_1_184' title='bbox 658 1266 778 1302; x_wconf 75' lang='lat' dir='ltr'>Toro</span> <span class='ocrx_word' id='word_1_185' title='bbox 807 1277 1028 1302; x_wconf 76' lang='lat' dir='ltr'>TERRARUM</span> <span class='ocrx_word' id='word_1_186' title='bbox 1057 1276 1157 1302; x_wconf 78' lang='lat' dir='ltr'>ORBE</span> <span class='ocrx_word' id='word_1_187' title='bbox 1184 1268 1202 1311; x_wconf 89' lang='lat'><em>]</em></span> <span class='ocrx_word' id='word_1_188' title='bbox 1226 1265 1302 1301; x_wconf 82' lang='lat' dir='ltr'>Toto</span> <span class='ocrx_word' id='word_1_189' title='bbox 1325 1264 1493 1315; x_wconf 87' lang='lat' dir='ltr'>displicet</span> <span class='ocrx_word' id='word_1_190' title='bbox 1516 1264 1574 1302; x_wconf 92' lang='lat' dir='ltr'>Cl.</span> <span class='ocrx_word' id='word_1_191' title='bbox 1592 1265 1754 1303; x_wconf 87' lang='lat' dir='ltr'>Ernesto.</span> <span class='ocrx_word' id='word_1_192' title='bbox 1776 1265 1905 1304; x_wconf 85' lang='lat' dir='ltr'>Mallet</span> <span class='ocrx_word' id='word_1_193' title='bbox 1921 1276 2002 1300; x_wconf 83' lang='lat' dir='ltr'>tan-</span> 
     </span>
    </p>
   </div>
   <div class='ocr_carea' id='block_1_3' title="bbox 611 1315 2003 1413">
    <p class='ocr_par' dir='ltr' id='par_1_11' title="bbox 611 1315 2003 1413">
     <span class='ocr_line' id='line_1_23' title="bbox 611 1315 970 1360; baseline -0.006 -7"><span class='ocrx_word' id='word_1_194' title='bbox 611 1317 690 1354; x_wconf 68' lang='lat' dir='ltr'>nim.</span> <span class='ocrx_word' id='word_1_195' title='bbox 712 1315 866 1360; x_wconf 73' lang='lat' dir='ltr'>Melius,</span> <span class='ocrx_word' id='word_1_196' title='bbox 893 1328 970 1352; x_wconf 83' lang='lat' dir='ltr'>toto.</span> 
     </span>
     <span class='ocr_line' id='line_1_24' title="bbox 658 1364 2003 1413; baseline 0.001 -12"><span class='ocrx_word' id='word_1_197' title='bbox 658 1367 722 1402; x_wconf 81' lang='lat' dir='ltr'>AN</span> <span class='ocrx_word' id='word_1_198' title='bbox 750 1379 779 1402; x_wconf 91' lang='lat' dir='ltr'>sI</span> <span class='ocrx_word' id='word_1_199' title='bbox 806 1370 824 1411; x_wconf 98' lang='lat'>]</span> <span class='ocrx_word' id='word_1_200' title='bbox 852 1366 919 1402; x_wconf 90' lang='lat' dir='ltr'>Ms.</span> <span class='ocrx_word' id='word_1_201' title='bbox 946 1366 1055 1402; x_wconf 87' lang='lat' dir='ltr'>Bodl.</span> <span class='ocrx_word' id='word_1_202' title='bbox 1081 1377 1138 1402; x_wconf 79' lang='lat' dir='ltr'>aut</span> <span class='ocrx_word' id='word_1_203' title='bbox 1153 1364 1198 1413; x_wconf 88' lang='lat' dir='ltr'>fi.</span> <span class='ocrx_word' id='word_1_204' title='bbox 1222 1364 1302 1402; x_wconf 85' lang='lat' dir='ltr'>Mff.</span> <span class='ocrx_word' id='word_1_205' title='bbox 1320 1364 1424 1401; x_wconf 84' lang='lat' dir='ltr'>Harl.</span> <span class='ocrx_word' id='word_1_206' title='bbox 1447 1364 1515 1402; x_wconf 85' lang='lat' dir='ltr'>Jes.</span> <span class='ocrx_word' id='word_1_207' title='bbox 1537 1376 1571 1400; x_wconf 84' lang='lat' dir='ltr'>at</span> <span class='ocrx_word' id='word_1_208' title='bbox 1579 1365 1625 1413; x_wconf 86' lang='lat' dir='ltr'>fi.</span> <span class='ocrx_word' id='word_1_209' title='bbox 1647 1364 1755 1402; x_wconf 67' lang='lat' dir='ltr'>Reffe</span> <span class='ocrx_word' id='word_1_210' title='bbox 1774 1365 2003 1403; x_wconf 79' lang='lat' dir='ltr'>emendatum</span> 
     </span>
    </p>
   </div>
   <div class='ocr_carea' id='block_1_4' title="bbox 608 1415 2004 2014">
    <p class='ocr_par' dir='ltr' id='par_1_12' title="bbox 610 1415 996 1462">
     <span class='ocr_line' id='line_1_25' title="bbox 610 1415 996 1462; baseline 0 -10"><span class='ocrx_word' id='word_1_211' title='bbox 610 1417 650 1452; x_wconf 81' lang='lat' dir='ltr'>in</span> <span class='ocrx_word' id='word_1_212' title='bbox 675 1415 740 1451; x_wconf 87' lang='lat' dir='ltr'>Ms.</span> <span class='ocrx_word' id='word_1_213' title='bbox 767 1415 870 1451; x_wconf 87' lang='lat' dir='ltr'>Harl.</span> <span class='ocrx_word' id='word_1_214' title='bbox 896 1429 937 1450; x_wconf 87' lang='lat' dir='ltr'>an</span> <span class='ocrx_word' id='word_1_215' title='bbox 952 1415 996 1462; x_wconf 83' lang='lat' dir='ltr'>fi.</span> 
     </span>
    </p>

    <p class='ocr_par' dir='ltr' id='par_1_13' title="bbox 609 1462 2003 1651">
     <span class='ocr_line' id='line_1_26' title="bbox 655 1462 2003 1514; baseline -0.001 -13"><span class='ocrx_word' id='word_1_216' title='bbox 655 1465 815 1501; x_wconf 75' lang='lat' dir='ltr'>TUTom</span> <span class='ocrx_word' id='word_1_217' title='bbox 845 1465 1039 1501; x_wconf 72' lang='lat' dir='ltr'>TREVERO</span> <span class='ocrx_word' id='word_1_218' title='bbox 1069 1468 1087 1510; x_wconf 93' lang='lat'>]</span> <span class='ocrx_word' id='word_1_219' title='bbox 1121 1464 1166 1499; x_wconf 91' lang='lat' dir='ltr'>In</span> <span class='ocrx_word' id='word_1_220' title='bbox 1199 1464 1267 1499; x_wconf 89' lang='lat' dir='ltr'>Ms.</span> <span class='ocrx_word' id='word_1_221' title='bbox 1296 1462 1395 1501; x_wconf 86' lang='lat' dir='ltr'>Flor.</span> <span class='ocrx_word' id='word_1_222' title='bbox 1432 1465 1589 1501; x_wconf 81' lang='lat' dir='ltr'>Tutorin&#39;.</span> <span class='ocrx_word' id='word_1_223' title='bbox 1618 1465 1685 1500; x_wconf 87' lang='lat' dir='ltr'>Ms.</span> <span class='ocrx_word' id='word_1_224' title='bbox 1714 1464 1803 1514; x_wconf 84' lang='lat' dir='ltr'>Reg.</span> <span class='ocrx_word' id='word_1_225' title='bbox 1835 1466 1934 1500; x_wconf 77' lang='lat' dir='ltr'>Tutor</span> <span class='ocrx_word' id='word_1_226' title='bbox 1966 1467 2003 1500; x_wconf 85' lang='lat' dir='ltr'>in</span> 
     </span>
     <span class='ocr_line' id='line_1_27' title="bbox 609 1513 2002 1562; baseline -0.002 -12"><span class='ocrx_word' id='word_1_227' title='bbox 609 1516 769 1551; x_wconf 68' lang='lat' dir='ltr'>Treviros.</span> <span class='ocrx_word' id='word_1_228' title='bbox 795 1514 920 1550; x_wconf 81' lang='lat' dir='ltr'>Editio</span> <span class='ocrx_word' id='word_1_229' title='bbox 944 1514 1131 1562; x_wconf 84' lang='lat' dir='ltr'>princeps,</span> <span class='ocrx_word' id='word_1_230' title='bbox 1157 1514 1256 1547; x_wconf 82' lang='lat' dir='ltr'>Tutor</span> <span class='ocrx_word' id='word_1_231' title='bbox 1272 1516 1306 1548; x_wconf 89' lang='lat' dir='ltr'>in</span> <span class='ocrx_word' id='word_1_232' title='bbox 1329 1515 1472 1549; x_wconf 80' lang='lat' dir='ltr'>Treviro.</span> <span class='ocrx_word' id='word_1_233' title='bbox 1497 1513 1587 1549; x_wconf 87' lang='lat' dir='ltr'>Inde</span> <span class='ocrx_word' id='word_1_234' title='bbox 1611 1514 1781 1561; x_wconf 89' lang='lat' dir='ltr'>scriptum</span> <span class='ocrx_word' id='word_1_235' title='bbox 1806 1514 2002 1557; x_wconf 81' lang='lat' dir='ltr'>olim‚Tu-</span> 
     </span>
     <span class='ocr_line' id='line_1_28' title="bbox 609 1561 2003 1609; baseline -0.001 -9"><span class='ocrx_word' id='word_1_236' title='bbox 609 1569 712 1601; x_wconf 73' lang='lat' dir='ltr'>toriae</span> <span class='ocrx_word' id='word_1_237' title='bbox 735 1566 868 1601; x_wconf 72' lang='lat' dir='ltr'>Trevero</span> <span class='ocrx_word' id='word_1_238' title='bbox 883 1591 894 1609; x_wconf 86' lang='lat'>,</span> <span class='ocrx_word' id='word_1_239' title='bbox 917 1564 996 1600; x_wconf 85' lang='lat' dir='ltr'>vult</span> <span class='ocrx_word' id='word_1_240' title='bbox 1022 1562 1096 1600; x_wconf 80' lang='lat' dir='ltr'>Jac.</span> <span class='ocrx_word' id='word_1_241' title='bbox 1122 1561 1347 1600; x_wconf 74' lang='lat' dir='ltr'>Gronovius.</span> <span class='ocrx_word' id='word_1_242' title='bbox 1369 1563 1413 1600; x_wconf 87' lang='lat' dir='ltr'>In</span> <span class='ocrx_word' id='word_1_243' title='bbox 1430 1563 1508 1600; x_wconf 68' lang='grc' dir='ltr'>ΜΠ.</span> <span class='ocrx_word' id='word_1_244' title='bbox 1533 1562 1636 1598; x_wconf 82' lang='lat' dir='ltr'>Harl.</span> <span class='ocrx_word' id='word_1_245' title='bbox 1664 1562 1772 1599; x_wconf 87' lang='lat' dir='ltr'>Bodl.</span> <span class='ocrx_word' id='word_1_246' title='bbox 1803 1562 1869 1600; x_wconf 85' lang='lat' dir='ltr'>Jes.</span> <span class='ocrx_word' id='word_1_247' title='bbox 1889 1564 2003 1598; x_wconf 81' lang='lat' dir='ltr'>Tutori</span> 
     </span>
     <span class='ocr_line' id='line_1_29' title="bbox 611 1616 756 1651; baseline 0.007 -1"><span class='ocrx_word' id='word_1_248' title='bbox 611 1616 756 1651; x_wconf 78' lang='lat' dir='ltr'>Treviro.</span> 
     </span>
    </p>

    <p class='ocr_par' dir='ltr' id='par_1_14' title="bbox 660 1663 1951 1710">
     <span class='ocr_line' id='line_1_30' title="bbox 660 1663 1951 1710; baseline -0.002 -9"><span class='ocrx_word' id='word_1_249' title='bbox 660 1665 945 1701; x_wconf 74' lang='lat' dir='ltr'>OCTiNGENTos</span> <span class='ocrx_word' id='word_1_250' title='bbox 974 1676 1025 1701; x_wconf 81' lang='lat' dir='ltr'>ET</span> <span class='ocrx_word' id='word_1_251' title='bbox 1052 1676 1201 1702; x_wconf 68' lang='lat' dir='ltr'>worm-1</span> <span class='ocrx_word' id='word_1_252' title='bbox 1230 1667 1248 1710; x_wconf 96' lang='lat'>]</span> <span class='ocrx_word' id='word_1_253' title='bbox 1278 1663 1376 1700; x_wconf 78' lang='lat' dir='ltr'>Male</span> <span class='ocrx_word' id='word_1_254' title='bbox 1405 1663 1473 1699; x_wconf 87' lang='lat' dir='ltr'>Ms.</span> <span class='ocrx_word' id='word_1_255' title='bbox 1496 1663 1617 1701; x_wconf 78' lang='lat' dir='ltr'>Guelf.</span> <span class='ocrx_word' id='word_1_256' title='bbox 1643 1665 1788 1700; x_wconf 81' lang='lat' dir='ltr'>ducentos</span> <span class='ocrx_word' id='word_1_257' title='bbox 1815 1663 1852 1699; x_wconf 61' lang='grc' dir='ltr'>Θ</span> <span class='ocrx_word' id='word_1_258' title='bbox 1876 1664 1951 1698; x_wconf 92' lang='grc' dir='ltr'>ΧΧ.</span> 
     </span>
    </p>

    <p class='ocr_par' dir='ltr' id='par_1_15' title="bbox 608 1712 2004 2014">
     <span class='ocr_line' id='line_1_31' title="bbox 661 1712 2002 1760; baseline -0.002 -9"><span class='ocrx_word' id='word_1_259' title='bbox 661 1715 699 1751; x_wconf 76' lang='lat'>81</span> <span class='ocrx_word' id='word_1_260' title='bbox 727 1727 832 1752; x_wconf 81' lang='lat' dir='ltr'>voss1s</span> <span class='ocrx_word' id='word_1_261' title='bbox 863 1727 943 1751; x_wconf 79' lang='lat' dir='ltr'>NON</span> <span class='ocrx_word' id='word_1_262' title='bbox 973 1727 1063 1752; x_wconf 67' lang='lat' dir='ltr'>run*</span> <span class='ocrx_word' id='word_1_263' title='bbox 1094 1726 1216 1750; x_wconf 73' lang='lat' dir='ltr'>coRm</span> <span class='ocrx_word' id='word_1_264' title='bbox 1246 1718 1263 1760; x_wconf 96' lang='lat'>]</span> <span class='ocrx_word' id='word_1_265' title='bbox 1295 1713 1329 1749; x_wconf 92' lang='lat' dir='ltr'><strong>A</strong></span> <span class='ocrx_word' id='word_1_266' title='bbox 1359 1713 1426 1749; x_wconf 88' lang='lat' dir='ltr'>Ms.</span> <span class='ocrx_word' id='word_1_267' title='bbox 1456 1713 1549 1750; x_wconf 91' lang='lat' dir='ltr'>Bud.</span> <span class='ocrx_word' id='word_1_268' title='bbox 1586 1714 1736 1757; x_wconf 87' lang='lat' dir='ltr'>aberat,</span> <span class='ocrx_word' id='word_1_269' title='bbox 1779 1714 1876 1749; x_wconf 87' lang='lat' dir='ltr'>cordi.</span> <span class='ocrx_word' id='word_1_270' title='bbox 1909 1712 2002 1749; x_wconf 86' lang='lat' dir='ltr'>Inde</span> 
     </span>
     <span class='ocr_line' id='line_1_32' title="bbox 608 1761 2003 1814; baseline -0.003 -12"><span class='ocrx_word' id='word_1_271' title='bbox 608 1765 815 1802; x_wconf 76' lang='lat' dir='ltr'>emendavit</span> <span class='ocrx_word' id='word_1_272' title='bbox 831 1765 1015 1814; x_wconf 86' lang='lat' dir='ltr'>ediditque</span> <span class='ocrx_word' id='word_1_273' title='bbox 1034 1765 1245 1807; x_wconf 81' lang='lat' dir='ltr'>Rhenanus,</span> <span class='ocrx_word' id='word_1_274' title='bbox 1260 1763 1295 1810; x_wconf 82' lang='lat' dir='ltr'><em>fi</em></span> <span class='ocrx_word' id='word_1_275' title='bbox 1308 1764 1398 1798; x_wconf 81' lang='lat' dir='ltr'>vobis</span> <span class='ocrx_word' id='word_1_276' title='bbox 1416 1765 1559 1811; x_wconf 80' lang='lat' dir='ltr'>nonfuit</span> <span class='ocrx_word' id='word_1_277' title='bbox 1573 1792 1583 1807; x_wconf 87' lang='lat'>‚</span> <span class='ocrx_word' id='word_1_278' title='bbox 1607 1764 1645 1800; x_wconf 92' lang='lat' dir='ltr'>id</span> <span class='ocrx_word' id='word_1_279' title='bbox 1662 1764 1731 1807; x_wconf 89' lang='lat' dir='ltr'>est,</span> <span class='ocrx_word' id='word_1_280' title='bbox 1751 1763 1865 1800; x_wconf 84' lang='lat' dir='ltr'>licuit.</span> <span class='ocrx_word' id='word_1_281' title='bbox 1885 1761 2003 1809; x_wconf 83' lang='lat' dir='ltr'>Quod</span> 
     </span>
     <span class='ocr_line' id='line_1_33' title="bbox 610 1813 2000 1864; baseline -0.003 -13"><span class='ocrx_word' id='word_1_282' title='bbox 610 1816 736 1852; x_wconf 79' lang='lat' dir='ltr'>merito</span> <span class='ocrx_word' id='word_1_283' title='bbox 762 1815 991 1863; x_wconf 87' lang='lat' dir='ltr'>reprehendit</span> <span class='ocrx_word' id='word_1_284' title='bbox 1013 1814 1159 1864; x_wconf 77' lang='lat' dir='ltr'>Lipsius.</span> <span class='ocrx_word' id='word_1_285' title='bbox 1184 1814 1333 1850; x_wconf 85' lang='lat' dir='ltr'>Tacitus</span> <span class='ocrx_word' id='word_1_286' title='bbox 1355 1813 1515 1850; x_wconf 86' lang='lat' dir='ltr'>imitatur</span> <span class='ocrx_word' id='word_1_287' title='bbox 1538 1813 1707 1858; x_wconf 86' lang='lat' dir='ltr'>Livium,</span> <span class='ocrx_word' id='word_1_288' title='bbox 1736 1813 1789 1848; x_wconf 92' lang='lat' dir='ltr'>IX</span> <span class='ocrx_word' id='word_1_289' title='bbox 1804 1841 1814 1857; x_wconf 90' lang='lat'>‚</span> <span class='ocrx_word' id='word_1_290' title='bbox 1849 1815 1882 1849; x_wconf 85' lang='lat'>8.</span> <span class='ocrx_word' id='word_1_291' title='bbox 1910 1813 1971 1848; x_wconf 87' lang='lat' dir='ltr'>Vos</span> <span class='ocrx_word' id='word_1_292' title='bbox 1988 1838 2000 1856; x_wconf 92' lang='lat'>‚</span> 
     </span>
     <span class='ocr_line' id='line_1_34' title="bbox 611 1863 2004 1914; baseline -0.003 -14"><span class='ocrx_word' id='word_1_293' title='bbox 611 1867 670 1900; x_wconf 80' lang='lat' dir='ltr'>Dii</span> <span class='ocrx_word' id='word_1_294' title='bbox 694 1867 910 1911; x_wconf 78' lang='lat' dir='ltr'>immortales,</span> <span class='ocrx_word' id='word_1_295' title='bbox 934 1879 1043 1911; x_wconf 77' lang='lat' dir='ltr'>precor</span> <span class='ocrx_word' id='word_1_296' title='bbox 1067 1866 1247 1914; x_wconf 63' lang='lat' dir='ltr'>qmaefhque,</span> <span class='ocrx_word' id='word_1_297' title='bbox 1264 1864 1299 1911; x_wconf 88' lang='lat' dir='ltr'><em>fi</em></span> <span class='ocrx_word' id='word_1_298' title='bbox 1321 1864 1409 1900; x_wconf 68' lang='lat' dir='ltr'>vobis</span> <span class='ocrx_word' id='word_1_299' title='bbox 1430 1864 1576 1912; x_wconf 79' lang='lat' dir='ltr'>nonfuit</span> <span class='ocrx_word' id='word_1_300' title='bbox 1601 1865 1687 1900; x_wconf 82' lang='lat' dir='ltr'>cordi</span> <span class='ocrx_word' id='word_1_301' title='bbox 1709 1864 1762 1910; x_wconf 80' lang='lat' dir='ltr'>Sp.</span> <span class='ocrx_word' id='word_1_302' title='bbox 1784 1863 2004 1906; x_wconf 71' lang='lat' dir='ltr'>Postumium,</span> 
     </span>
     <span class='ocr_line' id='line_1_35' title="bbox 608 1913 2002 1963; baseline 0 -14"><span class='ocrx_word' id='word_1_303' title='bbox 608 1915 645 1952; x_wconf 86' lang='lat' dir='ltr'>T.</span> <span class='ocrx_word' id='word_1_304' title='bbox 670 1918 836 1951; x_wconf 75' lang='lat' dir='ltr'>Veturium</span> <span class='ocrx_word' id='word_1_305' title='bbox 859 1916 995 1962; x_wconf 77' lang='lat' dir='ltr'>consules</span> <span class='ocrx_word' id='word_1_306' title='bbox 1010 1945 1020 1961; x_wconf 90' lang='lat'><strong><em>,</em></strong></span> <span class='ocrx_word' id='word_1_307' title='bbox 1048 1929 1118 1950; x_wconf 81' lang='lat' dir='ltr'>cum</span> <span class='ocrx_word' id='word_1_308' title='bbox 1141 1915 1334 1951; x_wconf 75' lang='lat' dir='ltr'>Samnitibus</span> <span class='ocrx_word' id='word_1_309' title='bbox 1354 1915 1499 1962; x_wconf 57' lang='lat' dir='ltr'>prospere</span> <span class='ocrx_word' id='word_1_310' title='bbox 1517 1916 1635 1951; x_wconf 84' lang='lat' dir='ltr'>bellum</span> <span class='ocrx_word' id='word_1_311' title='bbox 1656 1927 1765 1963; x_wconf 82' lang='lat' dir='ltr'>gerere</span> <span class='ocrx_word' id='word_1_312' title='bbox 1779 1927 1793 1956; x_wconf 88' lang='lat'>,·</span> <span class='ocrx_word' id='word_1_313' title='bbox 1823 1925 1859 1950; x_wconf 83' lang='lat' dir='ltr'>at</span> <span class='ocrx_word' id='word_1_314' title='bbox 1879 1913 2002 1960; x_wconf 77' lang='lat' dir='ltr'><em>vassa·</em></span> 
     </span>
     <span class='ocr_line' id='line_1_36' title="bbox 610 1965 1398 2014; baseline 0 -13"><span class='ocrx_word' id='word_1_315' title='bbox 610 1967 652 2001; x_wconf 76' lang='lat' dir='ltr'>tis</span> <span class='ocrx_word' id='word_1_316' title='bbox 675 1967 837 2008; x_wconf 70' lang='lat' dir='ltr'>habeatis,</span> <span class='ocrx_word' id='word_1_317' title='bbox 864 1966 973 2014; x_wconf 72' lang='lat' dir='ltr'>vidiffe</span> <span class='ocrx_word' id='word_1_318' title='bbox 997 1979 1051 2001; x_wconf 81' lang='lat' dir='ltr'>nos</span> <span class='ocrx_word' id='word_1_319' title='bbox 1066 1966 1264 2014; x_wconf 80' lang='lat' dir='ltr'>subjugum</span> <span class='ocrx_word' id='word_1_320' title='bbox 1285 1965 1398 2013; x_wconf 61' lang='lat' dir='ltr'>rrziffbs.</span> 
     </span>
    </p>
   </div>
   <div class='ocr_carea' id='block_1_5' title="bbox 610 2057 2003 2463">
    <p class='ocr_par' dir='ltr' id='par_1_16' title="bbox 610 2057 2003 2362">
     <span class='ocr_line' id='line_1_37' title="bbox 665 2057 2003 2111; baseline -0.003 -9"><span class='ocrx_word' id='word_1_321' title='bbox 665 2064 772 2102; x_wconf 89' lang='lat' dir='ltr'><strong>CAP.</strong></span> <span class='ocrx_word' id='word_1_322' title='bbox 796 2057 896 2102; x_wconf 63' lang='lat' dir='ltr'><strong>LIX.</strong></span> <span class='ocrx_word' id='word_1_323' title='bbox 925 2064 1151 2101; x_wconf 81' lang='lat' dir='ltr'>FLAG1T1UM</span> <span class='ocrx_word' id='word_1_324' title='bbox 1180 2075 1421 2101; x_wconf 73' lang='lat' dir='ltr'>NAVAVERAT</span> <span class='ocrx_word' id='word_1_325' title='bbox 1451 2067 1469 2110; x_wconf 94' lang='lat'>]</span> <span class='ocrx_word' id='word_1_326' title='bbox 1495 2063 1554 2099; x_wconf 86' lang='lat' dir='ltr'>Sic</span> <span class='ocrx_word' id='word_1_327' title='bbox 1579 2063 1669 2100; x_wconf 57' lang='lat' dir='ltr'>infra</span> <span class='ocrx_word' id='word_1_328' title='bbox 1691 2063 1783 2100; x_wconf 90' lang='lat' dir='ltr'>Hist.</span> <span class='ocrx_word' id='word_1_329' title='bbox 1804 2063 1859 2106; x_wconf 92' lang='lat' dir='ltr'>V,</span> <span class='ocrx_word' id='word_1_330' title='bbox 1884 2073 1945 2111; x_wconf 84' lang='lat'>25.</span> <span class='ocrx_word' id='word_1_331' title='bbox 1966 2062 2003 2099; x_wconf 68' lang='lat' dir='ltr'>St·</span> 
     </span>
     <span class='ocr_line' id='line_1_38' title="bbox 610 2113 1999 2164; baseline -0.003 -11"><span class='ocrx_word' id='word_1_332' title='bbox 610 2115 796 2163; x_wconf 62' lang='lat' dir='ltr'>Vefiwafiano</span> <span class='ocrx_word' id='word_1_333' title='bbox 821 2117 936 2150; x_wconf 77' lang='lat' dir='ltr'>bellum</span> <span class='ocrx_word' id='word_1_334' title='bbox 965 2117 1170 2150; x_wconf 80' lang='lat' dir='ltr'>navaverint.</span> <span class='ocrx_word' id='word_1_335' title='bbox 1201 2114 1261 2150; x_wconf 87' lang='lat' dir='ltr'>Sic</span> <span class='ocrx_word' id='word_1_336' title='bbox 1288 2127 1434 2164; x_wconf 85' lang='lat' dir='ltr'>quoque</span> <span class='ocrx_word' id='word_1_337' title='bbox 1467 2113 1633 2158; x_wconf 87' lang='lat' dir='ltr'>Tullius,</span> <span class='ocrx_word' id='word_1_338' title='bbox 1663 2114 1728 2162; x_wconf 89' lang='lat' dir='ltr'>Ep.</span> <span class='ocrx_word' id='word_1_339' title='bbox 1757 2113 1801 2148; x_wconf 90' lang='lat' dir='ltr'>ad</span> <span class='ocrx_word' id='word_1_340' title='bbox 1833 2113 1999 2149; x_wconf 79' lang='lat' dir='ltr'>familiar.</span> 
     </span>
     <span class='ocr_line' id='line_1_39' title="bbox 613 2162 2000 2213; baseline -0.004 -11"><span class='ocrx_word' id='word_1_341' title='bbox 613 2165 665 2202; x_wconf 84' lang='lat' dir='ltr'>VI</span> <span class='ocrx_word' id='word_1_342' title='bbox 683 2193 693 2209; x_wconf 91' lang='lat'>,</span> <span class='ocrx_word' id='word_1_343' title='bbox 727 2177 758 2201; x_wconf 87' lang='lat'>1.</span> <span class='ocrx_word' id='word_1_344' title='bbox 782 2167 880 2200; x_wconf 81' lang='lat' dir='ltr'>Nemo</span> <span class='ocrx_word' id='word_1_345' title='bbox 903 2165 945 2212; x_wconf 82' lang='lat' dir='ltr'>est</span> <span class='ocrx_word' id='word_1_346' title='bbox 969 2176 1036 2200; x_wconf 81' lang='lat' dir='ltr'>tam</span> <span class='ocrx_word' id='word_1_347' title='bbox 1055 2165 1217 2212; x_wconf 55' lang='lat' dir='ltr'>afflic‘lus,</span> <span class='ocrx_word' id='word_1_348' title='bbox 1244 2169 1297 2213; x_wconf 82' lang='lat' dir='ltr'>qui</span> <span class='ocrx_word' id='word_1_349' title='bbox 1314 2191 1322 2206; x_wconf 87' lang='lat'>‚</span> <span class='ocrx_word' id='word_1_350' title='bbox 1339 2164 1372 2211; x_wconf 83' lang='lat' dir='ltr'><strong><em>fi</em></strong></span> <span class='ocrx_word' id='word_1_351' title='bbox 1397 2166 1477 2199; x_wconf 73' lang='lat' dir='ltr'>nihil</span> <span class='ocrx_word' id='word_1_352' title='bbox 1503 2165 1594 2199; x_wconf 83' lang='lat' dir='ltr'>aliud</span> <span class='ocrx_word' id='word_1_353' title='bbox 1606 2165 1736 2211; x_wconf 75' lang='lat' dir='ltr'>studeat</span> <span class='ocrx_word' id='word_1_354' title='bbox 1751 2192 1759 2207; x_wconf 90' lang='lat'>‚</span> <span class='ocrx_word' id='word_1_355' title='bbox 1788 2163 1848 2209; x_wconf 77' lang='lat' dir='ltr'>nist</span> <span class='ocrx_word' id='word_1_356' title='bbox 1867 2163 1899 2198; x_wconf 82' lang='lat' dir='ltr'>id</span> <span class='ocrx_word' id='word_1_357' title='bbox 1918 2162 2000 2211; x_wconf 84' lang='lat' dir='ltr'>quod</span> 
     </span>
     <span class='ocr_line' id='line_1_40' title="bbox 612 2213 2001 2263; baseline -0.003 -12"><span class='ocrx_word' id='word_1_358' title='bbox 612 2219 708 2263; x_wconf 80' lang='lat' dir='ltr'>agit,</span> <span class='ocrx_word' id='word_1_359' title='bbox 735 2227 797 2249; x_wconf 81' lang='lat' dir='ltr'>non</span> <span class='ocrx_word' id='word_1_360' title='bbox 820 2215 911 2260; x_wconf 70' lang='lat' dir='ltr'>poffic</span> <span class='ocrx_word' id='word_1_361' title='bbox 935 2228 1055 2250; x_wconf 69' lang='lat' dir='ltr'>navare</span> <span class='ocrx_word' id='word_1_362' title='bbox 1078 2215 1225 2262; x_wconf 70' lang='lat' dir='ltr'>aliquid,</span> <span class='ocrx_word' id='word_1_363' title='bbox 1256 2216 1292 2249; x_wconf 59' lang='grc' dir='ltr'>ἐπ’</span> <span class='ocrx_word' id='word_1_364' title='bbox 1316 2213 1446 2261; x_wconf 85' lang='lat' dir='ltr'>efficere.</span> <span class='ocrx_word' id='word_1_365' title='bbox 1471 2213 1574 2250; x_wconf 90' lang='lat' dir='ltr'>Idem</span> <span class='ocrx_word' id='word_1_366' title='bbox 1600 2213 1666 2263; x_wconf 89' lang='lat' dir='ltr'>Ep.</span> <span class='ocrx_word' id='word_1_367' title='bbox 1692 2213 1743 2248; x_wconf 88' lang='lat' dir='ltr'>IX</span> <span class='ocrx_word' id='word_1_368' title='bbox 1759 2241 1768 2257; x_wconf 89' lang='lat'><strong>,</strong></span> <span class='ocrx_word' id='word_1_369' title='bbox 1799 2225 1835 2249; x_wconf 86' lang='lat'>2.</span> <span class='ocrx_word' id='word_1_370' title='bbox 1859 2216 1898 2248; x_wconf 85' lang='lat' dir='ltr'>In</span> <span class='ocrx_word' id='word_1_371' title='bbox 1924 2214 2001 2248; x_wconf 80' lang='lat' dir='ltr'>lite-</span> 
     </span>
     <span class='ocr_line' id='line_1_41' title="bbox 611 2262 1999 2312; baseline -0.003 -11"><span class='ocrx_word' id='word_1_372' title='bbox 611 2270 678 2308; x_wconf 75' lang='lat' dir='ltr'>ris,</span> <span class='ocrx_word' id='word_1_373' title='bbox 708 2265 744 2300; x_wconf 61' lang='grc' dir='ltr'>ἐπ’</span> <span class='ocrx_word' id='word_1_374' title='bbox 766 2265 876 2307; x_wconf 78' lang='lat' dir='ltr'>libris,</span> <span class='ocrx_word' id='word_1_375' title='bbox 905 2276 937 2298; x_wconf 78' lang='lat' dir='ltr'>uc</span> <span class='ocrx_word' id='word_1_376' title='bbox 961 2265 1125 2310; x_wconf 70' lang='lat' dir='ltr'>doffiffi&#39;mi</span> <span class='ocrx_word' id='word_1_377' title='bbox 1145 2277 1263 2300; x_wconf 76' lang='lat' dir='ltr'>veteres</span> <span class='ocrx_word' id='word_1_378' title='bbox 1282 2265 1450 2312; x_wconf 78' lang='lat' dir='ltr'>fecerunt,</span> <span class='ocrx_word' id='word_1_379' title='bbox 1483 2278 1603 2300; x_wconf 73' lang='lat' dir='ltr'>navare</span> <span class='ocrx_word' id='word_1_380' title='bbox 1629 2266 1878 2311; x_wconf 78' lang='lat' dir='ltr'>rempublicam,</span> <span class='ocrx_word' id='word_1_381' title='bbox 1903 2264 1940 2298; x_wconf 62' lang='lat' dir='ltr'>{J</span> <span class='ocrx_word' id='word_1_382' title='bbox 1962 2262 1999 2297; x_wconf 81' lang='lat' dir='ltr'>de</span> 
     </span>
     <span class='ocr_line' id='line_1_42' title="bbox 613 2314 1151 2362; baseline -0.002 -11"><span class='ocrx_word' id='word_1_383' title='bbox 613 2315 751 2351; x_wconf 74' lang='lat' dir='ltr'>moribus</span> <span class='ocrx_word' id='word_1_384' title='bbox 767 2342 776 2357; x_wconf 89' lang='lat'>‚</span> <span class='ocrx_word' id='word_1_385' title='bbox 803 2328 838 2349; x_wconf 89' lang='lat' dir='ltr'>ac</span> <span class='ocrx_word' id='word_1_386' title='bbox 862 2314 979 2362; x_wconf 77' lang='lat' dir='ltr'>legibus</span> <span class='ocrx_word' id='word_1_387' title='bbox 1002 2327 1151 2361; x_wconf 66' lang='lat' dir='ltr'>quaerere.</span> 
     </span>
    </p>

    <p class='ocr_par' dir='ltr' id='par_1_17' title="bbox 610 2361 2000 2463">
     <span class='ocr_line' id='line_1_43' title="bbox 662 2361 2000 2415; baseline -0.003 -15"><span class='ocrx_word' id='word_1_388' title='bbox 662 2364 811 2401; x_wconf 69' lang='lat' dir='ltr'>Occxsis</span> <span class='ocrx_word' id='word_1_389' title='bbox 839 2363 1100 2400; x_wconf 77' lang='lat' dir='ltr'>MOGONTlACI</span> <span class='ocrx_word' id='word_1_390' title='bbox 1135 2375 1309 2402; x_wconf 69' lang='lat' dir='ltr'>rizmums</span> <span class='ocrx_word' id='word_1_391' title='bbox 1338 2368 1358 2412; x_wconf 92' lang='lat'>]</span> <span class='ocrx_word' id='word_1_392' title='bbox 1382 2364 1479 2402; x_wconf 72' lang='lat' dir='ltr'>Male</span> <span class='ocrx_word' id='word_1_393' title='bbox 1502 2364 1570 2403; x_wconf 90' lang='lat' dir='ltr'>Ms.</span> <span class='ocrx_word' id='word_1_394' title='bbox 1592 2364 1681 2415; x_wconf 88' lang='lat' dir='ltr'>Reg.</span> <span class='ocrx_word' id='word_1_395' title='bbox 1706 2367 1739 2401; x_wconf 75' lang='grc' dir='ltr'>δε</span> <span class='ocrx_word' id='word_1_396' title='bbox 1764 2363 1877 2401; x_wconf 88' lang='lat' dir='ltr'>editio</span> <span class='ocrx_word' id='word_1_397' title='bbox 1898 2361 2000 2411; x_wconf 85' lang='lat' dir='ltr'>prin-</span> 
     </span>
     <span class='ocr_line' id='line_1_44' title="bbox 610 2413 1227 2463; baseline -0.006 -11"><span class='ocrx_word' id='word_1_398' title='bbox 610 2426 696 2463; x_wconf 76' lang='lat' dir='ltr'>ceps</span> <span class='ocrx_word' id='word_1_399' title='bbox 711 2441 722 2459; x_wconf 83' lang='lat'>,</span> <span class='ocrx_word' id='word_1_400' title='bbox 751 2413 840 2461; x_wconf 63' lang='lat' dir='ltr'>occg&#39;fi</span> <span class='ocrx_word' id='word_1_401' title='bbox 863 2415 1069 2461; x_wconf 74' lang='lat' dir='ltr'>Magantiaci</span> <span class='ocrx_word' id='word_1_402' title='bbox 1096 2414 1227 2452; x_wconf 78' lang='lat' dir='ltr'>tribuni.</span> 
     </span>
    </p>
   </div>
   <div class='ocr_carea' id='block_1_6' title="bbox 1851 2483 2000 2525">
    <p class='ocr_par' dir='ltr' id='par_1_18' title="bbox 1851 2483 2000 2525">
     <span class='ocr_line' id='line_1_45' title="bbox 1851 2483 2000 2525; baseline 0.007 -1"><span class='ocrx_word' id='word_1_403' title='bbox 1851 2483 2000 2525; x_wconf 88' lang='lat' dir='ltr'><strong>CAP.</strong></span> 
     </span>
    </p>
   </div>
  </div>
 </body>
</html>
