<?xml version="1.0" encoding="UTF-8"?>
<!DOCTYPE html PUBLIC "-//W3C//DTD XHTML 1.0 Transitional//EN"
    "http://www.w3.org/TR/xhtml1/DTD/xhtml1-transitional.dtd">
<html xmlns="http://www.w3.org/1999/xhtml" xml:lang="en" lang="en">
 <head>
  <title>
</title>
<meta http-equiv="Content-Type" content="text/html;charset=utf-8" />
  <meta name='ocr-system' content='tesseract 3.04.00' />
  <meta name='ocr-capabilities' content='ocr_page ocr_carea ocr_par ocr_line ocrx_word'/>
</head>
<body>
  <div class='ocr_page' id='page_1' title='image "./operabro03taciuoft_0284.png"; bbox 0 0 2209 3047; ppageno 0'>
   <div class='ocr_carea' id='block_1_1' title="bbox 461 286 573 291">
    <p class='ocr_par' dir='ltr' id='par_1_1' title="bbox 461 286 573 291">
     <span class='ocr_line' id='line_1_1' title="bbox 461 286 573 291; baseline 0 0"><span class='ocrx_word' id='word_1_1' title='bbox 461 286 573 291; x_wconf 95' lang='lat' dir='ltr'> </span> 
     </span>
    </p>
   </div>
   <div class='ocr_carea' id='block_1_2' title="bbox 460 291 574 442">
    <p class='ocr_par' dir='ltr' id='par_1_2' title="bbox 460 291 574 442">
     <span class='ocr_line' id='line_1_2' title="bbox 460 291 574 306; baseline 0 0"><span class='ocrx_word' id='word_1_2' title='bbox 460 291 574 306; x_wconf 51' lang='grc' dir='ltr'><strong>Ξ</strong></span> 
     </span>
     <span class='ocr_line' id='line_1_3' title="bbox 461 325 573 348; baseline 0 0"><span class='ocrx_word' id='word_1_3' title='bbox 461 325 490 348; x_wconf 81' lang='grc' dir='ltr'>Α.</span> <span class='ocrx_word' id='word_1_4' title='bbox 503 327 532 348; x_wconf 89' lang='lat' dir='ltr'>U.</span> <span class='ocrx_word' id='word_1_5' title='bbox 543 326 573 348; x_wconf 89' lang='lat' dir='ltr'>C.</span> 
     </span>
     <span class='ocr_line' id='line_1_4' title="bbox 484 370 554 404; baseline -0.014 -7"><span class='ocrx_word' id='word_1_6' title='bbox 484 370 554 404; x_wconf 86' lang='lat'><em>823.</em></span> 
     </span>
     <span class='ocr_line' id='line_1_5' title="bbox 483 419 550 442; baseline 0.015 -1"><span class='ocrx_word' id='word_1_7' title='bbox 483 419 503 441; x_wconf 84' lang='lat' dir='ltr'>J.</span> <span class='ocrx_word' id='word_1_8' title='bbox 518 420 550 442; x_wconf 77' lang='lat' dir='ltr'>c.</span> 
     </span>
    </p>
   </div>
   <div class='ocr_carea' id='block_1_3' title="bbox 487 472 539 499">
    <p class='ocr_par' dir='ltr' id='par_1_3' title="bbox 487 472 539 499">
     <span class='ocr_line' id='line_1_6' title="bbox 487 472 539 499; baseline 0.038 -6"><span class='ocrx_word' id='word_1_9' title='bbox 487 472 539 499; x_wconf 75' lang='lat'>70·</span> 
     </span>
    </p>
   </div>
   <div class='ocr_carea' id='block_1_4' title="bbox 602 182 1712 240">
    <p class='ocr_par' dir='ltr' id='par_1_4' title="bbox 602 182 1712 240">
     <span class='ocr_line' id='line_1_7' title="bbox 602 182 1712 240; baseline -0.005 -9"><span class='ocrx_word' id='word_1_10' title='bbox 602 205 687 240; x_wconf 89' lang='lat'>270</span> <span class='ocrx_word' id='word_1_11' title='bbox 879 187 927 227; x_wconf 93' lang='lat' dir='ltr'>C.</span> <span class='ocrx_word' id='word_1_12' title='bbox 993 182 1374 227; x_wconf 90' lang='lat' dir='ltr'>CORNELII</span> <span class='ocrx_word' id='word_1_13' title='bbox 1437 183 1712 226; x_wconf 94' lang='lat' dir='ltr'><strong>TACITI</strong></span> 
     </span>
    </p>
   </div>
   <div class='ocr_carea' id='block_1_5' title="bbox 595 264 1991 2035">
    <p class='ocr_par' dir='ltr' id='par_1_5' title="bbox 595 264 1989 1781">
     <span class='ocr_line' id='line_1_8' title="bbox 656 264 1977 319; baseline -0.002 -9"><span class='ocrx_word' id='word_1_14' title='bbox 656 269 829 310; x_wconf 89' lang='lat' dir='ltr'><strong>LXIV.</strong></span> <span class='ocrx_word' id='word_1_15' title='bbox 863 267 1052 308; x_wconf 79' lang='lat' dir='ltr'>IG1TUR</span> <span class='ocrx_word' id='word_1_16' title='bbox 1075 266 1262 308; x_wconf 62' lang='lat' dir='ltr'>Tenueri</span> <span class='ocrx_word' id='word_1_17' title='bbox 1279 272 1287 287; x_wconf 94' lang='lat'>¹</span> <span class='ocrx_word' id='word_1_18' title='bbox 1305 295 1318 315; x_wconf 86' lang='grc'>,</span> <span class='ocrx_word' id='word_1_19' title='bbox 1341 266 1491 305; x_wconf 86' lang='lat' dir='ltr'>Rheno</span> <span class='ocrx_word' id='word_1_20' title='bbox 1516 264 1686 305; x_wconf 85' lang='lat' dir='ltr'>discreta</span> <span class='ocrx_word' id='word_1_21' title='bbox 1706 278 1830 319; x_wconf 84' lang='lat' dir='ltr'>gens,</span> <span class='ocrx_word' id='word_1_22' title='bbox 1859 267 1977 309; x_wconf 77' lang='lat' dir='ltr'>miffis</span> 
     </span>
     <span class='ocr_line' id='line_1_9' title="bbox 595 327 1976 391; baseline -0.003 -17"><span class='ocrx_word' id='word_1_23' title='bbox 595 334 736 389; x_wconf 83' lang='lat' dir='ltr'>legatis</span> <span class='ocrx_word' id='word_1_24' title='bbox 753 362 766 382; x_wconf 88' lang='lat'><em>‚</em></span> <span class='ocrx_word' id='word_1_25' title='bbox 792 331 977 372; x_wconf 87' lang='lat' dir='ltr'>mandata</span> <span class='ocrx_word' id='word_1_26' title='bbox 991 331 1095 391; x_wconf 88' lang='lat' dir='ltr'>apud</span> <span class='ocrx_word' id='word_1_27' title='bbox 1115 329 1337 371; x_wconf 87' lang='lat' dir='ltr'>concilium</span> <span class='ocrx_word' id='word_1_28' title='bbox 1361 328 1713 384; x_wconf 85' lang='lat' dir='ltr'>Agrippinenfium</span> <span class='ocrx_word' id='word_1_29' title='bbox 1734 328 1796 369; x_wconf 92' lang='lat' dir='ltr'>edi</span> <span class='ocrx_word' id='word_1_30' title='bbox 1812 327 1976 381; x_wconf 88' lang='lat' dir='ltr'>jubent:</span> 
     </span>
     <span class='ocr_line' id='line_1_10' title="bbox 595 390 1978 452; baseline -0.004 -15"><span class='ocrx_word' id='word_1_31' title='bbox 595 413 678 452; x_wconf 84' lang='lat' dir='ltr'>quae</span> <span class='ocrx_word' id='word_1_32' title='bbox 704 395 962 437; x_wconf 83' lang='lat' dir='ltr'>ferocissimus</span> <span class='ocrx_word' id='word_1_33' title='bbox 987 409 1008 435; x_wconf 88' lang='lat' dir='ltr'>e</span> <span class='ocrx_word' id='word_1_34' title='bbox 1033 394 1201 449; x_wconf 87' lang='lat' dir='ltr'>legatis,</span> <span class='ocrx_word' id='word_1_35' title='bbox 1226 395 1267 432; x_wconf 92' lang='lat' dir='ltr'>in</span> <span class='ocrx_word' id='word_1_36' title='bbox 1289 394 1399 433; x_wconf 90' lang='lat' dir='ltr'>hunc</span> <span class='ocrx_word' id='word_1_37' title='bbox 1433 391 1597 432; x_wconf 88' lang='lat' dir='ltr'>modum</span> <span class='ocrx_word' id='word_1_38' title='bbox 1626 390 1816 448; x_wconf 83' lang='lat' dir='ltr'>protulit:</span> <span class='ocrx_word' id='word_1_39' title='bbox 1843 409 1866 428; x_wconf 86' lang='lat'>«</span> <span class='ocrx_word' id='word_1_40' title='bbox 1891 393 1978 432; x_wconf 82' lang='lat' dir='ltr'>Re-</span> 
     </span>
     <span class='ocr_line' id='line_1_11' title="bbox 596 454 1978 514; baseline -0.002 -15"><span class='ocrx_word' id='word_1_41' title='bbox 596 460 724 501; x_wconf 77' lang='lat' dir='ltr'>»disse</span> <span class='ocrx_word' id='word_1_42' title='bbox 760 473 832 499; x_wconf 88' lang='lat' dir='ltr'>vos</span> <span class='ocrx_word' id='word_1_43' title='bbox 858 459 899 498; x_wconf 90' lang='lat' dir='ltr'>in</span> <span class='ocrx_word' id='word_1_44' title='bbox 932 473 1076 514; x_wconf 82' lang='lat' dir='ltr'>corpus</span> <span class='ocrx_word' id='word_1_45' title='bbox 1115 470 1342 509; x_wconf 85' lang='lat' dir='ltr'>nomenque</span> <span class='ocrx_word' id='word_1_46' title='bbox 1364 460 1377 476; x_wconf 89' lang='lat'>²</span> <span class='ocrx_word' id='word_1_47' title='bbox 1409 456 1660 506; x_wconf 84' lang='lat' dir='ltr'>Germaniae,</span> <span class='ocrx_word' id='word_1_48' title='bbox 1693 454 1978 497; x_wconf 82' lang='lat' dir='ltr'>communibus</span> 
     </span>
     <span class='ocr_line' id='line_1_12' title="bbox 598 518 1976 578; baseline -0.002 -16"><span class='ocrx_word' id='word_1_49' title='bbox 598 524 713 564; x_wconf 81' lang='lat' dir='ltr'>»deis</span> <span class='ocrx_word' id='word_1_50' title='bbox 728 553 741 573; x_wconf 87' lang='lat'><em>,</em></span> <span class='ocrx_word' id='word_1_51' title='bbox 761 526 801 563; x_wconf 87' lang='lat'>&amp;</span> <span class='ocrx_word' id='word_1_52' title='bbox 821 523 1021 578; x_wconf 80' lang='lat' dir='ltr'>praecipuo</span> <span class='ocrx_word' id='word_1_53' title='bbox 1046 521 1213 561; x_wconf 82' lang='lat' dir='ltr'>deorum</span> <span class='ocrx_word' id='word_1_54' title='bbox 1230 525 1239 548; x_wconf 78' lang='lat'><em>³</em></span> <span class='ocrx_word' id='word_1_55' title='bbox 1269 520 1419 569; x_wconf 83' lang='lat' dir='ltr'>Marti,</span> <span class='ocrx_word' id='word_1_56' title='bbox 1434 532 1563 574; x_wconf 79' lang='lat' dir='ltr'>grates</span> <span class='ocrx_word' id='word_1_57' title='bbox 1591 520 1764 573; x_wconf 84' lang='lat' dir='ltr'>agimus:</span> <span class='ocrx_word' id='word_1_58' title='bbox 1783 518 1976 572; x_wconf 82' lang='lat' dir='ltr'>vobisque</span> 
     </span>
     <span class='ocr_line' id='line_1_13' title="bbox 597 580 1978 642; baseline -0.002 -17"><span class='ocrx_word' id='word_1_59' title='bbox 597 585 901 642; x_wconf 81' lang='lat' dir='ltr'>»gratulamur‚</span> <span class='ocrx_word' id='word_1_60' title='bbox 928 584 1037 639; x_wconf 82' lang='lat' dir='ltr'>quod</span> <span class='ocrx_word' id='word_1_61' title='bbox 1066 583 1227 624; x_wconf 86' lang='lat' dir='ltr'>tandem</span> <span class='ocrx_word' id='word_1_62' title='bbox 1256 580 1372 622; x_wconf 87' lang='lat' dir='ltr'>liberi</span> <span class='ocrx_word' id='word_1_63' title='bbox 1398 584 1501 622; x_wconf 88' lang='lat' dir='ltr'>inter</span> <span class='ocrx_word' id='word_1_64' title='bbox 1530 581 1676 623; x_wconf 88' lang='lat' dir='ltr'>liberos</span> <span class='ocrx_word' id='word_1_65' title='bbox 1713 584 1835 623; x_wconf 88' lang='lat' dir='ltr'>eritis.</span> <span class='ocrx_word' id='word_1_66' title='bbox 1867 583 1978 622; x_wconf 85' lang='lat' dir='ltr'>Nam</span> 
     </span>
     <span class='ocr_line' id='line_1_14' title="bbox 598 644 1978 699; baseline -0.002 -11"><span class='ocrx_word' id='word_1_67' title='bbox 598 669 620 689; x_wconf 83' lang='grc'><em>»</em></span> <span class='ocrx_word' id='word_1_68' title='bbox 631 651 680 691; x_wconf 88' lang='lat' dir='ltr'>ad</span> <span class='ocrx_word' id='word_1_69' title='bbox 697 652 805 690; x_wconf 92' lang='lat' dir='ltr'>hunc</span> <span class='ocrx_word' id='word_1_70' title='bbox 833 649 965 698; x_wconf 83' lang='lat' dir='ltr'>diem,</span> <span class='ocrx_word' id='word_1_71' title='bbox 988 648 1154 686; x_wconf 86' lang='lat' dir='ltr'>flumina</span> <span class='ocrx_word' id='word_1_72' title='bbox 1182 662 1227 687; x_wconf 86' lang='lat' dir='ltr'>ac</span> <span class='ocrx_word' id='word_1_73' title='bbox 1252 659 1372 687; x_wconf 87' lang='lat' dir='ltr'>terras</span> <span class='ocrx_word' id='word_1_74' title='bbox 1388 676 1401 696; x_wconf 85' lang='grc'>,</span> <span class='ocrx_word' id='word_1_75' title='bbox 1429 650 1469 686; x_wconf 84' lang='lat'>&amp;</span> <span class='ocrx_word' id='word_1_76' title='bbox 1504 644 1645 686; x_wconf 77' lang='lat' dir='ltr'>caelum</span> <span class='ocrx_word' id='word_1_77' title='bbox 1674 645 1978 699; x_wconf 89' lang='lat' dir='ltr'>quodammodo</span> 
     </span>
     <span class='ocr_line' id='line_1_15' title="bbox 597 708 1980 770; baseline -0.003 -18"><span class='ocrx_word' id='word_1_78' title='bbox 597 713 758 770; x_wconf 81' lang='lat' dir='ltr'>»ipsum</span> <span class='ocrx_word' id='word_1_79' title='bbox 774 743 787 763; x_wconf 88' lang='grc'>,</span> <span class='ocrx_word' id='word_1_80' title='bbox 811 711 1034 752; x_wconf 83' lang='lat' dir='ltr'>clauserant</span> <span class='ocrx_word' id='word_1_81' title='bbox 1050 711 1244 751; x_wconf 88' lang='lat' dir='ltr'>Romani:</span> <span class='ocrx_word' id='word_1_82' title='bbox 1262 722 1306 748; x_wconf 94' lang='lat' dir='ltr'>ut</span> <span class='ocrx_word' id='word_1_83' title='bbox 1332 708 1538 763; x_wconf 88' lang='lat' dir='ltr'>colloquia</span> <span class='ocrx_word' id='word_1_84' title='bbox 1560 709 1866 764; x_wconf 75' lang='lat' dir='ltr'>congressusque</span> <span class='ocrx_word' id='word_1_85' title='bbox 1888 708 1980 749; x_wconf 90' lang='lat' dir='ltr'>nos-</span> 
     </span>
     <span class='ocr_line' id='line_1_16' title="bbox 597 772 1980 827; baseline -0.004 -10"><span class='ocrx_word' id='word_1_86' title='bbox 597 791 711 818; x_wconf 83' lang='lat' dir='ltr'>»tros</span> <span class='ocrx_word' id='word_1_87' title='bbox 734 788 935 817; x_wconf 81' lang='lat' dir='ltr'>arcerent:</span> <span class='ocrx_word' id='word_1_88' title='bbox 970 772 1062 824; x_wconf 83' lang='lat' dir='ltr'>vel,</span> <span class='ocrx_word' id='word_1_89' title='bbox 1093 773 1201 827; x_wconf 89' lang='lat' dir='ltr'>quod</span> <span class='ocrx_word' id='word_1_90' title='bbox 1234 772 1561 813; x_wconf 79' lang='lat' dir='ltr'>contumeliosius</span> <span class='ocrx_word' id='word_1_91' title='bbox 1590 774 1643 813; x_wconf 89' lang='lat' dir='ltr'>est</span> <span class='ocrx_word' id='word_1_92' title='bbox 1674 774 1767 813; x_wconf 88' lang='lat' dir='ltr'>viris</span> <span class='ocrx_word' id='word_1_93' title='bbox 1795 773 1843 813; x_wconf 87' lang='lat' dir='ltr'>ad</span> <span class='ocrx_word' id='word_1_94' title='bbox 1873 787 1980 813; x_wconf 86' lang='lat' dir='ltr'>arma</span> 
     </span>
     <span class='ocr_line' id='line_1_17' title="bbox 599 836 1981 892; baseline -0.002 -14"><span class='ocrx_word' id='word_1_95' title='bbox 599 858 620 879; x_wconf 83' lang='lat'>»</span> <span class='ocrx_word' id='word_1_96' title='bbox 632 842 732 881; x_wconf 88' lang='lat' dir='ltr'>natis</span> <span class='ocrx_word' id='word_1_97' title='bbox 746 869 758 889; x_wconf 88' lang='lat'><strong><em>,</em></strong></span> <span class='ocrx_word' id='word_1_98' title='bbox 787 840 957 878; x_wconf 87' lang='lat' dir='ltr'>inermes</span> <span class='ocrx_word' id='word_1_99' title='bbox 979 852 1025 877; x_wconf 89' lang='lat' dir='ltr'>ac</span> <span class='ocrx_word' id='word_1_100' title='bbox 1043 836 1166 892; x_wconf 73' lang='lat' dir='ltr'>prope</span> <span class='ocrx_word' id='word_1_101' title='bbox 1188 836 1307 885; x_wconf 80' lang='lat' dir='ltr'>nudi,</span> <span class='ocrx_word' id='word_1_102' title='bbox 1325 836 1394 876; x_wconf 90' lang='lat' dir='ltr'>sub</span> <span class='ocrx_word' id='word_1_103' title='bbox 1421 836 1582 876; x_wconf 83' lang='lat' dir='ltr'>custode</span> <span class='ocrx_word' id='word_1_104' title='bbox 1600 840 1640 876; x_wconf 69' lang='grc' dir='ltr'>ὅ(</span> <span class='ocrx_word' id='word_1_105' title='bbox 1661 837 1790 892; x_wconf 86' lang='lat' dir='ltr'>pretio</span> <span class='ocrx_word' id='word_1_106' title='bbox 1810 841 1827 864; x_wconf 84' lang='lat'>4</span> <span class='ocrx_word' id='word_1_107' title='bbox 1852 837 1981 876; x_wconf 86' lang='lat' dir='ltr'>coire-</span> 
     </span>
     <span class='ocr_line' id='line_1_18' title="bbox 600 898 1982 953; baseline -0.002 -12"><span class='ocrx_word' id='word_1_108' title='bbox 600 922 622 942; x_wconf 85' lang='lat'>&gt;›</span> <span class='ocrx_word' id='word_1_109' title='bbox 633 918 732 943; x_wconf 81' lang='lat' dir='ltr'>mus.</span> <span class='ocrx_word' id='word_1_110' title='bbox 754 900 834 941; x_wconf 86' lang='lat' dir='ltr'>Sed</span> <span class='ocrx_word' id='word_1_111' title='bbox 859 914 903 940; x_wconf 92' lang='lat' dir='ltr'>ut</span> <span class='ocrx_word' id='word_1_112' title='bbox 929 902 1104 941; x_wconf 86' lang='lat' dir='ltr'>amicitia</span> <span class='ocrx_word' id='word_1_113' title='bbox 1126 899 1371 953; x_wconf 81' lang='lat' dir='ltr'>societasque</span> <span class='ocrx_word' id='word_1_114' title='bbox 1399 900 1527 940; x_wconf 89' lang='lat' dir='ltr'>nostra</span> <span class='ocrx_word' id='word_1_115' title='bbox 1552 901 1592 939; x_wconf 91' lang='lat' dir='ltr'>in</span> <span class='ocrx_word' id='word_1_116' title='bbox 1614 913 1803 939; x_wconf 83' lang='lat' dir='ltr'>aeternum</span> <span class='ocrx_word' id='word_1_117' title='bbox 1820 912 1903 938; x_wconf 88' lang='lat' dir='ltr'>rata</span> <span class='ocrx_word' id='word_1_118' title='bbox 1918 898 1982 948; x_wconf 78' lang='lat' dir='ltr'>sit,</span> 
     </span>
     <span class='ocr_line' id='line_1_19' title="bbox 600 961 1982 1023; baseline -0.004 -18"><span class='ocrx_word' id='word_1_119' title='bbox 600 964 874 1023; x_wconf 82' lang='lat' dir='ltr'>»postulamus</span> <span class='ocrx_word' id='word_1_120' title='bbox 907 979 928 1003; x_wconf 87' lang='lat' dir='ltr'>a</span> <span class='ocrx_word' id='word_1_121' title='bbox 952 962 1066 1003; x_wconf 89' lang='lat' dir='ltr'>vobis</span> <span class='ocrx_word' id='word_1_122' title='bbox 1083 992 1095 1012; x_wconf 87' lang='lat'>,</span> <span class='ocrx_word' id='word_1_123' title='bbox 1121 977 1255 1002; x_wconf 87' lang='lat' dir='ltr'>muros</span> <span class='ocrx_word' id='word_1_124' title='bbox 1294 961 1464 1003; x_wconf 86' lang='lat' dir='ltr'>coloniae</span> <span class='ocrx_word' id='word_1_125' title='bbox 1479 993 1492 1012; x_wconf 85' lang='grc'>,</span> <span class='ocrx_word' id='word_1_126' title='bbox 1517 964 1766 1002; x_wconf 89' lang='lat' dir='ltr'>munimenta</span> <span class='ocrx_word' id='word_1_127' title='bbox 1801 962 1982 1012; x_wconf 88' lang='lat' dir='ltr'>servitii,</span> 
     </span>
     <span class='ocr_line' id='line_1_20' title="bbox 600 1024 1984 1076; baseline -0.003 -8"><span class='ocrx_word' id='word_1_128' title='bbox 600 1048 622 1068; x_wconf 87' lang='lat'><strong><em>»</em></strong></span> <span class='ocrx_word' id='word_1_129' title='bbox 633 1029 860 1071; x_wconf 87' lang='lat' dir='ltr'>detrahatis.</span> <span class='ocrx_word' id='word_1_130' title='bbox 888 1026 1021 1066; x_wconf 88' lang='lat' dir='ltr'>Etiam</span> <span class='ocrx_word' id='word_1_131' title='bbox 1059 1026 1141 1066; x_wconf 88' lang='lat' dir='ltr'>fera</span> <span class='ocrx_word' id='word_1_132' title='bbox 1168 1024 1391 1076; x_wconf 69' lang='lat' dir='ltr'>animalia,</span> <span class='ocrx_word' id='word_1_133' title='bbox 1418 1026 1445 1064; x_wconf 82' lang='lat' dir='ltr'>sl</span> <span class='ocrx_word' id='word_1_134' title='bbox 1477 1025 1608 1066; x_wconf 87' lang='lat' dir='ltr'>clausa</span> <span class='ocrx_word' id='word_1_135' title='bbox 1633 1039 1798 1075; x_wconf 76' lang='lat' dir='ltr'>teneas,</span> <span class='ocrx_word' id='word_1_136' title='bbox 1825 1025 1984 1065; x_wconf 85' lang='lat' dir='ltr'>virtutis</span> 
     </span>
     <span class='ocr_line' id='line_1_21' title="bbox 599 1088 1984 1139; baseline -0.002 -8"><span class='ocrx_word' id='word_1_137' title='bbox 599 1110 622 1131; x_wconf 88' lang='lat'><strong><em>»</em></strong></span> <span class='ocrx_word' id='word_1_138' title='bbox 633 1092 938 1133; x_wconf 88' lang='lat' dir='ltr'>obliviscuntur.</span> <span class='ocrx_word' id='word_1_139' title='bbox 961 1090 1172 1130; x_wconf 84' lang='lat' dir='ltr'>Romanos</span> <span class='ocrx_word' id='word_1_140' title='bbox 1199 1103 1339 1130; x_wconf 88' lang='lat' dir='ltr'>omnes</span> <span class='ocrx_word' id='word_1_141' title='bbox 1353 1119 1366 1139; x_wconf 84' lang='lat'>,</span> <span class='ocrx_word' id='word_1_142' title='bbox 1394 1090 1435 1128; x_wconf 91' lang='lat' dir='ltr'>in</span> <span class='ocrx_word' id='word_1_143' title='bbox 1460 1088 1605 1129; x_wconf 88' lang='lat' dir='ltr'>finibus</span> <span class='ocrx_word' id='word_1_144' title='bbox 1625 1089 1760 1129; x_wconf 87' lang='lat' dir='ltr'>vestris</span> <span class='ocrx_word' id='word_1_145' title='bbox 1774 1118 1788 1139; x_wconf 87' lang='grc'>,</span> <span class='ocrx_word' id='word_1_146' title='bbox 1809 1088 1984 1129; x_wconf 88' lang='lat' dir='ltr'>trucide-</span> 
     </span>
     <span class='ocr_line' id='line_1_22' title="bbox 601 1152 1985 1204; baseline -0.001 -11"><span class='ocrx_word' id='word_1_147' title='bbox 601 1158 706 1196; x_wconf 73' lang='lat' dir='ltr'>»tisz</span> <span class='ocrx_word' id='word_1_148' title='bbox 728 1154 834 1195; x_wconf 88' lang='lat' dir='ltr'>haud</span> <span class='ocrx_word' id='word_1_149' title='bbox 852 1152 972 1194; x_wconf 76' lang='lat' dir='ltr'>facile</span> <span class='ocrx_word' id='word_1_150' title='bbox 998 1152 1187 1204; x_wconf 82' lang='lat' dir='ltr'>libertas,</span> <span class='ocrx_word' id='word_1_151' title='bbox 1214 1157 1253 1194; x_wconf 75' lang='grc' dir='ltr'>ὅ(</span> <span class='ocrx_word' id='word_1_152' title='bbox 1282 1152 1438 1193; x_wconf 88' lang='lat' dir='ltr'>domini</span> <span class='ocrx_word' id='word_1_153' title='bbox 1469 1152 1699 1193; x_wconf 85' lang='lat' dir='ltr'>miscentur.</span> <span class='ocrx_word' id='word_1_154' title='bbox 1722 1152 1837 1192; x_wconf 90' lang='lat' dir='ltr'>Bona</span> <span class='ocrx_word' id='word_1_155' title='bbox 1862 1153 1985 1192; x_wconf 87' lang='lat' dir='ltr'>inter-</span> 
     </span>
     <span class='ocr_line' id='line_1_23' title="bbox 601 1215 1985 1270; baseline -0.002 -13"><span class='ocrx_word' id='word_1_156' title='bbox 601 1220 852 1268; x_wconf 56' lang='lat' dir='ltr'>22fe&#39;ciorum,</span> <span class='ocrx_word' id='word_1_157' title='bbox 874 1219 916 1257; x_wconf 84' lang='lat' dir='ltr'>in</span> <span class='ocrx_word' id='word_1_158' title='bbox 942 1217 1118 1257; x_wconf 86' lang='lat' dir='ltr'>medium</span> <span class='ocrx_word' id='word_1_159' title='bbox 1140 1216 1285 1257; x_wconf 89' lang='lat' dir='ltr'>cedant</span> <span class='ocrx_word' id='word_1_160' title='bbox 1300 1245 1312 1266; x_wconf 85' lang='lat'><em>‚</em></span> <span class='ocrx_word' id='word_1_161' title='bbox 1340 1231 1390 1256; x_wconf 85' lang='lat' dir='ltr'>ne</span> <span class='ocrx_word' id='word_1_162' title='bbox 1414 1217 1500 1270; x_wconf 84' lang='lat' dir='ltr'>quis</span> <span class='ocrx_word' id='word_1_163' title='bbox 1528 1215 1717 1257; x_wconf 84' lang='lat' dir='ltr'>occulere</span> <span class='ocrx_word' id='word_1_164' title='bbox 1742 1215 1985 1270; x_wconf 87' lang='lat' dir='ltr'>quidquam,</span> 
     </span>
     <span class='ocr_line' id='line_1_24' title="bbox 601 1278 1986 1336; baseline -0.003 -15"><span class='ocrx_word' id='word_1_165' title='bbox 601 1295 701 1323; x_wconf 81' lang='lat' dir='ltr'>»aut</span> <span class='ocrx_word' id='word_1_166' title='bbox 735 1282 942 1336; x_wconf 85' lang='lat' dir='ltr'>segregare</span> <span class='ocrx_word' id='word_1_167' title='bbox 983 1280 1140 1321; x_wconf 87' lang='lat' dir='ltr'>causam</span> <span class='ocrx_word' id='word_1_168' title='bbox 1165 1280 1273 1321; x_wconf 87' lang='lat' dir='ltr'>suam</span> <span class='ocrx_word' id='word_1_169' title='bbox 1297 1279 1424 1335; x_wconf 83' lang='lat' dir='ltr'>possit.</span> <span class='ocrx_word' id='word_1_170' title='bbox 1460 1279 1604 1320; x_wconf 89' lang='lat' dir='ltr'>Liceat</span> <span class='ocrx_word' id='word_1_171' title='bbox 1645 1278 1760 1320; x_wconf 89' lang='lat' dir='ltr'>nobis</span> <span class='ocrx_word' id='word_1_172' title='bbox 1792 1278 1986 1332; x_wconf 89' lang='lat' dir='ltr'>vobisque</span> 
     </span>
     <span class='ocr_line' id='line_1_25' title="bbox 599 1341 1987 1400; baseline -0.001 -16"><span class='ocrx_word' id='word_1_173' title='bbox 599 1359 841 1398; x_wconf 78' lang='lat' dir='ltr'>»utramque</span> <span class='ocrx_word' id='word_1_174' title='bbox 865 1345 992 1400; x_wconf 82' lang='lat' dir='ltr'>ripam</span> <span class='ocrx_word' id='word_1_175' title='bbox 1007 1342 1141 1385; x_wconf 88' lang='lat' dir='ltr'>colere</span> <span class='ocrx_word' id='word_1_176' title='bbox 1156 1373 1170 1394; x_wconf 90' lang='grc'>,</span> <span class='ocrx_word' id='word_1_177' title='bbox 1190 1357 1235 1384; x_wconf 94' lang='lat' dir='ltr'>ut</span> <span class='ocrx_word' id='word_1_178' title='bbox 1255 1342 1352 1384; x_wconf 88' lang='lat' dir='ltr'>olim</span> <span class='ocrx_word' id='word_1_179' title='bbox 1366 1341 1581 1395; x_wconf 86' lang='lat' dir='ltr'>majoribus</span> <span class='ocrx_word' id='word_1_180' title='bbox 1599 1344 1738 1383; x_wconf 86' lang='lat' dir='ltr'>nostris</span> <span class='ocrx_word' id='word_1_181' title='bbox 1753 1360 1760 1383; x_wconf 94' lang='lat'>:</span> <span class='ocrx_word' id='word_1_182' title='bbox 1776 1341 1987 1396; x_wconf 88' lang='lat' dir='ltr'>quomodo</span> 
     </span>
     <span class='ocr_line' id='line_1_26' title="bbox 599 1405 1987 1461; baseline -0.003 -14"><span class='ocrx_word' id='word_1_183' title='bbox 599 1426 623 1447; x_wconf 59' lang='grc' dir='ltr'>υ)</span> <span class='ocrx_word' id='word_1_184' title='bbox 634 1408 769 1450; x_wconf 87' lang='lat' dir='ltr'>lucem</span> <span class='ocrx_word' id='word_1_185' title='bbox 791 1408 977 1461; x_wconf 85' lang='lat' dir='ltr'>diemque</span> <span class='ocrx_word' id='word_1_186' title='bbox 996 1406 1182 1448; x_wconf 85' lang='lat' dir='ltr'>omnibus</span> <span class='ocrx_word' id='word_1_187' title='bbox 1212 1406 1443 1447; x_wconf 90' lang='lat' dir='ltr'>hominibus</span> <span class='ocrx_word' id='word_1_188' title='bbox 1460 1436 1472 1456; x_wconf 87' lang='grc'>,</span> <span class='ocrx_word' id='word_1_189' title='bbox 1490 1407 1542 1446; x_wconf 85' lang='lat' dir='ltr'>ita</span> <span class='ocrx_word' id='word_1_190' title='bbox 1561 1421 1701 1447; x_wconf 89' lang='lat' dir='ltr'>omnes</span> <span class='ocrx_word' id='word_1_191' title='bbox 1726 1419 1847 1446; x_wconf 85' lang='lat' dir='ltr'>terras</span> <span class='ocrx_word' id='word_1_192' title='bbox 1871 1405 1987 1445; x_wconf 88' lang='lat' dir='ltr'>forti-</span> 
     </span>
     <span class='ocr_line' id='line_1_27' title="bbox 600 1467 1986 1526; baseline -0.002 -16"><span class='ocrx_word' id='word_1_193' title='bbox 600 1471 706 1513; x_wconf 80' lang='lat' dir='ltr'>»bus</span> <span class='ocrx_word' id='word_1_194' title='bbox 725 1472 819 1512; x_wconf 86' lang='lat' dir='ltr'>viris</span> <span class='ocrx_word' id='word_1_195' title='bbox 850 1484 987 1511; x_wconf 85' lang='lat' dir='ltr'>natura</span> <span class='ocrx_word' id='word_1_196' title='bbox 1021 1471 1188 1526; x_wconf 88' lang='lat' dir='ltr'>aperuit.</span> <span class='ocrx_word' id='word_1_197' title='bbox 1208 1470 1391 1510; x_wconf 85' lang='lat' dir='ltr'>Instituta</span> <span class='ocrx_word' id='word_1_198' title='bbox 1419 1468 1653 1523; x_wconf 87' lang='lat' dir='ltr'>cultumque</span> <span class='ocrx_word' id='word_1_199' title='bbox 1681 1470 1853 1525; x_wconf 86' lang='lat' dir='ltr'>patrium</span> <span class='ocrx_word' id='word_1_200' title='bbox 1878 1467 1986 1508; x_wconf 91' lang='lat' dir='ltr'>resu-</span> 
     </span>
     <span class='ocr_line' id='line_1_28' title="bbox 602 1530 1989 1590; baseline -0.003 -16"><span class='ocrx_word' id='word_1_201' title='bbox 602 1537 760 1585; x_wconf 78' lang='lat' dir='ltr'>»mite‚</span> <span class='ocrx_word' id='word_1_202' title='bbox 791 1533 967 1590; x_wconf 85' lang='lat' dir='ltr'>abruptis</span> <span class='ocrx_word' id='word_1_203' title='bbox 996 1532 1271 1590; x_wconf 86' lang='lat' dir='ltr'>voluptatibus</span> <span class='ocrx_word' id='word_1_204' title='bbox 1301 1539 1337 1584; x_wconf 79' lang='lat'>5,</span> <span class='ocrx_word' id='word_1_205' title='bbox 1361 1532 1503 1586; x_wconf 88' lang='lat' dir='ltr'>quibus</span> <span class='ocrx_word' id='word_1_206' title='bbox 1529 1534 1707 1573; x_wconf 88' lang='lat' dir='ltr'>Romani</span> <span class='ocrx_word' id='word_1_207' title='bbox 1732 1532 1821 1588; x_wconf 87' lang='lat' dir='ltr'>plus</span> <span class='ocrx_word' id='word_1_208' title='bbox 1849 1530 1989 1572; x_wconf 80' lang='lat' dir='ltr'>adver-</span> 
     </span>
     <span class='ocr_line' id='line_1_29' title="bbox 603 1595 1989 1651; baseline -0.002 -14"><span class='ocrx_word' id='word_1_209' title='bbox 603 1599 697 1639; x_wconf 74' lang='lat' dir='ltr'>»sus</span> <span class='ocrx_word' id='word_1_210' title='bbox 725 1595 947 1650; x_wconf 64' lang='lat' dir='ltr'>subjeetos‚</span> <span class='ocrx_word' id='word_1_211' title='bbox 972 1596 1092 1651; x_wconf 75' lang='lat' dir='ltr'>quam</span> <span class='ocrx_word' id='word_1_212' title='bbox 1120 1598 1236 1638; x_wconf 86' lang='lat' dir='ltr'>armis</span> <span class='ocrx_word' id='word_1_213' title='bbox 1266 1595 1425 1637; x_wconf 86' lang='lat' dir='ltr'>valent:</span> <span class='ocrx_word' id='word_1_214' title='bbox 1458 1596 1629 1637; x_wconf 82' lang='lat' dir='ltr'>sincerus</span> <span class='ocrx_word' id='word_1_215' title='bbox 1664 1600 1704 1636; x_wconf 77' lang='grc' dir='ltr'>ὅ(</span> <span class='ocrx_word' id='word_1_216' title='bbox 1736 1597 1919 1650; x_wconf 82' lang='lat' dir='ltr'>integer,</span> <span class='ocrx_word' id='word_1_217' title='bbox 1947 1598 1989 1634; x_wconf 74' lang='grc' dir='ltr'>ὅ(</span> 
     </span>
     <span class='ocr_line' id='line_1_30' title="bbox 602 1656 1988 1718; baseline -0.001 -19"><span class='ocrx_word' id='word_1_218' title='bbox 602 1662 835 1703; x_wconf 87' lang='lat' dir='ltr'>»servitutis</span> <span class='ocrx_word' id='word_1_219' title='bbox 876 1659 1024 1702; x_wconf 86' lang='lat' dir='ltr'>oblitus</span> <span class='ocrx_word' id='word_1_220' title='bbox 1054 1660 1256 1718; x_wconf 85' lang='lat' dir='ltr'>populus,</span> <span class='ocrx_word' id='word_1_221' title='bbox 1289 1673 1358 1701; x_wconf 86' lang='lat' dir='ltr'>aut</span> <span class='ocrx_word' id='word_1_222' title='bbox 1388 1674 1439 1700; x_wconf 86' lang='lat' dir='ltr'>ex</span> <span class='ocrx_word' id='word_1_223' title='bbox 1471 1674 1583 1714; x_wconf 77' lang='lat' dir='ltr'>aequo</span> <span class='ocrx_word' id='word_1_224' title='bbox 1619 1660 1770 1715; x_wconf 85' lang='lat' dir='ltr'>agetis,</span> <span class='ocrx_word' id='word_1_225' title='bbox 1797 1671 1866 1700; x_wconf 88' lang='lat' dir='ltr'>aut</span> <span class='ocrx_word' id='word_1_226' title='bbox 1902 1656 1988 1699; x_wconf 86' lang='lat' dir='ltr'>aliis</span> 
     </span>
     <span class='ocr_line' id='line_1_31' title="bbox 603 1723 974 1781; baseline 0 -16"><span class='ocrx_word' id='word_1_227' title='bbox 603 1743 625 1763; x_wconf 84' lang='lat'>&gt;›</span> <span class='ocrx_word' id='word_1_228' title='bbox 636 1723 914 1781; x_wconf 86' lang='lat' dir='ltr'>imperitabitis</span> <span class='ocrx_word' id='word_1_229' title='bbox 931 1741 952 1761; x_wconf 81' lang='lat'>»</span> <span class='ocrx_word' id='word_1_230' title='bbox 964 1755 974 1765; x_wconf 89' lang='lat'><strong>.</strong></span> 
     </span>
    </p>

    <p class='ocr_par' dir='ltr' id='par_1_6' title="bbox 605 1783 1991 2035">
     <span class='ocr_line' id='line_1_32' title="bbox 666 1783 1988 1842; baseline -0.004 -13"><span class='ocrx_word' id='word_1_231' title='bbox 666 1789 811 1830; x_wconf 89' lang='lat' dir='ltr'>LXV.</span> <span class='ocrx_word' id='word_1_232' title='bbox 846 1788 1284 1837; x_wconf 73' lang='lat' dir='ltr'>AGRIPPINENSES,</span> <span class='ocrx_word' id='word_1_233' title='bbox 1322 1786 1482 1842; x_wconf 87' lang='lat' dir='ltr'>sumpto</span> <span class='ocrx_word' id='word_1_234' title='bbox 1533 1783 1788 1826; x_wconf 86' lang='lat' dir='ltr'>consultandi</span> <span class='ocrx_word' id='word_1_235' title='bbox 1833 1785 1988 1841; x_wconf 87' lang='lat' dir='ltr'>spatio,</span> 
     </span>
     <span class='ocr_line' id='line_1_33' title="bbox 605 1847 1989 1907; baseline -0.003 -16"><span class='ocrx_word' id='word_1_236' title='bbox 605 1852 765 1907; x_wconf 83' lang='lat' dir='ltr'>quando</span> <span class='ocrx_word' id='word_1_237' title='bbox 795 1866 923 1906; x_wconf 87' lang='lat' dir='ltr'>neque</span> <span class='ocrx_word' id='word_1_238' title='bbox 947 1849 1077 1891; x_wconf 86' lang='lat' dir='ltr'>subire</span> <span class='ocrx_word' id='word_1_239' title='bbox 1104 1851 1358 1891; x_wconf 86' lang='lat' dir='ltr'>conditiones</span> <span class='ocrx_word' id='word_1_240' title='bbox 1379 1863 1508 1890; x_wconf 89' lang='lat' dir='ltr'>metus</span> <span class='ocrx_word' id='word_1_241' title='bbox 1531 1849 1682 1899; x_wconf 81' lang='lat' dir='ltr'>futuri,</span> <span class='ocrx_word' id='word_1_242' title='bbox 1711 1864 1839 1903; x_wconf 88' lang='lat' dir='ltr'>neque</span> <span class='ocrx_word' id='word_1_243' title='bbox 1856 1847 1989 1905; x_wconf 88' lang='lat' dir='ltr'>palam</span> 
     </span>
     <span class='ocr_line' id='line_1_34' title="bbox 605 1912 1990 1971; baseline -0.003 -15"><span class='ocrx_word' id='word_1_244' title='bbox 605 1916 803 1971; x_wconf 77' lang='lat' dir='ltr'>aspernari</span> <span class='ocrx_word' id='word_1_245' title='bbox 843 1914 1024 1956; x_wconf 88' lang='lat' dir='ltr'>conditio</span> <span class='ocrx_word' id='word_1_246' title='bbox 1047 1914 1212 1970; x_wconf 83' lang='lat' dir='ltr'>praesens</span> <span class='ocrx_word' id='word_1_247' title='bbox 1240 1913 1410 1954; x_wconf 81' lang='lat' dir='ltr'>sinebat:</span> <span class='ocrx_word' id='word_1_248' title='bbox 1440 1915 1481 1953; x_wconf 91' lang='lat' dir='ltr'>in</span> <span class='ocrx_word' id='word_1_249' title='bbox 1507 1913 1617 1953; x_wconf 88' lang='lat' dir='ltr'>hunc</span> <span class='ocrx_word' id='word_1_250' title='bbox 1641 1913 1805 1953; x_wconf 88' lang='lat' dir='ltr'>modum</span> <span class='ocrx_word' id='word_1_251' title='bbox 1826 1912 1990 1968; x_wconf 87' lang='lat' dir='ltr'>respon-</span> 
     </span>
     <span class='ocr_line' id='line_1_35' title="bbox 607 1974 1991 2035; baseline -0.002 -16"><span class='ocrx_word' id='word_1_252' title='bbox 607 1979 702 2020; x_wconf 89' lang='lat' dir='ltr'>dent</span> <span class='ocrx_word' id='word_1_253' title='bbox 717 1996 724 2019; x_wconf 91' lang='lat'>:</span> <span class='ocrx_word' id='word_1_254' title='bbox 749 1996 770 2016; x_wconf 88' lang='lat'><strong><em>«</em></strong></span> <span class='ocrx_word' id='word_1_255' title='bbox 787 1980 888 2034; x_wconf 74' lang='lat' dir='ltr'>Qua:</span> <span class='ocrx_word' id='word_1_256' title='bbox 902 1979 1028 2035; x_wconf 84' lang='lat' dir='ltr'>prima</span> <span class='ocrx_word' id='word_1_257' title='bbox 1043 1976 1236 2019; x_wconf 85' lang='lat' dir='ltr'>libertatis</span> <span class='ocrx_word' id='word_1_258' title='bbox 1252 1977 1421 2019; x_wconf 85' lang='lat' dir='ltr'>facultas</span> <span class='ocrx_word' id='word_1_259' title='bbox 1441 1976 1531 2017; x_wconf 81' lang='lat' dir='ltr'>data</span> <span class='ocrx_word' id='word_1_260' title='bbox 1545 1977 1598 2016; x_wconf 88' lang='lat' dir='ltr'>est</span> <span class='ocrx_word' id='word_1_261' title='bbox 1615 1975 1656 2028; x_wconf 81' lang='lat'>⁶,</span> <span class='ocrx_word' id='word_1_262' title='bbox 1675 1976 1825 2017; x_wconf 76' lang='lat' dir='ltr'>avidius</span> <span class='ocrx_word' id='word_1_263' title='bbox 1841 2005 1854 2026; x_wconf 82' lang='lat'>,</span> <span class='ocrx_word' id='word_1_264' title='bbox 1871 1974 1991 2030; x_wconf 70' lang='lat' dir='ltr'>quam</span> 
     </span>
    </p>
   </div>
   <div class='ocr_carea' id='block_1_6' title="bbox 606 2092 1991 2448">
    <p class='ocr_par' dir='ltr' id='par_1_7' title="bbox 608 2092 1989 2172">
     <span class='ocr_line' id='line_1_36' title="bbox 647 2092 1989 2134; baseline -0.001 -11"><span class='ocrx_word' id='word_1_265' title='bbox 647 2100 656 2114; x_wconf 87' lang='lat'>¹</span> <span class='ocrx_word' id='word_1_266' title='bbox 681 2095 872 2131; x_wconf 69' lang='lat' dir='ltr'>Trucrtnr]</span> <span class='ocrx_word' id='word_1_267' title='bbox 894 2094 942 2124; x_wconf 87' lang='lat' dir='ltr'>De</span> <span class='ocrx_word' id='word_1_268' title='bbox 962 2093 1074 2134; x_wconf 87' lang='lat' dir='ltr'>quibus</span> <span class='ocrx_word' id='word_1_269' title='bbox 1094 2093 1181 2133; x_wconf 83' lang='lat' dir='ltr'>plura</span> <span class='ocrx_word' id='word_1_270' title='bbox 1197 2094 1279 2124; x_wconf 72' lang='lat' dir='ltr'>infra</span> <span class='ocrx_word' id='word_1_271' title='bbox 1355 2097 1371 2116; x_wconf 79' lang='lat'><strong>⁴</strong></span> <span class='ocrx_word' id='word_1_272' title='bbox 1391 2093 1450 2123; x_wconf 79' lang='lat' dir='ltr'>SUB</span> <span class='ocrx_word' id='word_1_273' title='bbox 1472 2103 1613 2123; x_wconf 68' lang='lat' dir='ltr'>cusi-ont</span> <span class='ocrx_word' id='word_1_274' title='bbox 1637 2102 1675 2122; x_wconf 73' lang='lat' dir='ltr'>m·</span> <span class='ocrx_word' id='word_1_275' title='bbox 1696 2094 1841 2129; x_wconf 63' lang='lat' dir='ltr'>Pam-10]</span> <span class='ocrx_word' id='word_1_276' title='bbox 1865 2092 1989 2130; x_wconf 83' lang='lat' dir='ltr'>Nempe</span> 
     </span>
     <span class='ocr_line' id='line_1_37' title="bbox 608 2130 1988 2172; baseline -0.004 -7"><span class='ocrx_word' id='word_1_277' title='bbox 608 2134 642 2165; x_wconf 88' lang='lat' dir='ltr'>in</span> <span class='ocrx_word' id='word_1_278' title='bbox 671 2134 753 2164; x_wconf 90' lang='lat' dir='ltr'>libro</span> <span class='ocrx_word' id='word_1_279' title='bbox 775 2135 813 2164; x_wconf 84' lang='lat' dir='ltr'>dc</span> <span class='ocrx_word' id='word_1_280' title='bbox 837 2133 953 2163; x_wconf 88' lang='lat' dir='ltr'>Morib.</span> <span class='ocrx_word' id='word_1_281' title='bbox 977 2135 1083 2164; x_wconf 84' lang='lat' dir='ltr'>Germ.</span> <span class='ocrx_word' id='word_1_282' title='bbox 1097 2144 1163 2172; x_wconf 77' lang='lat' dir='ltr'>cap.</span> <span class='ocrx_word' id='word_1_283' title='bbox 1194 2145 1238 2171; x_wconf 86' lang='lat'>32.</span> <span class='ocrx_word' id='word_1_284' title='bbox 1318 2131 1360 2162; x_wconf 80' lang='lat' dir='ltr'>ita</span> <span class='ocrx_word' id='word_1_285' title='bbox 1377 2132 1521 2162; x_wconf 80' lang='lat' dir='ltr'>custoditi</span> <span class='ocrx_word' id='word_1_286' title='bbox 1543 2131 1682 2162; x_wconf 81' lang='lat' dir='ltr'>transitus</span> <span class='ocrx_word' id='word_1_287' title='bbox 1697 2155 1705 2167; x_wconf 91' lang='lat'>‚</span> <span class='ocrx_word' id='word_1_288' title='bbox 1726 2140 1758 2161; x_wconf 88' lang='lat' dir='ltr'>ut</span> <span class='ocrx_word' id='word_1_289' title='bbox 1780 2130 1988 2161; x_wconf 77' lang='lat' dir='ltr'>Transrhena-</span> 
     </span>
    </p>

    <p class='ocr_par' dir='ltr' id='par_1_8' title="bbox 606 2169 1990 2291">
     <span class='ocr_line' id='line_1_38' title="bbox 645 2169 1990 2210; baseline -0.002 -7"><span class='ocrx_word' id='word_1_290' title='bbox 645 2177 657 2191; x_wconf 84' lang='lat'>²</span> <span class='ocrx_word' id='word_1_291' title='bbox 680 2175 713 2203; x_wconf 77' lang='lat' dir='ltr'>Iu</span> <span class='ocrx_word' id='word_1_292' title='bbox 735 2183 854 2203; x_wconf 66' lang='lat' dir='ltr'>conpos</span> <span class='ocrx_word' id='word_1_293' title='bbox 882 2184 1050 2208; x_wconf 60' lang='lat' dir='ltr'>murmur:</span> <span class='ocrx_word' id='word_1_294' title='bbox 1065 2175 1077 2210; x_wconf 94' lang='lat'>]</span> <span class='ocrx_word' id='word_1_295' title='bbox 1100 2176 1175 2210; x_wconf 81' lang='lat' dir='ltr'>Quae</span> <span class='ocrx_word' id='word_1_296' title='bbox 1191 2174 1278 2203; x_wconf 87' lang='lat' dir='ltr'>velu-</span> <span class='ocrx_word' id='word_1_297' title='bbox 1320 2171 1509 2202; x_wconf 82' lang='lat' dir='ltr'>niGermani</span> <span class='ocrx_word' id='word_1_298' title='bbox 1525 2171 1737 2202; x_wconf 79' lang='lat' dir='ltr'>Cisrhenanos</span> <span class='ocrx_word' id='word_1_299' title='bbox 1752 2171 1836 2201; x_wconf 78' lang='lat' dir='ltr'>adire</span> <span class='ocrx_word' id='word_1_300' title='bbox 1847 2169 1990 2209; x_wconf 79' lang='lat' dir='ltr'>nonpos-</span> 
     </span>
     <span class='ocr_line' id='line_1_39' title="bbox 606 2210 1990 2251; baseline -0.002 -8"><span class='ocrx_word' id='word_1_301' title='bbox 606 2212 631 2244; x_wconf 72' lang='grc' dir='ltr'>τὶ</span> <span class='ocrx_word' id='word_1_302' title='bbox 651 2213 844 2251; x_wconf 82' lang='lat' dir='ltr'>ejuraverant</span> <span class='ocrx_word' id='word_1_303' title='bbox 863 2214 904 2241; x_wconf 85' lang='lat' dir='ltr'>ob</span> <span class='ocrx_word' id='word_1_304' title='bbox 924 2213 1085 2242; x_wconf 81' lang='lat' dir='ltr'>coloniam</span> <span class='ocrx_word' id='word_1_305' title='bbox 1104 2214 1278 2244; x_wconf 76' lang='lat' dir='ltr'>Romanam</span> <span class='ocrx_word' id='word_1_306' title='bbox 1296 2230 1299 2243; x_wconf 69' lang='grc' dir='ltr'>ι</span> <span class='ocrx_word' id='word_1_307' title='bbox 1318 2212 1404 2248; x_wconf 84' lang='lat' dir='ltr'>sent,</span> <span class='ocrx_word' id='word_1_308' title='bbox 1435 2210 1490 2240; x_wconf 82' lang='lat' dir='ltr'>nisi</span> <span class='ocrx_word' id='word_1_309' title='bbox 1510 2211 1662 2245; x_wconf 77' lang='lat' dir='ltr'>inermes,</span> <span class='ocrx_word' id='word_1_310' title='bbox 1689 2212 1723 2241; x_wconf 72' lang='grc' dir='ltr'>ὃς</span> <span class='ocrx_word' id='word_1_311' title='bbox 1745 2210 1847 2241; x_wconf 87' lang='lat' dir='ltr'>soluto</span> <span class='ocrx_word' id='word_1_312' title='bbox 1868 2210 1990 2249; x_wconf 79' lang='lat' dir='ltr'>pretio,</span> 
     </span>
     <span class='ocr_line' id='line_1_40' title="bbox 607 2249 1908 2291; baseline -0.003 -8"><span class='ocrx_word' id='word_1_313' title='bbox 607 2261 791 2291; x_wconf 84' lang='lat' dir='ltr'>nomenque</span> <span class='ocrx_word' id='word_1_314' title='bbox 814 2251 998 2290; x_wconf 63' lang='lat' dir='ltr'>Agrippinae.</span> <span class='ocrx_word' id='word_1_315' title='bbox 1318 2251 1368 2282; x_wconf 86' lang='lat' dir='ltr'>seu</span> <span class='ocrx_word' id='word_1_316' title='bbox 1384 2250 1536 2289; x_wconf 62' lang='lat' dir='ltr'>vectigali.</span> <span class='ocrx_word' id='word_1_317' title='bbox 1553 2251 1632 2282; x_wconf 87' lang='lat' dir='ltr'>Vide</span> <span class='ocrx_word' id='word_1_318' title='bbox 1648 2249 1728 2280; x_wconf 70' lang='lat' dir='ltr'>infra</span> <span class='ocrx_word' id='word_1_319' title='bbox 1739 2273 1747 2285; x_wconf 83' lang='lat'>‚</span> <span class='ocrx_word' id='word_1_320' title='bbox 1767 2260 1832 2288; x_wconf 84' lang='lat' dir='ltr'>cap.</span> <span class='ocrx_word' id='word_1_321' title='bbox 1848 2249 1908 2288; x_wconf 88' lang='lat' dir='ltr'>seq.</span> 
     </span>
    </p>

    <p class='ocr_par' dir='ltr' id='par_1_9' title="bbox 606 2287 1991 2448">
     <span class='ocr_line' id='line_1_41' title="bbox 647 2287 1989 2329; baseline -0.003 -8"><span class='ocrx_word' id='word_1_322' title='bbox 647 2297 656 2318; x_wconf 86' lang='lat'><em>³</em></span> <span class='ocrx_word' id='word_1_323' title='bbox 681 2293 846 2321; x_wconf 63' lang='lat' dir='ltr'>Pafficmuo</span> <span class='ocrx_word' id='word_1_324' title='bbox 869 2302 1004 2321; x_wconf 77' lang='lat' dir='ltr'>DEORUM</span> <span class='ocrx_word' id='word_1_325' title='bbox 1027 2292 1040 2329; x_wconf 95' lang='lat'>]</span> <span class='ocrx_word' id='word_1_326' title='bbox 1064 2291 1203 2322; x_wconf 86' lang='lat' dir='ltr'>Deorum</span> <span class='ocrx_word' id='word_1_327' title='bbox 1217 2301 1278 2322; x_wconf 83' lang='lat' dir='ltr'>ma-</span> <span class='ocrx_word' id='word_1_328' title='bbox 1359 2296 1367 2318; x_wconf 86' lang='lat'><em>5</em></span> <span class='ocrx_word' id='word_1_329' title='bbox 1393 2293 1549 2320; x_wconf 79' lang='lat' dir='ltr'>ABRUPTls</span> <span class='ocrx_word' id='word_1_330' title='bbox 1571 2300 1806 2322; x_wconf 72' lang='grc' dir='ltr'>νοιυΡτΑτιΒυε</span> <span class='ocrx_word' id='word_1_331' title='bbox 1828 2291 1841 2326; x_wconf 91' lang='grc'>]</span> <span class='ocrx_word' id='word_1_332' title='bbox 1867 2287 1989 2325; x_wconf 86' lang='lat' dir='ltr'>Quibus</span> 
     </span>
     <span class='ocr_line' id='line_1_42' title="bbox 606 2328 1990 2367; baseline -0.004 -6"><span class='ocrx_word' id='word_1_333' title='bbox 606 2330 691 2361; x_wconf 70' lang='lat' dir='ltr'>xime</span> <span class='ocrx_word' id='word_1_334' title='bbox 714 2329 903 2360; x_wconf 87' lang='lat' dir='ltr'>Mercurium</span> <span class='ocrx_word' id='word_1_335' title='bbox 933 2331 1081 2360; x_wconf 80' lang='lat' dir='ltr'>colebant</span> <span class='ocrx_word' id='word_1_336' title='bbox 1106 2331 1275 2367; x_wconf 81' lang='lat' dir='ltr'>Germani,</span> <span class='ocrx_word' id='word_1_337' title='bbox 1317 2330 1398 2360; x_wconf 87' lang='lat' dir='ltr'>inter</span> <span class='ocrx_word' id='word_1_338' title='bbox 1411 2330 1638 2360; x_wconf 81' lang='lat' dir='ltr'>dominationis</span> <span class='ocrx_word' id='word_1_339' title='bbox 1651 2329 1851 2359; x_wconf 85' lang='lat' dir='ltr'>instrumenta</span> <span class='ocrx_word' id='word_1_340' title='bbox 1862 2328 1990 2358; x_wconf 77' lang='lat' dir='ltr'>uteban-</span> 
     </span>
     <span class='ocr_line' id='line_1_43' title="bbox 606 2365 1991 2407; baseline -0.002 -7"><span class='ocrx_word' id='word_1_341' title='bbox 606 2378 642 2400; x_wconf 86' lang='lat' dir='ltr'>ut</span> <span class='ocrx_word' id='word_1_342' title='bbox 657 2370 776 2400; x_wconf 83' lang='lat' dir='ltr'>dicetur</span> <span class='ocrx_word' id='word_1_343' title='bbox 796 2369 875 2399; x_wconf 76' lang='lat' dir='ltr'>infra</span> <span class='ocrx_word' id='word_1_344' title='bbox 895 2370 933 2400; x_wconf 88' lang='lat' dir='ltr'>de</span> <span class='ocrx_word' id='word_1_345' title='bbox 949 2370 1028 2400; x_wconf 89' lang='lat' dir='ltr'>Mor.</span> <span class='ocrx_word' id='word_1_346' title='bbox 1051 2371 1197 2401; x_wconf 75' lang='lat' dir='ltr'>German.</span> <span class='ocrx_word' id='word_1_347' title='bbox 1220 2372 1276 2400; x_wconf 85' lang='lat' dir='ltr'>IX.</span> <span class='ocrx_word' id='word_1_348' title='bbox 1317 2378 1365 2401; x_wconf 85' lang='lat' dir='ltr'>tur</span> <span class='ocrx_word' id='word_1_349' title='bbox 1394 2370 1550 2407; x_wconf 70' lang='lat' dir='ltr'>Rornani;</span> <span class='ocrx_word' id='word_1_350' title='bbox 1583 2376 1617 2399; x_wconf 85' lang='lat' dir='ltr'>ut</span> <span class='ocrx_word' id='word_1_351' title='bbox 1649 2368 1827 2398; x_wconf 84' lang='lat' dir='ltr'>videbimus</span> <span class='ocrx_word' id='word_1_352' title='bbox 1852 2366 1885 2397; x_wconf 89' lang='lat' dir='ltr'>in</span> <span class='ocrx_word' id='word_1_353' title='bbox 1917 2365 1991 2398; x_wconf 68' lang='lat' dir='ltr'>Viti</span> 
     </span>
     <span class='ocr_line' id='line_1_44' title="bbox 1316 2408 1529 2448; baseline -0.014 -8"><span class='ocrx_word' id='word_1_354' title='bbox 1316 2408 1421 2448; x_wconf 62' lang='lat' dir='ltr'>Agdo</span> <span class='ocrx_word' id='word_1_355' title='bbox 1446 2410 1529 2438; x_wconf 78' lang='lat' dir='ltr'>XXL</span> 
     </span>
    </p>
   </div>
   <div class='ocr_carea' id='block_1_7' title="bbox 1355 2445 1884 2486">
    <p class='ocr_par' dir='ltr' id='par_1_10' title="bbox 1355 2445 1884 2486">
     <span class='ocr_line' id='line_1_45' title="bbox 1355 2445 1884 2486; baseline -0.004 -8"><span class='ocrx_word' id='word_1_356' title='bbox 1355 2449 1368 2468; x_wconf 86' lang='lat'>⁶</span> <span class='ocrx_word' id='word_1_357' title='bbox 1390 2448 1481 2478; x_wconf 75' lang='lat' dir='ltr'>DATA</span> <span class='ocrx_word' id='word_1_358' title='bbox 1503 2449 1583 2486; x_wconf 74' lang='lat' dir='ltr'>nsr]</span> <span class='ocrx_word' id='word_1_359' title='bbox 1600 2448 1635 2477; x_wconf 90' lang='lat' dir='ltr'>In</span> <span class='ocrx_word' id='word_1_360' title='bbox 1653 2446 1713 2478; x_wconf 88' lang='lat' dir='ltr'>hoc</span> <span class='ocrx_word' id='word_1_361' title='bbox 1737 2445 1884 2477; x_wconf 85' lang='lat' dir='ltr'>tumultu.</span> 
     </span>
    </p>
   </div>
   <div class='ocr_carea' id='block_1_8' title="bbox 1295 2094 1300 2226">
    <p class='ocr_par' dir='ltr' id='par_1_11' title="bbox 1295 2094 1300 2226">
     <span class='ocr_line' id='line_1_46' title="bbox 1295 2094 1300 2226; baseline 0 821"><span class='ocrx_word' id='word_1_362' title='bbox 1295 2094 1300 2226; x_wconf 95' lang='lat' dir='ltr'> </span> 
     </span>
    </p>
   </div>
   <div class='ocr_carea' id='block_1_9' title="bbox 608 2409 1275 2487">
    <p class='ocr_par' dir='ltr' id='par_1_12' title="bbox 608 2409 1275 2487">
     <span class='ocr_line' id='line_1_47' title="bbox 610 2409 1275 2450; baseline 0 -11"><span class='ocrx_word' id='word_1_363' title='bbox 610 2412 652 2439; x_wconf 80' lang='lat' dir='ltr'>At</span> <span class='ocrx_word' id='word_1_364' title='bbox 683 2419 765 2440; x_wconf 90' lang='lat' dir='ltr'>nunc</span> <span class='ocrx_word' id='word_1_365' title='bbox 784 2431 793 2443; x_wconf 97' lang='lat'>,</span> <span class='ocrx_word' id='word_1_366' title='bbox 823 2409 1003 2448; x_wconf 81' lang='lat' dir='ltr'>vigentibus</span> <span class='ocrx_word' id='word_1_367' title='bbox 1032 2409 1146 2448; x_wconf 79' lang='lat' dir='ltr'>bellis,</span> <span class='ocrx_word' id='word_1_368' title='bbox 1168 2409 1275 2450; x_wconf 84' lang='lat' dir='ltr'>praeci—</span> 
     </span>
     <span class='ocr_line' id='line_1_48' title="bbox 608 2449 873 2487; baseline 0.008 -7"><span class='ocrx_word' id='word_1_369' title='bbox 608 2458 685 2487; x_wconf 81' lang='lat' dir='ltr'>puus</span> <span class='ocrx_word' id='word_1_370' title='bbox 705 2457 768 2481; x_wconf 81' lang='lat' dir='ltr'>erat</span> <span class='ocrx_word' id='word_1_371' title='bbox 783 2449 873 2482; x_wconf 81' lang='lat' dir='ltr'>Mars.</span> 
     </span>
    </p>
   </div>
   <div class='ocr_carea' id='block_1_10' title="bbox 1292 2248 1300 2476">
    <p class='ocr_par' dir='ltr' id='par_1_13' title="bbox 1292 2248 1300 2476">
     <span class='ocr_line' id='line_1_49' title="bbox 1292 2248 1300 2476; baseline 0 571"><span class='ocrx_word' id='word_1_372' title='bbox 1292 2248 1300 2476; x_wconf 95' lang='lat' dir='ltr'> </span> 
     </span>
    </p>
   </div>
   <div class='ocr_carea' id='block_1_11' title="bbox 2014 845 2061 872">
    <p class='ocr_par' dir='ltr' id='par_1_14' title="bbox 2014 845 2061 872">
     <span class='ocr_line' id='line_1_50' title="bbox 2014 845 2061 872; baseline 0 0"><span class='ocrx_word' id='word_1_373' title='bbox 2014 845 2061 872; x_wconf 85' lang='lat'>10</span> 
     </span>
    </p>
   </div>
   <div class='ocr_carea' id='block_1_12' title="bbox 2015 1475 2073 1504">
    <p class='ocr_par' dir='ltr' id='par_1_15' title="bbox 2015 1475 2073 1504">
     <span class='ocr_line' id='line_1_51' title="bbox 2015 1475 2073 1504; baseline 0.017 -1"><span class='ocrx_word' id='word_1_374' title='bbox 2015 1475 2073 1504; x_wconf 69' lang='lat'>2&lt;2</span> 
     </span>
    </p>
   </div>
   <div class='ocr_carea' id='block_1_13' title="bbox 2017 1792 2070 1831">
    <p class='ocr_par' dir='ltr' id='par_1_16' title="bbox 2017 1792 2070 1831">
     <span class='ocr_line' id='line_1_52' title="bbox 2017 1792 2070 1831; baseline 0 0"><span class='ocrx_word' id='word_1_375' title='bbox 2017 1792 2070 1831; x_wconf 86' lang='lat'>25</span> 
     </span>
    </p>
   </div>
   <div class='ocr_carea' id='block_1_14' title="bbox 2197 330 2209 1073">
    <p class='ocr_par' dir='ltr' id='par_1_17' title="bbox 2197 330 2209 1073">
     <span class='ocr_line' id='line_1_53' title="bbox 2197 330 2209 1073; baseline 0 0"><span class='ocrx_word' id='word_1_376' title='bbox 2197 330 2209 1073; x_wconf 95' lang='lat' dir='ltr'> </span> 
     </span>
    </p>
   </div>
  </div>
 </body>
</html>
