<?xml version="1.0" encoding="UTF-8"?>
<!DOCTYPE html PUBLIC "-//W3C//DTD XHTML 1.0 Transitional//EN"
    "http://www.w3.org/TR/xhtml1/DTD/xhtml1-transitional.dtd">
<html xmlns="http://www.w3.org/1999/xhtml" xml:lang="en" lang="en">
 <head>
  <title>
</title>
<meta http-equiv="Content-Type" content="text/html;charset=utf-8" />
  <meta name='ocr-system' content='tesseract 3.04.00' />
  <meta name='ocr-capabilities' content='ocr_page ocr_carea ocr_par ocr_line ocrx_word'/>
</head>
<body>
  <div class='ocr_page' id='page_1' title='image "./operabro03taciuoft_0362.png"; bbox 0 0 2209 3047; ppageno 0'>
   <div class='ocr_carea' id='block_1_1' title="bbox 494 289 608 296">
    <p class='ocr_par' dir='ltr' id='par_1_1' title="bbox 494 289 608 296">
     <span class='ocr_line' id='line_1_1' title="bbox 494 289 608 296; baseline 0 2751"><span class='ocrx_word' id='word_1_1' title='bbox 494 289 608 296; x_wconf 95' lang='lat' dir='ltr'> </span> 
     </span>
    </p>
   </div>
   <div class='ocr_carea' id='block_1_2' title="bbox 494 297 609 305">
    <p class='ocr_par' dir='ltr' id='par_1_2' title="bbox 494 297 609 305">
     <span class='ocr_line' id='line_1_2' title="bbox 494 297 609 305; baseline 0 2742"><span class='ocrx_word' id='word_1_2' title='bbox 494 297 609 305; x_wconf 95' lang='lat' dir='ltr'> </span> 
     </span>
    </p>
   </div>
   <div class='ocr_carea' id='block_1_3' title="bbox 495 305 607 312">
    <p class='ocr_par' dir='ltr' id='par_1_3' title="bbox 495 305 607 312">
     <span class='ocr_line' id='line_1_3' title="bbox 495 305 607 312; baseline 0 0"><span class='ocrx_word' id='word_1_3' title='bbox 495 305 607 312; x_wconf 95' lang='lat' dir='ltr'> </span> 
     </span>
    </p>
   </div>
   <div class='ocr_carea' id='block_1_4' title="bbox 493 322 606 445">
    <p class='ocr_par' dir='ltr' id='par_1_4' title="bbox 493 322 606 445">
     <span class='ocr_line' id='line_1_4' title="bbox 493 322 606 347; baseline -0.018 0"><span class='ocrx_word' id='word_1_4' title='bbox 493 323 523 347; x_wconf 78' lang='lat' dir='ltr'>A.</span> <span class='ocrx_word' id='word_1_5' title='bbox 538 324 566 345; x_wconf 86' lang='lat' dir='ltr'>U.</span> <span class='ocrx_word' id='word_1_6' title='bbox 577 322 606 345; x_wconf 80' lang='lat' dir='ltr'>C.</span> 
     </span>
     <span class='ocr_line' id='line_1_5' title="bbox 509 371 577 404; baseline 0 -6"><span class='ocrx_word' id='word_1_7' title='bbox 509 371 577 404; x_wconf 79' lang='lat'>823.</span> 
     </span>
     <span class='ocr_line' id='line_1_6' title="bbox 508 420 572 445; baseline 0.016 -1"><span class='ocrx_word' id='word_1_8' title='bbox 508 420 530 444; x_wconf 85' lang='lat' dir='ltr'>J.</span> <span class='ocrx_word' id='word_1_9' title='bbox 542 421 572 445; x_wconf 91' lang='lat' dir='ltr'>C.</span> 
     </span>
    </p>
   </div>
   <div class='ocr_carea' id='block_1_5' title="bbox 515 476 568 503">
    <p class='ocr_par' dir='ltr' id='par_1_5' title="bbox 515 476 568 503">
     <span class='ocr_line' id='line_1_7' title="bbox 515 476 568 503; baseline 0 -6"><span class='ocrx_word' id='word_1_10' title='bbox 515 476 568 503; x_wconf 83' lang='lat'>70·</span> 
     </span>
    </p>
   </div>
   <div class='ocr_carea' id='block_1_6' title="bbox 632 190 1580 244">
    <p class='ocr_par' dir='ltr' id='par_1_6' title="bbox 632 190 1580 244">
     <span class='ocr_line' id='line_1_8' title="bbox 632 190 1580 244; baseline -0.001 -12"><span class='ocrx_word' id='word_1_11' title='bbox 632 198 715 244; x_wconf 73' lang='lat'>348</span> <span class='ocrx_word' id='word_1_12' title='bbox 1071 190 1580 233; x_wconf 86' lang='lat' dir='ltr'><strong>APPENDIX</strong></span> 
     </span>
    </p>
   </div>
   <div class='ocr_carea' id='block_1_7' title="bbox 620 270 2008 1086">
    <p class='ocr_par' dir='ltr' id='par_1_7' title="bbox 624 270 2008 440">
     <span class='ocr_line' id='line_1_9' title="bbox 627 270 2006 330; baseline 0.003 -16"><span class='ocrx_word' id='word_1_13' title='bbox 627 286 779 330; x_wconf 89' lang='lat' dir='ltr'>partem</span> <span class='ocrx_word' id='word_1_14' title='bbox 806 270 953 313; x_wconf 88' lang='lat' dir='ltr'>laboris</span> <span class='ocrx_word' id='word_1_15' title='bbox 978 272 1018 313; x_wconf 93' lang='lat' dir='ltr'>se</span> <span class='ocrx_word' id='word_1_16' title='bbox 1043 274 1227 324; x_wconf 79' lang='lat' dir='ltr'>immisit,</span> <span class='ocrx_word' id='word_1_17' title='bbox 1256 270 1442 314; x_wconf 86' lang='lat' dir='ltr'>omnibus</span> <span class='ocrx_word' id='word_1_18' title='bbox 1457 301 1471 322; x_wconf 87' lang='lat'><em>‚</em></span> <span class='ocrx_word' id='word_1_19' title='bbox 1492 285 1537 312; x_wconf 89' lang='lat' dir='ltr'>ut</span> <span class='ocrx_word' id='word_1_20' title='bbox 1557 271 1721 326; x_wconf 86' lang='lat' dir='ltr'>quisque</span> <span class='ocrx_word' id='word_1_21' title='bbox 1748 273 1942 328; x_wconf 80' lang='lat' dir='ltr'>dignitate</span> <span class='ocrx_word' id='word_1_22' title='bbox 1965 281 2006 318; x_wconf 66' lang='grc' dir='ltr'>ὃς</span> 
     </span>
     <span class='ocr_line' id='line_1_10' title="bbox 624 333 2008 393; baseline 0.003 -17"><span class='ocrx_word' id='word_1_23' title='bbox 624 334 784 377; x_wconf 57' lang='lat' dir='ltr'>fortuna</span> <span class='ocrx_word' id='word_1_24' title='bbox 810 336 1029 392; x_wconf 85' lang='lat' dir='ltr'>praecipuus</span> <span class='ocrx_word' id='word_1_25' title='bbox 1052 365 1065 388; x_wconf 89' lang='lat'>‚</span> <span class='ocrx_word' id='word_1_26' title='bbox 1102 338 1297 393; x_wconf 87' lang='lat' dir='ltr'>Principis</span> <span class='ocrx_word' id='word_1_27' title='bbox 1328 333 1560 390; x_wconf 88' lang='lat' dir='ltr'>exemplum</span> <span class='ocrx_word' id='word_1_28' title='bbox 1599 337 1781 377; x_wconf 77' lang='lat' dir='ltr'>certatim</span> <span class='ocrx_word' id='word_1_29' title='bbox 1821 338 2008 381; x_wconf 83' lang='lat' dir='ltr'>aemulan-</span> 
     </span>
     <span class='ocr_line' id='line_1_11' title="bbox 624 399 742 440; baseline 0 0"><span class='ocrx_word' id='word_1_30' title='bbox 624 399 742 440; x_wconf 90' lang='lat' dir='ltr'>tibus.</span> 
     </span>
    </p>

    <p class='ocr_par' dir='ltr' id='par_1_8' title="bbox 620 461 2007 1086">
     <span class='ocr_line' id='line_1_12' title="bbox 687 461 2007 519; baseline 0.001 -16"><span class='ocrx_word' id='word_1_31' title='bbox 687 463 860 504; x_wconf 87' lang='lat' dir='ltr'><strong>XLVI.</strong></span> <span class='ocrx_word' id='word_1_32' title='bbox 895 461 1069 502; x_wconf 81' lang='lat' dir='ltr'>EADEM</span> <span class='ocrx_word' id='word_1_33' title='bbox 1096 463 1138 502; x_wconf 91' lang='lat' dir='ltr'>in</span> <span class='ocrx_word' id='word_1_34' title='bbox 1164 463 1346 519; x_wconf 83' lang='lat' dir='ltr'>AEgypto</span> <span class='ocrx_word' id='word_1_35' title='bbox 1376 462 1560 503; x_wconf 79' lang='lat' dir='ltr'>adversus</span> <span class='ocrx_word' id='word_1_36' title='bbox 1583 462 1723 502; x_wconf 87' lang='lat' dir='ltr'>Titum</span> <span class='ocrx_word' id='word_1_37' title='bbox 1752 463 1886 504; x_wconf 79' lang='lat' dir='ltr'>studia.</span> <span class='ocrx_word' id='word_1_38' title='bbox 1910 463 2007 504; x_wconf 89' lang='lat' dir='ltr'>Lus-</span> 
     </span>
     <span class='ocr_line' id='line_1_13' title="bbox 622 524 2006 581; baseline 0.001 -15"><span class='ocrx_word' id='word_1_39' title='bbox 622 538 729 566; x_wconf 90' lang='lat' dir='ltr'>trato</span> <span class='ocrx_word' id='word_1_40' title='bbox 754 527 923 566; x_wconf 84' lang='lat' dir='ltr'><strong>Oriente</strong></span> <span class='ocrx_word' id='word_1_41' title='bbox 948 527 1131 580; x_wconf 82' lang='lat' dir='ltr'>Zeugma</span> <span class='ocrx_word' id='word_1_42' title='bbox 1150 526 1272 580; x_wconf 83' lang='lat' dir='ltr'>usque</span> <span class='ocrx_word' id='word_1_43' title='bbox 1300 531 1310 548; x_wconf 87' lang='lat'><em>¹</em></span> <span class='ocrx_word' id='word_1_44' title='bbox 1325 555 1339 576; x_wconf 93' lang='lat'>,</span> <span class='ocrx_word' id='word_1_45' title='bbox 1365 524 1609 581; x_wconf 67' lang='lat' dir='ltr'>acceptaque</span> <span class='ocrx_word' id='word_1_46' title='bbox 1630 541 1651 566; x_wconf 91' lang='lat' dir='ltr'>a</span> <span class='ocrx_word' id='word_1_47' title='bbox 1671 524 1880 580; x_wconf 84' lang='lat' dir='ltr'>Vologeso</span> <span class='ocrx_word' id='word_1_48' title='bbox 1902 531 1916 548; x_wconf 86' lang='lat'>²</span> <span class='ocrx_word' id='word_1_49' title='bbox 1940 542 2006 568; x_wconf 90' lang='lat' dir='ltr'>co-</span> 
     </span>
     <span class='ocr_line' id='line_1_14' title="bbox 623 587 2005 642; baseline 0.002 -14"><span class='ocrx_word' id='word_1_50' title='bbox 623 588 720 629; x_wconf 59' lang='lat' dir='ltr'>rona</span> <span class='ocrx_word' id='word_1_51' title='bbox 736 589 871 639; x_wconf 67' lang='lat' dir='ltr'>aurea,</span> <span class='ocrx_word' id='word_1_52' title='bbox 886 588 1171 642; x_wconf 87' lang='lat' dir='ltr'>Hierosolyma</span> <span class='ocrx_word' id='word_1_53' title='bbox 1193 589 1382 630; x_wconf 83' lang='lat' dir='ltr'>reviserat</span> <span class='ocrx_word' id='word_1_54' title='bbox 1397 604 1408 636; x_wconf 84' lang='lat'>3</span> <span class='ocrx_word' id='word_1_55' title='bbox 1423 589 1516 629; x_wconf 91' lang='lat' dir='ltr'>dein</span> <span class='ocrx_word' id='word_1_56' title='bbox 1534 618 1546 638; x_wconf 91' lang='lat'>,</span> <span class='ocrx_word' id='word_1_57' title='bbox 1566 587 1675 628; x_wconf 87' lang='lat' dir='ltr'>urbis</span> <span class='ocrx_word' id='word_1_58' title='bbox 1698 591 1831 630; x_wconf 86' lang='lat' dir='ltr'>ruinas</span> <span class='ocrx_word' id='word_1_59' title='bbox 1846 590 2005 631; x_wconf 86' lang='lat' dir='ltr'>misera-</span> 
     </span>
     <span class='ocr_line' id='line_1_15' title="bbox 622 651 2006 709; baseline 0.001 -16"><span class='ocrx_word' id='word_1_60' title='bbox 622 665 686 693; x_wconf 87' lang='lat' dir='ltr'>tus</span> <span class='ocrx_word' id='word_1_61' title='bbox 711 657 721 680; x_wconf 82' lang='lat'><em>³</em></span> <span class='ocrx_word' id='word_1_62' title='bbox 740 682 754 703; x_wconf 92' lang='lat'>,</span> <span class='ocrx_word' id='word_1_63' title='bbox 779 653 1009 708; x_wconf 85' lang='lat' dir='ltr'>Memphim</span> <span class='ocrx_word' id='word_1_64' title='bbox 1028 653 1138 692; x_wconf 89' lang='lat' dir='ltr'>venit</span> <span class='ocrx_word' id='word_1_65' title='bbox 1157 657 1186 689; x_wconf 79' lang='lat'>4.</span> <span class='ocrx_word' id='word_1_66' title='bbox 1208 653 1319 693; x_wconf 88' lang='lat' dir='ltr'>Gens</span> <span class='ocrx_word' id='word_1_67' title='bbox 1335 681 1348 702; x_wconf 94' lang='lat'>,</span> <span class='ocrx_word' id='word_1_68' title='bbox 1374 651 1636 707; x_wconf 82' lang='lat' dir='ltr'>religionibus</span> <span class='ocrx_word' id='word_1_69' title='bbox 1656 652 1790 693; x_wconf 89' lang='lat' dir='ltr'>dedita</span> <span class='ocrx_word' id='word_1_70' title='bbox 1804 682 1817 703; x_wconf 89' lang='lat'>,</span> <span class='ocrx_word' id='word_1_71' title='bbox 1843 667 1915 709; x_wconf 90' lang='lat' dir='ltr'>per</span> <span class='ocrx_word' id='word_1_72' title='bbox 1936 654 2006 695; x_wconf 90' lang='lat' dir='ltr'>has</span> 
     </span>
     <span class='ocr_line' id='line_1_16' title="bbox 622 713 2006 771; baseline 0.003 -17"><span class='ocrx_word' id='word_1_73' title='bbox 622 716 837 770; x_wconf 83' lang='lat' dir='ltr'>gratificari</span> <span class='ocrx_word' id='word_1_74' title='bbox 861 713 1111 769; x_wconf 85' lang='lat' dir='ltr'>Principibus</span> <span class='ocrx_word' id='word_1_75' title='bbox 1136 713 1250 756; x_wconf 88' lang='lat' dir='ltr'>solet.</span> <span class='ocrx_word' id='word_1_76' title='bbox 1275 715 1403 770; x_wconf 86' lang='lat' dir='ltr'>Igitur</span> <span class='ocrx_word' id='word_1_77' title='bbox 1427 728 1471 755; x_wconf 89' lang='lat' dir='ltr'>ut</span> <span class='ocrx_word' id='word_1_78' title='bbox 1497 715 1778 771; x_wconf 79' lang='lat' dir='ltr'>Vespasianum</span> <span class='ocrx_word' id='word_1_79' title='bbox 1804 715 2006 758; x_wconf 84' lang='lat' dir='ltr'>miraculis</span> 
     </span>
     <span class='ocr_line' id='line_1_17' title="bbox 621 777 2005 834; baseline 0.001 -15"><span class='ocrx_word' id='word_1_80' title='bbox 621 793 784 819; x_wconf 85' lang='lat' dir='ltr'>auxerat</span> <span class='ocrx_word' id='word_1_81' title='bbox 800 783 811 809; x_wconf 80' lang='lat'>5</span> <span class='ocrx_word' id='word_1_82' title='bbox 828 777 1093 827; x_wconf 82' lang='lat' dir='ltr'>Alexandria,</span> <span class='ocrx_word' id='word_1_83' title='bbox 1121 778 1172 818; x_wconf 80' lang='lat' dir='ltr'>fic</span> <span class='ocrx_word' id='word_1_84' title='bbox 1193 779 1399 834; x_wconf 86' lang='lat' dir='ltr'>Memphis</span> <span class='ocrx_word' id='word_1_85' title='bbox 1413 779 1553 819; x_wconf 86' lang='lat' dir='ltr'>Titum</span> <span class='ocrx_word' id='word_1_86' title='bbox 1574 779 1714 834; x_wconf 81' lang='lat' dir='ltr'>Apidis</span> <span class='ocrx_word' id='word_1_87' title='bbox 1736 779 2005 820; x_wconf 87' lang='lat' dir='ltr'>consecratio-</span> 
     </span>
     <span class='ocr_line' id='line_1_18' title="bbox 622 841 2003 897; baseline 0.001 -16"><span class='ocrx_word' id='word_1_88' title='bbox 622 856 673 882; x_wconf 89' lang='lat' dir='ltr'>ne</span> <span class='ocrx_word' id='word_1_89' title='bbox 700 845 711 891; x_wconf 91' lang='lat'><strong>(</strong></span> <span class='ocrx_word' id='word_1_90' title='bbox 737 841 844 894; x_wconf 89' lang='lat' dir='ltr'>quod</span> <span class='ocrx_word' id='word_1_91' title='bbox 883 841 1080 880; x_wconf 87' lang='lat' dir='ltr'>summum</span> <span class='ocrx_word' id='word_1_92' title='bbox 1105 842 1159 881; x_wconf 90' lang='lat' dir='ltr'>est</span> <span class='ocrx_word' id='word_1_93' title='bbox 1192 842 1294 897; x_wconf 89' lang='lat' dir='ltr'>apud</span> <span class='ocrx_word' id='word_1_94' title='bbox 1321 856 1389 882; x_wconf 88' lang='lat' dir='ltr'>eos</span> <span class='ocrx_word' id='word_1_95' title='bbox 1415 842 1569 882; x_wconf 86' lang='lat' dir='ltr'>sacrum</span> <span class='ocrx_word' id='word_1_96' title='bbox 1603 844 1614 891; x_wconf 90' lang='lat'><em>)</em></span> <span class='ocrx_word' id='word_1_97' title='bbox 1648 843 1828 881; x_wconf 69' lang='lat' dir='ltr'>eveCmm</span> <span class='ocrx_word' id='word_1_98' title='bbox 1859 842 2003 883; x_wconf 86' lang='lat' dir='ltr'>voluit.</span> 
     </span>
     <span class='ocr_line' id='line_1_19' title="bbox 620 903 2005 961; baseline 0.001 -17"><span class='ocrx_word' id='word_1_99' title='bbox 620 903 786 957; x_wconf 85' lang='lat' dir='ltr'>Itaque,</span> <span class='ocrx_word' id='word_1_100' title='bbox 811 903 942 959; x_wconf 88' lang='lat' dir='ltr'>prisco</span> <span class='ocrx_word' id='word_1_101' title='bbox 963 903 1012 944; x_wconf 93' lang='lat' dir='ltr'>de</span> <span class='ocrx_word' id='word_1_102' title='bbox 1035 919 1171 953; x_wconf 88' lang='lat' dir='ltr'>more,</span> <span class='ocrx_word' id='word_1_103' title='bbox 1197 906 1322 960; x_wconf 86' lang='lat' dir='ltr'>Apis,</span> <span class='ocrx_word' id='word_1_104' title='bbox 1346 907 1435 945; x_wconf 76' lang='lat' dir='ltr'>cum</span> <span class='ocrx_word' id='word_1_105' title='bbox 1463 905 1686 960; x_wconf 79' lang='lat' dir='ltr'>praescripta</span> <span class='ocrx_word' id='word_1_106' title='bbox 1708 904 1865 959; x_wconf 85' lang='lat' dir='ltr'>legibus</span> <span class='ocrx_word' id='word_1_107' title='bbox 1881 906 2005 961; x_wconf 86' lang='lat' dir='ltr'>spatia</span> 
     </span>
     <span class='ocr_line' id='line_1_20' title="bbox 621 965 2001 1021; baseline 0.001 -14"><span class='ocrx_word' id='word_1_108' title='bbox 621 968 710 1007; x_wconf 77' lang='lat' dir='ltr'>vitae</span> <span class='ocrx_word' id='word_1_109' title='bbox 750 965 989 1021; x_wconf 81' lang='lat' dir='ltr'>implevisset</span> <span class='ocrx_word' id='word_1_110' title='bbox 1016 996 1029 1016; x_wconf 89' lang='lat'>,</span> <span class='ocrx_word' id='word_1_111' title='bbox 1058 967 1170 1007; x_wconf 91' lang='lat' dir='ltr'>sacro</span> <span class='ocrx_word' id='word_1_112' title='bbox 1196 967 1309 1008; x_wconf 89' lang='lat' dir='ltr'>fonte</span> <span class='ocrx_word' id='word_1_113' title='bbox 1345 967 1544 1008; x_wconf 88' lang='lat' dir='ltr'>demersus</span> <span class='ocrx_word' id='word_1_114' title='bbox 1582 968 1635 1007; x_wconf 90' lang='lat' dir='ltr'>est</span> <span class='ocrx_word' id='word_1_115' title='bbox 1663 966 1692 1007; x_wconf 78' lang='lat'>⁶.</span> <span class='ocrx_word' id='word_1_116' title='bbox 1732 966 1849 1007; x_wconf 86' lang='lat' dir='ltr'>Alter</span> <span class='ocrx_word' id='word_1_117' title='bbox 1872 997 1885 1018; x_wconf 87' lang='lat'>,</span> <span class='ocrx_word' id='word_1_118' title='bbox 1934 969 2001 1009; x_wconf 92' lang='lat' dir='ltr'>cui</span> 
     </span>
     <span class='ocr_line' id='line_1_21' title="bbox 622 1028 2002 1086; baseline 0.001 -16"><span class='ocrx_word' id='word_1_119' title='bbox 622 1030 756 1070; x_wconf 81' lang='lat' dir='ltr'>diviua</span> <span class='ocrx_word' id='word_1_120' title='bbox 790 1031 946 1070; x_wconf 87' lang='lat' dir='ltr'>inerant</span> <span class='ocrx_word' id='word_1_121' title='bbox 977 1028 1224 1071; x_wconf 85' lang='lat' dir='ltr'>macularum</span> <span class='ocrx_word' id='word_1_122' title='bbox 1263 1030 1430 1085; x_wconf 74' lang='lat' dir='ltr'>insignia</span> <span class='ocrx_word' id='word_1_123' title='bbox 1465 1035 1479 1057; x_wconf 93' lang='lat'><strong><em>⁷</em></strong></span> <span class='ocrx_word' id='word_1_124' title='bbox 1501 1060 1516 1082; x_wconf 88' lang='lat'>,</span> <span class='ocrx_word' id='word_1_125' title='bbox 1555 1028 1721 1086; x_wconf 86' lang='lat' dir='ltr'>publico</span> <span class='ocrx_word' id='word_1_126' title='bbox 1764 1045 1858 1072; x_wconf 88' lang='lat' dir='ltr'>cum</span> <span class='ocrx_word' id='word_1_127' title='bbox 1894 1029 2002 1072; x_wconf 73' lang='lat' dir='ltr'>luCtu</span> 
     </span>
    </p>
   </div>
   <div class='ocr_carea' id='block_1_8' title="bbox 616 1151 2001 1310">
    <p class='ocr_par' dir='ltr' id='par_1_9' title="bbox 616 1151 2001 1310">
     <span class='ocr_line' id='line_1_22' title="bbox 661 1151 2000 1194; baseline 0 -11"><span class='ocrx_word' id='word_1_128' title='bbox 661 1158 669 1172; x_wconf 89' lang='lat'><em>¹</em></span> <span class='ocrx_word' id='word_1_129' title='bbox 695 1154 832 1183; x_wconf 63' lang='lat' dir='ltr'>Zrucmn</span> <span class='ocrx_word' id='word_1_130' title='bbox 852 1163 950 1188; x_wconf 69' lang='lat' dir='ltr'>stun</span> <span class='ocrx_word' id='word_1_131' title='bbox 965 1153 979 1190; x_wconf 95' lang='lat'><em>]</em></span> <span class='ocrx_word' id='word_1_132' title='bbox 992 1152 1113 1192; x_wconf 86' lang='lat' dir='ltr'>Joseph.</span> <span class='ocrx_word' id='word_1_133' title='bbox 1126 1153 1203 1184; x_wconf 91' lang='lat' dir='ltr'>Bell.</span> <span class='ocrx_word' id='word_1_134' title='bbox 1220 1153 1290 1183; x_wconf 88' lang='lat' dir='ltr'>Jud.</span> <span class='ocrx_word' id='word_1_135' title='bbox 1308 1159 1314 1194; x_wconf 75' lang='lat'>1</span> <span class='ocrx_word' id='word_1_136' title='bbox 1330 1152 1378 1182; x_wconf 85' lang='lat' dir='ltr'>nis</span> <span class='ocrx_word' id='word_1_137' title='bbox 1399 1151 1479 1183; x_wconf 84' lang='lat' dir='ltr'>sacra</span> <span class='ocrx_word' id='word_1_138' title='bbox 1498 1155 1639 1183; x_wconf 73' lang='lat' dir='ltr'>accurate</span> <span class='ocrx_word' id='word_1_139' title='bbox 1658 1152 1834 1191; x_wconf 85' lang='lat' dir='ltr'>prosecutus</span> <span class='ocrx_word' id='word_1_140' title='bbox 1860 1153 1901 1184; x_wconf 90' lang='lat' dir='ltr'>est</span> <span class='ocrx_word' id='word_1_141' title='bbox 1925 1155 2000 1183; x_wconf 89' lang='lat' dir='ltr'>Am-</span> 
     </span>
     <span class='ocr_line' id='line_1_23' title="bbox 619 1191 2001 1232; baseline -0.001 -10"><span class='ocrx_word' id='word_1_142' title='bbox 619 1194 695 1227; x_wconf 80' lang='lat' dir='ltr'>VH,</span> <span class='ocrx_word' id='word_1_143' title='bbox 716 1203 742 1231; x_wconf 93' lang='lat'>5.</span> <span class='ocrx_word' id='word_1_144' title='bbox 758 1202 841 1221; x_wconf 88' lang='lat' dir='ltr'>num.</span> <span class='ocrx_word' id='word_1_145' title='bbox 857 1203 886 1229; x_wconf 89' lang='lat'>4.</span> <span class='ocrx_word' id='word_1_146' title='bbox 899 1192 1023 1231; x_wconf 77' lang='lat' dir='ltr'>Zeugma</span> <span class='ocrx_word' id='word_1_147' title='bbox 1038 1215 1044 1222; x_wconf 96' lang='lat'><strong><em>.</em></strong></span> <span class='ocrx_word' id='word_1_148' title='bbox 1059 1215 1086 1222; x_wconf 89' lang='lat'>..</span> <span class='ocrx_word' id='word_1_149' title='bbox 1105 1192 1219 1231; x_wconf 81' lang='lat' dir='ltr'>transitu</span> <span class='ocrx_word' id='word_1_150' title='bbox 1232 1192 1290 1221; x_wconf 77' lang='lat' dir='ltr'>Eu·</span> <span class='ocrx_word' id='word_1_151' title='bbox 1330 1191 1449 1222; x_wconf 89' lang='lat' dir='ltr'>mianus</span> <span class='ocrx_word' id='word_1_152' title='bbox 1484 1192 1704 1229; x_wconf 85' lang='lat' dir='ltr'>Marcellinus,</span> <span class='ocrx_word' id='word_1_153' title='bbox 1731 1194 1838 1229; x_wconf 90' lang='lat' dir='ltr'>XXII,</span> <span class='ocrx_word' id='word_1_154' title='bbox 1872 1203 1919 1230; x_wconf 89' lang='lat'>13.</span> <span class='ocrx_word' id='word_1_155' title='bbox 1953 1193 2001 1232; x_wconf 80' lang='lat' dir='ltr'>Est</span> 
     </span>
     <span class='ocr_line' id='line_1_24' title="bbox 616 1230 2000 1271; baseline 0.001 -12"><span class='ocrx_word' id='word_1_156' title='bbox 616 1231 726 1267; x_wconf 67' lang='lat' dir='ltr'>phrasis</span> <span class='ocrx_word' id='word_1_157' title='bbox 747 1230 844 1260; x_wconf 62' lang='lat' dir='ltr'>nobile.</span> <span class='ocrx_word' id='word_1_158' title='bbox 859 1231 935 1261; x_wconf 89' lang='lat' dir='ltr'>Plin.</span> <span class='ocrx_word' id='word_1_159' title='bbox 952 1234 977 1262; x_wconf 90' lang='lat' dir='ltr'>V</span> <span class='ocrx_word' id='word_1_160' title='bbox 988 1255 996 1268; x_wconf 90' lang='lat'><strong>‚</strong></span> <span class='ocrx_word' id='word_1_161' title='bbox 1016 1243 1065 1269; x_wconf 89' lang='lat'>24.</span> <span class='ocrx_word' id='word_1_162' title='bbox 1086 1232 1133 1261; x_wconf 90' lang='lat' dir='ltr'>lbi</span> <span class='ocrx_word' id='word_1_163' title='bbox 1164 1232 1291 1262; x_wconf 87' lang='lat' dir='ltr'>castrum</span> <span class='ocrx_word' id='word_1_164' title='bbox 1329 1232 1401 1260; x_wconf 80' lang='lat' dir='ltr'>enim</span> <span class='ocrx_word' id='word_1_165' title='bbox 1416 1231 1487 1268; x_wconf 75' lang='lat' dir='ltr'>Apis</span> <span class='ocrx_word' id='word_1_166' title='bbox 1499 1255 1508 1269; x_wconf 89' lang='lat'>‚</span> <span class='ocrx_word' id='word_1_167' title='bbox 1523 1231 1569 1260; x_wconf 79' lang='lat' dir='ltr'>bos</span> <span class='ocrx_word' id='word_1_168' title='bbox 1580 1230 1861 1271; x_wconf 77' lang='lat' dir='ltr'>diversisgenitalium</span> <span class='ocrx_word' id='word_1_169' title='bbox 1874 1241 2000 1261; x_wconf 81' lang='lat' dir='ltr'>notarum</span> 
     </span>
     <span class='ocr_line' id='line_1_25' title="bbox 618 1270 1998 1310; baseline 0.001 -10"><span class='ocrx_word' id='word_1_170' title='bbox 618 1270 678 1301; x_wconf 85' lang='lat' dir='ltr'>fuit</span> <span class='ocrx_word' id='word_1_171' title='bbox 700 1272 914 1301; x_wconf 87' lang='lat' dir='ltr'>Romanorum</span> <span class='ocrx_word' id='word_1_172' title='bbox 927 1294 935 1308; x_wconf 94' lang='lat'>,</span> <span class='ocrx_word' id='word_1_173' title='bbox 956 1271 1043 1310; x_wconf 89' lang='lat' dir='ltr'>quod</span> <span class='ocrx_word' id='word_1_174' title='bbox 1060 1270 1159 1302; x_wconf 87' lang='lat' dir='ltr'>adhuc</span> <span class='ocrx_word' id='word_1_175' title='bbox 1175 1272 1291 1302; x_wconf 85' lang='lat' dir='ltr'>dicitur</span> <span class='ocrx_word' id='word_1_176' title='bbox 1319 1270 1427 1310; x_wconf 79' lang='lat' dir='ltr'>figuris</span> <span class='ocrx_word' id='word_1_177' title='bbox 1445 1271 1598 1310; x_wconf 70' lang='lat' dir='ltr'>expreffics,</span> <span class='ocrx_word' id='word_1_178' title='bbox 1617 1271 1785 1309; x_wconf 72' lang='lat' dir='ltr'>maximeque</span> <span class='ocrx_word' id='word_1_179' title='bbox 1803 1271 1921 1300; x_wconf 87' lang='lat' dir='ltr'>omnium</span> <span class='ocrx_word' id='word_1_180' title='bbox 1936 1281 1998 1301; x_wconf 86' lang='lat' dir='ltr'>cor-</span> 
     </span>
    </p>
   </div>
   <div class='ocr_carea' id='block_1_9' title="bbox 614 1309 1290 1781">
    <p class='ocr_par' dir='ltr' id='par_1_10' title="bbox 618 1309 808 1340">
     <span class='ocr_line' id='line_1_26' title="bbox 618 1309 808 1340; baseline 0.005 -2"><span class='ocrx_word' id='word_1_181' title='bbox 618 1309 808 1340; x_wconf 70' lang='lat' dir='ltr'>Roma-Cala.</span> 
     </span>
    </p>

    <p class='ocr_par' dir='ltr' id='par_1_11' title="bbox 614 1349 1290 1781">
     <span class='ocr_line' id='line_1_27' title="bbox 659 1349 1290 1386; baseline 0.002 -8"><span class='ocrx_word' id='word_1_182' title='bbox 659 1353 670 1366; x_wconf 83' lang='lat'><em>²</em></span> <span class='ocrx_word' id='word_1_183' title='bbox 694 1351 719 1378; x_wconf 89' lang='lat' dir='ltr'>A</span> <span class='ocrx_word' id='word_1_184' title='bbox 743 1352 910 1380; x_wconf 72' lang='lat' dir='ltr'>Vorocrso</span> <span class='ocrx_word' id='word_1_185' title='bbox 927 1350 939 1386; x_wconf 98' lang='lat'>]</span> <span class='ocrx_word' id='word_1_186' title='bbox 956 1349 1041 1380; x_wconf 92' lang='lat' dir='ltr'>Volo</span> <span class='ocrx_word' id='word_1_187' title='bbox 1066 1349 1129 1380; x_wconf 82' lang='lat' dir='ltr'>esus</span> <span class='ocrx_word' id='word_1_188' title='bbox 1142 1374 1149 1386; x_wconf 86' lang='lat'>,</span> <span class='ocrx_word' id='word_1_189' title='bbox 1164 1349 1290 1380; x_wconf 85' lang='lat' dir='ltr'>Partho-</span> 
     </span>
     <span class='ocr_line' id='line_1_28' title="bbox 617 1388 1289 1428; baseline 0 -10"><span class='ocrx_word' id='word_1_190' title='bbox 617 1398 686 1418; x_wconf 83' lang='lat' dir='ltr'>rum</span> <span class='ocrx_word' id='word_1_191' title='bbox 704 1398 775 1424; x_wconf 88' lang='lat' dir='ltr'>rex,</span> <span class='ocrx_word' id='word_1_192' title='bbox 801 1389 839 1418; x_wconf 88' lang='lat' dir='ltr'>ad</span> <span class='ocrx_word' id='word_1_193' title='bbox 861 1388 969 1418; x_wconf 88' lang='lat' dir='ltr'>Titum</span> <span class='ocrx_word' id='word_1_194' title='bbox 991 1389 1033 1418; x_wconf 89' lang='lat' dir='ltr'>mi</span> <span class='ocrx_word' id='word_1_195' title='bbox 1048 1398 1071 1419; x_wconf 91' lang='lat' dir='ltr'>1t</span> <span class='ocrx_word' id='word_1_196' title='bbox 1085 1389 1219 1428; x_wconf 84' lang='lat' dir='ltr'>legatos,</span> <span class='ocrx_word' id='word_1_197' title='bbox 1235 1389 1289 1427; x_wconf 90' lang='lat' dir='ltr'>qui</span> 
     </span>
     <span class='ocr_line' id='line_1_29' title="bbox 616 1427 1288 1464; baseline -0.003 -6"><span class='ocrx_word' id='word_1_198' title='bbox 616 1438 769 1458; x_wconf 85' lang='lat' dir='ltr'>coronam</span> <span class='ocrx_word' id='word_1_199' title='bbox 788 1437 911 1458; x_wconf 81' lang='lat' dir='ltr'>auream</span> <span class='ocrx_word' id='word_1_200' title='bbox 923 1427 951 1457; x_wconf 90' lang='lat' dir='ltr'>ei</span> <span class='ocrx_word' id='word_1_201' title='bbox 968 1427 1103 1464; x_wconf 86' lang='lat' dir='ltr'>ferrent,</span> <span class='ocrx_word' id='word_1_202' title='bbox 1127 1429 1161 1458; x_wconf 70' lang='grc' dir='ltr'>ὃς</span> <span class='ocrx_word' id='word_1_203' title='bbox 1183 1427 1288 1458; x_wconf 83' lang='lat' dir='ltr'>Judai-</span> 
     </span>
     <span class='ocr_line' id='line_1_30' title="bbox 615 1467 1288 1506; baseline -0.003 -9"><span class='ocrx_word' id='word_1_204' title='bbox 615 1477 684 1497; x_wconf 89' lang='lat' dir='ltr'>cam</span> <span class='ocrx_word' id='word_1_205' title='bbox 709 1467 871 1497; x_wconf 66' lang='lat' dir='ltr'>victoriam</span> <span class='ocrx_word' id='word_1_206' title='bbox 889 1468 1122 1506; x_wconf 77' lang='lat' dir='ltr'>gratularentur.</span> <span class='ocrx_word' id='word_1_207' title='bbox 1139 1469 1203 1498; x_wconf 88' lang='lat' dir='ltr'>Hos</span> <span class='ocrx_word' id='word_1_208' title='bbox 1217 1469 1288 1497; x_wconf 76' lang='lat' dir='ltr'>cum</span> 
     </span>
     <span class='ocr_line' id='line_1_31' title="bbox 615 1506 1288 1545; baseline 0 -10"><span class='ocrx_word' id='word_1_209' title='bbox 615 1506 782 1545; x_wconf 75' lang='lat' dir='ltr'>excepisset</span> <span class='ocrx_word' id='word_1_210' title='bbox 813 1506 921 1542; x_wconf 85' lang='lat' dir='ltr'>Titus,</span> <span class='ocrx_word' id='word_1_211' title='bbox 960 1506 1162 1536; x_wconf 89' lang='lat' dir='ltr'>Antiochiam</span> <span class='ocrx_word' id='word_1_212' title='bbox 1179 1530 1187 1542; x_wconf 94' lang='lat'>,</span> <span class='ocrx_word' id='word_1_213' title='bbox 1213 1506 1288 1536; x_wconf 88' lang='lat' dir='ltr'>inde</span> 
     </span>
     <span class='ocr_line' id='line_1_32' title="bbox 615 1545 1287 1585; baseline -0.001 -10"><span class='ocrx_word' id='word_1_214' title='bbox 615 1545 854 1585; x_wconf 81' lang='lat' dir='ltr'>Hierosolyma,</span> <span class='ocrx_word' id='word_1_215' title='bbox 875 1556 909 1576; x_wconf 92' lang='lat' dir='ltr'>ac</span> <span class='ocrx_word' id='word_1_216' title='bbox 930 1546 1055 1576; x_wconf 84' lang='lat' dir='ltr'>tandem</span> <span class='ocrx_word' id='word_1_217' title='bbox 1069 1545 1287 1576; x_wconf 86' lang='lat' dir='ltr'>Alexandriam</span> 
     </span>
     <span class='ocr_line' id='line_1_33' title="bbox 614 1584 1287 1625; baseline 0 -11"><span class='ocrx_word' id='word_1_218' title='bbox 614 1584 760 1624; x_wconf 72' lang='lat' dir='ltr'>regressus</span> <span class='ocrx_word' id='word_1_219' title='bbox 783 1586 832 1615; x_wconf 87' lang='lat' dir='ltr'>est.</span> <span class='ocrx_word' id='word_1_220' title='bbox 851 1585 973 1623; x_wconf 85' lang='lat' dir='ltr'>Joseph.</span> <span class='ocrx_word' id='word_1_221' title='bbox 985 1586 1061 1615; x_wconf 83' lang='lat' dir='ltr'>Bell.</span> <span class='ocrx_word' id='word_1_222' title='bbox 1078 1585 1148 1614; x_wconf 90' lang='lat' dir='ltr'>Jud.</span> <span class='ocrx_word' id='word_1_223' title='bbox 1168 1586 1223 1616; x_wconf 84' lang='lat' dir='ltr'>Vll</span> <span class='ocrx_word' id='word_1_224' title='bbox 1238 1604 1246 1616; x_wconf 79' lang='lat'><em>‚</em></span> <span class='ocrx_word' id='word_1_225' title='bbox 1260 1595 1287 1625; x_wconf 91' lang='lat'>5.</span> 
     </span>
     <span class='ocr_line' id='line_1_34' title="bbox 616 1623 1287 1662; baseline 0.001 -8"><span class='ocrx_word' id='word_1_226' title='bbox 616 1634 703 1654; x_wconf 84' lang='lat' dir='ltr'>num.</span> <span class='ocrx_word' id='word_1_227' title='bbox 733 1635 761 1654; x_wconf 89' lang='lat'>2.</span> <span class='ocrx_word' id='word_1_228' title='bbox 784 1627 905 1658; x_wconf 77' lang='lat' dir='ltr'>Antea,</span> <span class='ocrx_word' id='word_1_229' title='bbox 930 1626 1054 1654; x_wconf 61' lang='lat' dir='ltr'>auetore</span> <span class='ocrx_word' id='word_1_230' title='bbox 1084 1623 1287 1662; x_wconf 83' lang='lat' dir='ltr'>Philostrato,</span> 
     </span>
     <span class='ocr_line' id='line_1_35' title="bbox 615 1662 1286 1701; baseline -0.001 -7"><span class='ocrx_word' id='word_1_231' title='bbox 615 1663 677 1694; x_wconf 78' lang='lat' dir='ltr'>Vit.</span> <span class='ocrx_word' id='word_1_232' title='bbox 692 1662 854 1699; x_wconf 71' lang='lat' dir='ltr'>Apollonii,</span> <span class='ocrx_word' id='word_1_233' title='bbox 871 1665 910 1692; x_wconf 88' lang='lat' dir='ltr'>Vl</span> <span class='ocrx_word' id='word_1_234' title='bbox 925 1686 932 1698; x_wconf 93' lang='lat'>‚</span> <span class='ocrx_word' id='word_1_235' title='bbox 951 1674 999 1699; x_wconf 87' lang='lat'>29.</span> <span class='ocrx_word' id='word_1_236' title='bbox 1019 1664 1146 1694; x_wconf 86' lang='lat' dir='ltr'>coronis</span> <span class='ocrx_word' id='word_1_237' title='bbox 1167 1663 1286 1701; x_wconf 87' lang='lat' dir='ltr'>aureis,</span> 
     </span>
     <span class='ocr_line' id='line_1_36' title="bbox 615 1702 1288 1742; baseline 0.001 -10"><span class='ocrx_word' id='word_1_238' title='bbox 615 1713 689 1742; x_wconf 80' lang='lat' dir='ltr'>quas</span> <span class='ocrx_word' id='word_1_239' title='bbox 714 1702 853 1733; x_wconf 77' lang='lat' dir='ltr'>finitimae</span> <span class='ocrx_word' id='word_1_240' title='bbox 877 1702 987 1732; x_wconf 81' lang='lat' dir='ltr'>Judaeis</span> <span class='ocrx_word' id='word_1_241' title='bbox 1003 1711 1108 1741; x_wconf 88' lang='lat' dir='ltr'>gentes</span> <span class='ocrx_word' id='word_1_242' title='bbox 1129 1703 1193 1741; x_wconf 87' lang='lat' dir='ltr'>post</span> <span class='ocrx_word' id='word_1_243' title='bbox 1214 1702 1288 1733; x_wconf 88' lang='lat' dir='ltr'>Hie-</span> 
     </span>
     <span class='ocr_line' id='line_1_37' title="bbox 615 1741 1287 1781; baseline 0.003 -10"><span class='ocrx_word' id='word_1_244' title='bbox 615 1742 848 1781; x_wconf 88' lang='lat' dir='ltr'>rosolymorum</span> <span class='ocrx_word' id='word_1_245' title='bbox 888 1741 1047 1772; x_wconf 85' lang='lat' dir='ltr'>excidium</span> <span class='ocrx_word' id='word_1_246' title='bbox 1082 1743 1263 1773; x_wconf 83' lang='lat' dir='ltr'>obtulerant</span> <span class='ocrx_word' id='word_1_247' title='bbox 1278 1767 1287 1779; x_wconf 89' lang='lat'>,</span> 
     </span>
    </p>
   </div>
   <div class='ocr_carea' id='block_1_10' title="bbox 616 1781 1289 1820">
    <p class='ocr_par' dir='ltr' id='par_1_12' title="bbox 616 1781 1289 1820">
     <span class='ocr_line' id='line_1_38' title="bbox 616 1781 1289 1820; baseline 0.003 -10"><span class='ocrx_word' id='word_1_248' title='bbox 616 1781 781 1820; x_wconf 86' lang='lat' dir='ltr'>indignum</span> <span class='ocrx_word' id='word_1_249' title='bbox 795 1781 823 1811; x_wconf 91' lang='lat' dir='ltr'>se</span> <span class='ocrx_word' id='word_1_250' title='bbox 833 1781 1091 1820; x_wconf 84' lang='lat' dir='ltr'>pronuntiaverat</span> <span class='ocrx_word' id='word_1_251' title='bbox 1101 1782 1190 1812; x_wconf 86' lang='lat' dir='ltr'>Titus</span> <span class='ocrx_word' id='word_1_252' title='bbox 1200 1805 1209 1818; x_wconf 92' lang='lat'>‚</span> <span class='ocrx_word' id='word_1_253' title='bbox 1223 1781 1289 1813; x_wconf 88' lang='lat' dir='ltr'>dic-</span> 
     </span>
    </p>
   </div>
   <div class='ocr_carea' id='block_1_11' title="bbox 610 1819 1287 2134">
    <p class='ocr_par' dir='ltr' id='par_1_13' title="bbox 612 1819 1287 2017">
     <span class='ocr_line' id='line_1_39' title="bbox 615 1819 1287 1861; baseline 0.001 -11"><span class='ocrx_word' id='word_1_254' title='bbox 615 1821 710 1850; x_wconf 70' lang='lat' dir='ltr'>titans</span> <span class='ocrx_word' id='word_1_255' title='bbox 722 1821 768 1859; x_wconf 77' lang='lat' dir='ltr'>:fe</span> <span class='ocrx_word' id='word_1_256' title='bbox 785 1819 854 1849; x_wconf 79' lang='lat' dir='ltr'>talia</span> <span class='ocrx_word' id='word_1_257' title='bbox 868 1831 921 1849; x_wconf 89' lang='lat' dir='ltr'>non</span> <span class='ocrx_word' id='word_1_258' title='bbox 934 1821 1051 1861; x_wconf 73' lang='lat' dir='ltr'>parraffe</span> <span class='ocrx_word' id='word_1_259' title='bbox 1062 1820 1130 1859; x_wconf 80' lang='lat' dir='ltr'>‚sed</span> <span class='ocrx_word' id='word_1_260' title='bbox 1142 1820 1205 1850; x_wconf 87' lang='lat' dir='ltr'>Deo</span> <span class='ocrx_word' id='word_1_261' title='bbox 1217 1821 1287 1851; x_wconf 84' lang='lat' dir='ltr'>iram</span> 
     </span>
     <span class='ocr_line' id='line_1_40' title="bbox 613 1859 1287 1901; baseline 0.003 -13"><span class='ocrx_word' id='word_1_262' title='bbox 613 1860 736 1889; x_wconf 72' lang='lat' dir='ltr'>exerenti</span> <span class='ocrx_word' id='word_1_263' title='bbox 753 1870 850 1888; x_wconf 82' lang='lat' dir='ltr'>manus</span> <span class='ocrx_word' id='word_1_264' title='bbox 864 1860 933 1898; x_wconf 72' lang='lat' dir='ltr'>fimf</span> <span class='ocrx_word' id='word_1_265' title='bbox 944 1859 1122 1896; x_wconf 71' lang='lat' dir='ltr'>commodafie.</span> <span class='ocrx_word' id='word_1_266' title='bbox 1144 1860 1185 1890; x_wconf 67' lang='grc' dir='ltr'>Τὰ</span> <span class='ocrx_word' id='word_1_267' title='bbox 1209 1861 1287 1901; x_wconf 62' lang='grc' dir='ltr'>’ὅμορά</span> 
     </span>
     <span class='ocr_line' id='line_1_41' title="bbox 614 1899 1286 1939; baseline 0.004 -11"><span class='ocrx_word' id='word_1_268' title='bbox 614 1913 641 1929; x_wconf 75' lang='grc' dir='ltr'>τε</span> <span class='ocrx_word' id='word_1_269' title='bbox 652 1899 702 1932; x_wconf 68' lang='grc' dir='ltr'>’ἔθνη</span> <span class='ocrx_word' id='word_1_270' title='bbox 716 1900 833 1938; x_wconf 52' lang='lat' dir='ltr'>{aspaltum</span> <span class='ocrx_word' id='word_1_271' title='bbox 847 1900 918 1929; x_wconf 59' lang='lat' dir='ltr'>oedoebv</span> <span class='ocrx_word' id='word_1_272' title='bbox 929 1922 937 1936; x_wconf 80' lang='lat'>,</span> <span class='ocrx_word' id='word_1_273' title='bbox 951 1900 986 1939; x_wconf 54' lang='lat' dir='ltr'>ij</span> <span class='ocrx_word' id='word_1_274' title='bbox 999 1903 1032 1931; x_wconf 71' lang='grc' dir='ltr'>ἐκ</span> <span class='ocrx_word' id='word_1_275' title='bbox 1043 1900 1097 1933; x_wconf 56' lang='lat' dir='ltr'>»iila</span> <span class='ocrx_word' id='word_1_276' title='bbox 1109 1901 1190 1930; x_wconf 66' lang='lat' dir='ltr'>&#39;sava-{n</span> <span class='ocrx_word' id='word_1_277' title='bbox 1202 1901 1269 1931; x_wconf 63' lang='grc' dir='ltr'>τέτε</span> <span class='ocrx_word' id='word_1_278' title='bbox 1279 1910 1286 1917; x_wconf 80' lang='lat'><strong>‘</strong></span> 
     </span>
     <span class='ocr_line' id='line_1_42' title="bbox 612 1936 1286 1978; baseline 0.003 -11"><span class='ocrx_word' id='word_1_279' title='bbox 612 1938 648 1975; x_wconf 56' lang='lat' dir='ltr'>peis</span> <span class='ocrx_word' id='word_1_280' title='bbox 663 1938 714 1978; x_wconf 59' lang='grc' dir='ltr'>νὰς</span> <span class='ocrx_word' id='word_1_281' title='bbox 739 1940 812 1971; x_wconf 50' lang='grc' dir='ltr'>αὐτὸς</span> <span class='ocrx_word' id='word_1_282' title='bbox 836 1944 920 1968; x_wconf 65' lang='grc' dir='ltr'><strong>ταῦτα</strong></span> <span class='ocrx_word' id='word_1_283' title='bbox 938 1939 1085 1977; x_wconf 56' lang='grc' dir='ltr'>ἐμγῖιοθτιι,</span> <span class='ocrx_word' id='word_1_284' title='bbox 1104 1936 1195 1978; x_wconf 45' lang='grc' dir='ltr'><em>Θεᾷ-5</em></span> <span class='ocrx_word' id='word_1_285' title='bbox 1216 1941 1286 1978; x_wconf 63' lang='grc' dir='ltr'><strong><em>ὀργὴν</em></strong></span> 
     </span>
     <span class='ocr_line' id='line_1_43' title="bbox 613 1978 1153 2017; baseline 0.004 -11"><span class='ocrx_word' id='word_1_286' title='bbox 613 1980 710 2017; x_wconf 61' lang='grc' dir='ltr'>φῇνανἾι</span> <span class='ocrx_word' id='word_1_287' title='bbox 726 1978 902 2014; x_wconf 56' lang='grc' dir='ltr'>ὲπιόεὲωκὲνιᾳ</span> <span class='ocrx_word' id='word_1_288' title='bbox 917 1978 964 2010; x_wconf 59' lang='grc' dir='ltr'>τὰς</span> <span class='ocrx_word' id='word_1_289' title='bbox 976 1981 1044 2009; x_wconf 67' lang='grc' dir='ltr'><em>ὲοιυἹέ</em></span> <span class='ocrx_word' id='word_1_290' title='bbox 1053 1981 1153 2017; x_wconf 60' lang='grc' dir='ltr'>χεῗςᾳς.</span> 
     </span>
    </p>

    <p class='ocr_par' dir='ltr' id='par_1_14' title="bbox 610 2018 1285 2134">
     <span class='ocr_line' id='line_1_44' title="bbox 656 2018 1285 2057; baseline 0.003 -11"><span class='ocrx_word' id='word_1_291' title='bbox 656 2022 666 2042; x_wconf 77' lang='lat'><em>³</em></span> <span class='ocrx_word' id='word_1_292' title='bbox 691 2018 807 2047; x_wconf 63' lang='lat' dir='ltr'>Rums</span> <span class='ocrx_word' id='word_1_293' title='bbox 832 2020 1031 2055; x_wconf 59' lang='lat' dir='ltr'>Misranrus]</span> <span class='ocrx_word' id='word_1_294' title='bbox 1047 2019 1210 2057; x_wconf 88' lang='lat' dir='ltr'>Multaque</span> <span class='ocrx_word' id='word_1_295' title='bbox 1226 2018 1285 2048; x_wconf 77' lang='lat' dir='ltr'>irn—</span> 
     </span>
     <span class='ocr_line' id='line_1_45' title="bbox 613 2057 1284 2094; baseline 0.004 -9"><span class='ocrx_word' id='word_1_296' title='bbox 613 2064 754 2094; x_wconf 85' lang='lat' dir='ltr'>precatus</span> <span class='ocrx_word' id='word_1_297' title='bbox 786 2057 918 2087; x_wconf 81' lang='lat' dir='ltr'>Judaicae</span> <span class='ocrx_word' id='word_1_298' title='bbox 944 2057 1128 2088; x_wconf 61' lang='lat' dir='ltr'>defectionis</span> <span class='ocrx_word' id='word_1_299' title='bbox 1151 2058 1284 2088; x_wconf 65' lang='lat' dir='ltr'>auetori-</span> 
     </span>
     <span class='ocr_line' id='line_1_46' title="bbox 610 2095 1285 2134; baseline 0.006 -10"><span class='ocrx_word' id='word_1_300' title='bbox 610 2095 668 2125; x_wconf 83' lang='lat' dir='ltr'>bus</span> <span class='ocrx_word' id='word_1_301' title='bbox 681 2117 690 2131; x_wconf 94' lang='lat'>,</span> <span class='ocrx_word' id='word_1_302' title='bbox 712 2095 765 2134; x_wconf 84' lang='lat' dir='ltr'>qui</span> <span class='ocrx_word' id='word_1_303' title='bbox 785 2095 817 2124; x_wconf 90' lang='lat' dir='ltr'>in</span> <span class='ocrx_word' id='word_1_304' title='bbox 833 2096 1070 2134; x_wconf 82' lang='lat' dir='ltr'>pulcherrimam</span> <span class='ocrx_word' id='word_1_305' title='bbox 1092 2097 1201 2127; x_wconf 88' lang='lat' dir='ltr'>urbem</span> <span class='ocrx_word' id='word_1_306' title='bbox 1217 2105 1285 2128; x_wconf 84' lang='lat' dir='ltr'>tan-</span> 
     </span>
    </p>
   </div>
   <div class='ocr_carea' id='block_1_12' title="bbox 1316 1309 1999 2135">
    <p class='ocr_par' dir='ltr' id='par_1_15' title="bbox 1316 1309 1999 2057">
     <span class='ocr_line' id='line_1_47' title="bbox 1328 1309 1999 1350; baseline 0.001 -11"><span class='ocrx_word' id='word_1_307' title='bbox 1328 1310 1480 1339; x_wconf 81' lang='lat' dir='ltr'>niculantis</span> <span class='ocrx_word' id='word_1_308' title='bbox 1497 1310 1569 1339; x_wconf 86' lang='lat' dir='ltr'>lunae</span> <span class='ocrx_word' id='word_1_309' title='bbox 1584 1310 1677 1349; x_wconf 80' lang='lat' dir='ltr'>specie</span> <span class='ocrx_word' id='word_1_310' title='bbox 1692 1309 1778 1340; x_wconf 80' lang='lat' dir='ltr'>latere</span> <span class='ocrx_word' id='word_1_311' title='bbox 1798 1310 1892 1340; x_wconf 83' lang='lat' dir='ltr'>dextro</span> <span class='ocrx_word' id='word_1_312' title='bbox 1913 1310 1965 1350; x_wconf 85' lang='lat' dir='ltr'>infi</span> <span class='ocrx_word' id='word_1_313' title='bbox 1984 1329 1999 1335; x_wconf 83' lang='lat'><em>-</em></span> 
     </span>
     <span class='ocr_line' id='line_1_48' title="bbox 1327 1322 1997 1389; baseline 0.004 -12"><span class='ocrx_word' id='word_1_314' title='bbox 1327 1350 1390 1378; x_wconf 83' lang='lat' dir='ltr'>nis.-</span> <span class='ocrx_word' id='word_1_315' title='bbox 1413 1350 1456 1388; x_wconf 83' lang='lat' dir='ltr'>qui</span> <span class='ocrx_word' id='word_1_316' title='bbox 1475 1351 1535 1378; x_wconf 66' lang='lat' dir='ltr'>cam</span> <span class='ocrx_word' id='word_1_317' title='bbox 1553 1349 1608 1388; x_wconf 68' lang='grc' dir='ltr'>Ρρβ</span> <span class='ocrx_word' id='word_1_318' title='bbox 1625 1348 1735 1379; x_wconf 69' lang='lat' dir='ltr'>vivendi</span> <span class='ocrx_word' id='word_1_319' title='bbox 1754 1350 1875 1389; x_wconf 58' lang='lat' dir='ltr'>ijatiurn</span> <span class='ocrx_word' id='word_1_320' title='bbox 1891 1322 1997 1389; x_wconf 54' lang='lat' dir='ltr'>praejfi-</span> 
     </span>
     <span class='ocr_line' id='line_1_49' title="bbox 1328 1387 1996 1456; baseline 0.003 -39"><span class='ocrx_word' id='word_1_321' title='bbox 1328 1398 1414 1417; x_wconf 81' lang='lat' dir='ltr'>tutum</span> <span class='ocrx_word' id='word_1_322' title='bbox 1429 1389 1512 1427; x_wconf 71' lang='lat' dir='ltr'>fficro</span> <span class='ocrx_word' id='word_1_323' title='bbox 1526 1387 1605 1425; x_wconf 77' lang='lat' dir='ltr'>fonte</span> <span class='ocrx_word' id='word_1_324' title='bbox 1623 1389 1761 1456; x_wconf 45' lang='lat' dir='ltr'>immezsus</span> <span class='ocrx_word' id='word_1_325' title='bbox 1784 1399 1798 1418; x_wconf 84' lang='lat' dir='ltr'>e</span> <span class='ocrx_word' id='word_1_326' title='bbox 1813 1390 1871 1419; x_wconf 73' lang='lat' dir='ltr'>vita</span> <span class='ocrx_word' id='word_1_327' title='bbox 1896 1389 1996 1419; x_wconf 80' lang='lat' dir='ltr'>abierit</span> 
     </span>
     <span class='ocr_line' id='line_1_50' title="bbox 1328 1427 1999 1466; baseline 0 -9"><span class='ocrx_word' id='word_1_328' title='bbox 1328 1428 1402 1466; x_wconf 83' lang='lat' dir='ltr'>(nec</span> <span class='ocrx_word' id='word_1_329' title='bbox 1413 1427 1484 1457; x_wconf 84' lang='lat' dir='ltr'>enim</span> <span class='ocrx_word' id='word_1_330' title='bbox 1498 1427 1571 1456; x_wconf 70' lang='lat' dir='ltr'>ultra·</span> <span class='ocrx_word' id='word_1_331' title='bbox 1585 1438 1643 1456; x_wconf 80' lang='lat' dir='ltr'>eum</span> <span class='ocrx_word' id='word_1_332' title='bbox 1658 1437 1701 1456; x_wconf 81' lang='lat' dir='ltr'>tra</span> <span class='ocrx_word' id='word_1_333' title='bbox 1721 1438 1765 1456; x_wconf 85' lang='lat' dir='ltr'>ere</span> <span class='ocrx_word' id='word_1_334' title='bbox 1782 1428 1846 1457; x_wconf 76' lang='lat' dir='ltr'>licet</span> <span class='ocrx_word' id='word_1_335' title='bbox 1862 1437 1970 1458; x_wconf 76' lang='lat' dir='ltr'>aetatem</span> <span class='ocrx_word' id='word_1_336' title='bbox 1985 1436 1999 1466; x_wconf 77' lang='lat'>‚‘</span> 
     </span>
     <span class='ocr_line' id='line_1_51' title="bbox 1326 1465 1997 1506; baseline 0.001 -10"><span class='ocrx_word' id='word_1_337' title='bbox 1326 1471 1404 1505; x_wconf 58' lang='lat' dir='ltr'>quem</span> <span class='ocrx_word' id='word_1_338' title='bbox 1414 1467 1521 1506; x_wconf 74' lang='lat' dir='ltr'>secreta</span> <span class='ocrx_word' id='word_1_339' title='bbox 1540 1465 1667 1496; x_wconf 81' lang='lat' dir='ltr'>librorum</span> <span class='ocrx_word' id='word_1_340' title='bbox 1679 1467 1829 1506; x_wconf 77' lang='lat' dir='ltr'>praescribit</span> <span class='ocrx_word' id='word_1_341' title='bbox 1847 1468 1997 1497; x_wconf 62' lang='lat' dir='ltr'>amorim</span> 
     </span>
     <span class='ocr_line' id='line_1_52' title="bbox 1326 1506 1996 1546; baseline 0 -11"><span class='ocrx_word' id='word_1_342' title='bbox 1326 1506 1510 1546; x_wconf 67' lang='lat' dir='ltr'>mysticorum.-</span> <span class='ocrx_word' id='word_1_343' title='bbox 1525 1516 1575 1534; x_wconf 88' lang='lat' dir='ltr'>nec</span> <span class='ocrx_word' id='word_1_344' title='bbox 1595 1506 1624 1535; x_wconf 84' lang='lat' dir='ltr'>ni</span> <span class='ocrx_word' id='word_1_345' title='bbox 1636 1506 1738 1544; x_wconf 81' lang='lat' dir='ltr'>isemel</span> <span class='ocrx_word' id='word_1_346' title='bbox 1755 1507 1782 1535; x_wconf 89' lang='lat' dir='ltr'>in</span> <span class='ocrx_word' id='word_1_347' title='bbox 1808 1516 1881 1535; x_wconf 86' lang='lat' dir='ltr'>anno</span> <span class='ocrx_word' id='word_1_348' title='bbox 1894 1506 1996 1543; x_wconf 80' lang='lat' dir='ltr'>bosse-</span> 
     </span>
     <span class='ocr_line' id='line_1_53' title="bbox 1326 1544 1996 1589; baseline 0.001 -15"><span class='ocrx_word' id='word_1_349' title='bbox 1326 1547 1400 1574; x_wconf 85' lang='lat' dir='ltr'>mina</span> <span class='ocrx_word' id='word_1_350' title='bbox 1426 1545 1539 1574; x_wconf 73' lang='lat' dir='ltr'>inventa</span> <span class='ocrx_word' id='word_1_351' title='bbox 1564 1554 1623 1573; x_wconf 78' lang='lat' dir='ltr'>cum</span> <span class='ocrx_word' id='word_1_352' title='bbox 1650 1546 1722 1574; x_wconf 85' lang='lat' dir='ltr'>notis</span> <span class='ocrx_word' id='word_1_353' title='bbox 1749 1545 1832 1574; x_wconf 78' lang='lat' dir='ltr'>certis·</span> <span class='ocrx_word' id='word_1_354' title='bbox 1856 1544 1996 1589; x_wconf 81' lang='lat' dir='ltr'>offertur)</span> 
     </span>
     <span class='ocr_line' id='line_1_54' title="bbox 1327 1583 1995 1624; baseline 0.001 -10"><span class='ocrx_word' id='word_1_355' title='bbox 1327 1585 1397 1614; x_wconf 82' lang='lat' dir='ltr'>alter</span> <span class='ocrx_word' id='word_1_356' title='bbox 1419 1595 1477 1613; x_wconf 78' lang='lat' dir='ltr'>cum</span> <span class='ocrx_word' id='word_1_357' title='bbox 1488 1583 1593 1621; x_wconf 81' lang='lat' dir='ltr'>publico</span> <span class='ocrx_word' id='word_1_358' title='bbox 1612 1585 1742 1622; x_wconf 81' lang='lat' dir='ltr'>quoeritur</span> <span class='ocrx_word' id='word_1_359' title='bbox 1756 1583 1826 1613; x_wconf 62' lang='lat' dir='ltr'>luftu</span> <span class='ocrx_word' id='word_1_360' title='bbox 1838 1596 1847 1612; x_wconf 89' lang='lat'><em>:</em></span> <span class='ocrx_word' id='word_1_361' title='bbox 1864 1584 1929 1624; x_wconf 65' lang='lat' dir='ltr'>(7¹st</span> <span class='ocrx_word' id='word_1_362' title='bbox 1938 1596 1995 1615; x_wconf 84' lang='lat' dir='ltr'>om-</span> 
     </span>
     <span class='ocr_line' id='line_1_55' title="bbox 1326 1623 1996 1663; baseline 0.003 -11"><span class='ocrx_word' id='word_1_363' title='bbox 1326 1623 1407 1653; x_wconf 76' lang='lat' dir='ltr'>nibus</span> <span class='ocrx_word' id='word_1_364' title='bbox 1415 1623 1509 1663; x_wconf 75' lang='lat' dir='ltr'>signis</span> <span class='ocrx_word' id='word_1_365' title='bbox 1521 1623 1717 1662; x_wconf 65' lang='lat' dir='ltr'>confitmrntztur</span> <span class='ocrx_word' id='word_1_366' title='bbox 1730 1623 1842 1660; x_wconf 80' lang='lat' dir='ltr'>reperiri</span> <span class='ocrx_word' id='word_1_367' title='bbox 1857 1625 1996 1663; x_wconf 77' lang='lat' dir='ltr'>potuerit,</span> 
     </span>
     <span class='ocr_line' id='line_1_56' title="bbox 1326 1662 1995 1702; baseline 0.003 -10"><span class='ocrx_word' id='word_1_368' title='bbox 1326 1662 1445 1700; x_wconf 77' lang='lat' dir='ltr'>defertur</span> <span class='ocrx_word' id='word_1_369' title='bbox 1453 1662 1613 1700; x_wconf 75' lang='lat' dir='ltr'>Memphim,</span> <span class='ocrx_word' id='word_1_370' title='bbox 1629 1662 1719 1692; x_wconf 84' lang='lat' dir='ltr'>urbem</span> <span class='ocrx_word' id='word_1_371' title='bbox 1726 1662 1908 1702; x_wconf 67' lang='lat' dir='ltr'>praestantem,</span> <span class='ocrx_word' id='word_1_372' title='bbox 1923 1674 1995 1700; x_wconf 83' lang='lat' dir='ltr'>prae-</span> 
     </span>
     <span class='ocr_line' id='line_1_57' title="bbox 1318 1701 1996 1742; baseline 0.001 -10"><span class='ocrx_word' id='word_1_373' title='bbox 1318 1703 1462 1742; x_wconf 61' lang='lat' dir='ltr'>sentirique</span> <span class='ocrx_word' id='word_1_374' title='bbox 1476 1702 1598 1731; x_wconf 84' lang='lat' dir='ltr'>numinis</span> <span class='ocrx_word' id='word_1_375' title='bbox 1612 1702 1764 1741; x_wconf 73' lang='lat' dir='ltr'>AEsculapii</span> <span class='ocrx_word' id='word_1_376' title='bbox 1780 1701 1893 1733; x_wconf 81' lang='lat' dir='ltr'>claram.</span> <span class='ocrx_word' id='word_1_377' title='bbox 1914 1702 1996 1733; x_wconf 59' lang='lat' dir='ltr'>Clim-</span> 
     </span>
     <span class='ocr_line' id='line_1_58' title="bbox 1327 1741 1996 1782; baseline 0.003 -12"><span class='ocrx_word' id='word_1_378' title='bbox 1327 1753 1375 1781; x_wconf 82' lang='lat' dir='ltr'>que</span> <span class='ocrx_word' id='word_1_379' title='bbox 1398 1743 1528 1772; x_wconf 78' lang='lat' dir='ltr'>initiante</span> <span class='ocrx_word' id='word_1_380' title='bbox 1551 1741 1700 1782; x_wconf 82' lang='lat' dir='ltr'>antistitum</span> <span class='ocrx_word' id='word_1_381' title='bbox 1730 1752 1839 1771; x_wconf 81' lang='lat' dir='ltr'>numero</span> <span class='ocrx_word' id='word_1_382' title='bbox 1867 1752 1996 1781; x_wconf 80' lang='lat' dir='ltr'>centum,</span> 
     </span>
     <span class='ocr_line' id='line_1_59' title="bbox 1326 1781 1994 1821; baseline 0.001 -11"><span class='ocrx_word' id='word_1_383' title='bbox 1326 1781 1451 1811; x_wconf 55' lang='lat' dir='ltr'>indubius</span> <span class='ocrx_word' id='word_1_384' title='bbox 1472 1782 1501 1811; x_wconf 87' lang='lat' dir='ltr'>in</span> <span class='ocrx_word' id='word_1_385' title='bbox 1518 1781 1665 1811; x_wconf 82' lang='lat' dir='ltr'>thalamum</span> <span class='ocrx_word' id='word_1_386' title='bbox 1691 1782 1737 1821; x_wconf 72' lang='lat' dir='ltr'>effiz</span> <span class='ocrx_word' id='word_1_387' title='bbox 1759 1781 1868 1818; x_wconf 67' lang='lat' dir='ltr'>caeperic</span> <span class='ocrx_word' id='word_1_388' title='bbox 1887 1782 1994 1820; x_wconf 61' lang='lat' dir='ltr'>finer,</span> 
     </span>
     <span class='ocr_line' id='line_1_60' title="bbox 1327 1820 1994 1862; baseline 0.001 -12"><span class='ocrx_word' id='word_1_389' title='bbox 1327 1821 1486 1860; x_wconf 50' lang='lat' dir='ltr'>conjecturis</span> <span class='ocrx_word' id='word_1_390' title='bbox 1506 1821 1609 1858; x_wconf 75' lang='lat' dir='ltr'>apertis</span> <span class='ocrx_word' id='word_1_391' title='bbox 1624 1821 1712 1862; x_wconf 75' lang='lat' dir='ltr'>signa</span> <span class='ocrx_word' id='word_1_392' title='bbox 1733 1831 1822 1850; x_wconf 83' lang='lat' dir='ltr'>rerum</span> <span class='ocrx_word' id='word_1_393' title='bbox 1834 1820 1994 1857; x_wconf 80' lang='lat' dir='ltr'>suturarum</span> 
     </span>
     <span class='ocr_line' id='line_1_61' title="bbox 1325 1860 1994 1900; baseline 0.003 -11"><span class='ocrx_word' id='word_1_394' title='bbox 1325 1860 1426 1890; x_wconf 76' lang='lat' dir='ltr'>dicitur</span> <span class='ocrx_word' id='word_1_395' title='bbox 1447 1860 1626 1900; x_wconf 76' lang='lat' dir='ltr'>demonstrare</span> <span class='ocrx_word' id='word_1_396' title='bbox 1639 1885 1648 1898; x_wconf 93' lang='lat'>‚</span> <span class='ocrx_word' id='word_1_397' title='bbox 1670 1860 1699 1890; x_wconf 64' lang='grc' dir='ltr'>ἰν</span> <span class='ocrx_word' id='word_1_398' title='bbox 1720 1860 1853 1890; x_wconf 81' lang='lat' dir='ltr'>adeuntes</span> <span class='ocrx_word' id='word_1_399' title='bbox 1870 1860 1994 1900; x_wconf 71' lang='lat' dir='ltr'>quostiam</span> 
     </span>
     <span class='ocr_line' id='line_1_62' title="bbox 1325 1899 1992 1939; baseline 0 -11"><span class='ocrx_word' id='word_1_400' title='bbox 1325 1900 1438 1930; x_wconf 79' lang='lat' dir='ltr'>indiciis</span> <span class='ocrx_word' id='word_1_401' title='bbox 1461 1901 1549 1930; x_wconf 81' lang='lat' dir='ltr'>averti</span> <span class='ocrx_word' id='word_1_402' title='bbox 1573 1899 1682 1930; x_wconf 81' lang='lat' dir='ltr'>videtur</span> <span class='ocrx_word' id='word_1_403' title='bbox 1711 1899 1824 1939; x_wconf 78' lang='lat' dir='ltr'>obliquis</span> <span class='ocrx_word' id='word_1_404' title='bbox 1838 1923 1848 1937; x_wconf 89' lang='lat'>‚</span> <span class='ocrx_word' id='word_1_405' title='bbox 1870 1909 1899 1928; x_wconf 81' lang='lat' dir='ltr'>ut</span> <span class='ocrx_word' id='word_1_406' title='bbox 1923 1900 1992 1939; x_wconf 84' lang='lat' dir='ltr'>offe-</span> 
     </span>
     <span class='ocr_line' id='line_1_63' title="bbox 1325 1938 1994 1978; baseline 0.003 -10"><span class='ocrx_word' id='word_1_407' title='bbox 1325 1949 1427 1969; x_wconf 80' lang='lat' dir='ltr'>rentem</span> <span class='ocrx_word' id='word_1_408' title='bbox 1445 1939 1531 1969; x_wconf 80' lang='lat' dir='ltr'>cibum</span> <span class='ocrx_word' id='word_1_409' title='bbox 1552 1938 1698 1978; x_wconf 81' lang='lat' dir='ltr'>aliquando</span> <span class='ocrx_word' id='word_1_410' title='bbox 1724 1939 1919 1968; x_wconf 78' lang='lat' dir='ltr'>Germanicum</span> <span class='ocrx_word' id='word_1_411' title='bbox 1933 1941 1994 1970; x_wconf 83' lang='lat' dir='ltr'>Cae-</span> 
     </span>
     <span class='ocr_line' id='line_1_64' title="bbox 1316 1977 1992 2018; baseline 0 -10"><span class='ocrx_word' id='word_1_412' title='bbox 1316 1979 1408 2017; x_wconf 81' lang='lat' dir='ltr'>fizrem</span> <span class='ocrx_word' id='word_1_413' title='bbox 1418 2003 1427 2017; x_wconf 83' lang='lat'><em>‚</em></span> <span class='ocrx_word' id='word_1_414' title='bbox 1440 1978 1515 2018; x_wconf 77' lang='lat' dir='ltr'>ficut</span> <span class='ocrx_word' id='word_1_415' title='bbox 1534 1977 1626 2008; x_wconf 63' lang='lat' dir='ltr'>leffium</span> <span class='ocrx_word' id='word_1_416' title='bbox 1639 1978 1674 2018; x_wconf 80' lang='lat' dir='ltr'>est</span> <span class='ocrx_word' id='word_1_417' title='bbox 1686 2001 1695 2014; x_wconf 87' lang='lat'>,</span> <span class='ocrx_word' id='word_1_418' title='bbox 1711 1979 1850 2016; x_wconf 78' lang='lat' dir='ltr'>averfiztus</span> <span class='ocrx_word' id='word_1_419' title='bbox 1860 1999 1869 2013; x_wconf 90' lang='lat'><strong>‚</strong></span> <span class='ocrx_word' id='word_1_420' title='bbox 1881 1988 1992 2015; x_wconf 83' lang='lat' dir='ltr'>porten-</span> 
     </span>
     <span class='ocr_line' id='line_1_65' title="bbox 1324 2017 1994 2057; baseline 0.003 -10"><span class='ocrx_word' id='word_1_421' title='bbox 1324 2018 1402 2047; x_wconf 83' lang='lat' dir='ltr'>derat</span> <span class='ocrx_word' id='word_1_422' title='bbox 1422 2018 1503 2056; x_wconf 74' lang='lat' dir='ltr'>paulo</span> <span class='ocrx_word' id='word_1_423' title='bbox 1524 2017 1579 2057; x_wconf 68' lang='lat' dir='ltr'>1⁷6st</span> <span class='ocrx_word' id='word_1_424' title='bbox 1598 2028 1741 2048; x_wconf 78' lang='lat' dir='ltr'>eventura.</span> <span class='ocrx_word' id='word_1_425' title='bbox 1760 2017 1876 2048; x_wconf 68' lang='lat' dir='ltr'>Eadem</span> <span class='ocrx_word' id='word_1_426' title='bbox 1896 2018 1934 2048; x_wconf 89' lang='lat' dir='ltr'>de</span> <span class='ocrx_word' id='word_1_427' title='bbox 1959 2029 1994 2049; x_wconf 84' lang='lat' dir='ltr'>re</span> 
     </span>
    </p>

    <p class='ocr_par' dir='ltr' id='par_1_16' title="bbox 1345 2057 1993 2095">
     <span class='ocr_line' id='line_1_66' title="bbox 1345 2057 1993 2095; baseline 0.002 -7"><span class='ocrx_word' id='word_1_428' title='bbox 1345 2059 1409 2088; x_wconf 88' lang='lat' dir='ltr'>lura</span> <span class='ocrx_word' id='word_1_429' title='bbox 1424 2058 1498 2088; x_wconf 90' lang='lat' dir='ltr'>vide</span> <span class='ocrx_word' id='word_1_430' title='bbox 1512 2057 1592 2095; x_wconf 86' lang='lat' dir='ltr'>apud</span> <span class='ocrx_word' id='word_1_431' title='bbox 1614 2058 1831 2094; x_wconf 85' lang='lat' dir='ltr'>Herodotum,</span> <span class='ocrx_word' id='word_1_432' title='bbox 1849 2058 1913 2093; x_wconf 88' lang='lat'>111,</span> <span class='ocrx_word' id='word_1_433' title='bbox 1940 2060 1993 2089; x_wconf 86' lang='lat'>28.</span> 
     </span>
    </p>

    <p class='ocr_par' dir='ltr' id='par_1_17' title="bbox 1353 2096 1992 2135">
     <span class='ocr_line' id='line_1_67' title="bbox 1353 2096 1992 2135; baseline -0.002 -7"><span class='ocrx_word' id='word_1_434' title='bbox 1353 2097 1500 2128; x_wconf 88' lang='lat' dir='ltr'>iodorum</span> <span class='ocrx_word' id='word_1_435' title='bbox 1525 2097 1683 2133; x_wconf 89' lang='lat' dir='ltr'>Siculum,</span> <span class='ocrx_word' id='word_1_436' title='bbox 1702 2098 1736 2133; x_wconf 90' lang='lat'>1,</span> <span class='ocrx_word' id='word_1_437' title='bbox 1764 2099 1814 2135; x_wconf 88' lang='lat'>85.</span> <span class='ocrx_word' id='word_1_438' title='bbox 1835 2096 1992 2127; x_wconf 77' lang='lat' dir='ltr'>AElianum</span> 
     </span>
    </p>
   </div>
   <div class='ocr_carea' id='block_1_13' title="bbox 610 2134 1988 2215">
    <p class='ocr_par' dir='ltr' id='par_1_18' title="bbox 610 2134 1988 2215">
     <span class='ocr_line' id='line_1_68' title="bbox 610 2134 1988 2176; baseline 0.001 -11"><span class='ocrx_word' id='word_1_439' title='bbox 610 2142 679 2165; x_wconf 83' lang='lat' dir='ltr'>tum</span> <span class='ocrx_word' id='word_1_440' title='bbox 700 2134 844 2164; x_wconf 82' lang='lat' dir='ltr'>vastitatis</span> <span class='ocrx_word' id='word_1_441' title='bbox 863 2135 1065 2166; x_wconf 87' lang='lat' dir='ltr'>induxerant:</span> <span class='ocrx_word' id='word_1_442' title='bbox 1091 2136 1283 2175; x_wconf 86' lang='lat' dir='ltr'>iterumpro-</span> <span class='ocrx_word' id='word_1_443' title='bbox 1322 2138 1452 2173; x_wconf 86' lang='lat' dir='ltr'>Xl,10.</span> <span class='ocrx_word' id='word_1_444' title='bbox 1480 2137 1629 2174; x_wconf 81' lang='lat' dir='ltr'>Quaedam</span> <span class='ocrx_word' id='word_1_445' title='bbox 1654 2137 1717 2176; x_wconf 84' lang='lat' dir='ltr'>jam</span> <span class='ocrx_word' id='word_1_446' title='bbox 1744 2136 1822 2166; x_wconf 53' lang='lat' dir='ltr'>dicta</span> <span class='ocrx_word' id='word_1_447' title='bbox 1847 2135 1916 2167; x_wconf 89' lang='lat' dir='ltr'>sunt</span> <span class='ocrx_word' id='word_1_448' title='bbox 1942 2135 1988 2167; x_wconf 89' lang='lat' dir='ltr'>su-</span> 
     </span>
     <span class='ocr_line' id='line_1_69' title="bbox 613 2173 1585 2215; baseline 0.001 -11"><span class='ocrx_word' id='word_1_449' title='bbox 613 2173 702 2204; x_wconf 70' lang='lat' dir='ltr'>fess‘us</span> <span class='ocrx_word' id='word_1_450' title='bbox 731 2173 759 2203; x_wconf 83' lang='lat' dir='ltr'>se</span> <span class='ocrx_word' id='word_1_451' title='bbox 780 2174 910 2205; x_wconf 86' lang='lat' dir='ltr'>minime</span> <span class='ocrx_word' id='word_1_452' title='bbox 934 2176 1016 2206; x_wconf 88' lang='lat' dir='ltr'>velle</span> <span class='ocrx_word' id='word_1_453' title='bbox 1035 2187 1073 2206; x_wconf 87' lang='lat' dir='ltr'>ex</span> <span class='ocrx_word' id='word_1_454' title='bbox 1102 2175 1281 2214; x_wconf 83' lang='lat' dir='ltr'>punitorum</span> <span class='ocrx_word' id='word_1_455' title='bbox 1321 2177 1373 2215; x_wconf 71' lang='lat' dir='ltr'>pra</span> <span class='ocrx_word' id='word_1_456' title='bbox 1394 2177 1468 2207; x_wconf 83' lang='lat' dir='ltr'>Hist.</span> <span class='ocrx_word' id='word_1_457' title='bbox 1494 2178 1539 2213; x_wconf 86' lang='lat' dir='ltr'>V,</span> <span class='ocrx_word' id='word_1_458' title='bbox 1555 2187 1585 2214; x_wconf 88' lang='lat'>4.</span> 
     </span>
    </p>
   </div>
   <div class='ocr_carea' id='block_1_14' title="bbox 607 2211 1280 2490">
    <p class='ocr_par' dir='ltr' id='par_1_19' title="bbox 610 2211 1280 2289">
     <span class='ocr_line' id='line_1_70' title="bbox 610 2211 1280 2247; baseline 0.004 -4"><span class='ocrx_word' id='word_1_459' title='bbox 610 2211 786 2243; x_wconf 85' lang='lat' dir='ltr'>calamitate</span> <span class='ocrx_word' id='word_1_460' title='bbox 819 2213 965 2244; x_wconf 85' lang='lat' dir='ltr'>virtutem</span> <span class='ocrx_word' id='word_1_461' title='bbox 997 2215 1080 2246; x_wconf 87' lang='lat' dir='ltr'>suam</span> <span class='ocrx_word' id='word_1_462' title='bbox 1107 2215 1280 2247; x_wconf 83' lang='lat' dir='ltr'>clarescere.</span> 
     </span>
     <span class='ocr_line' id='line_1_71' title="bbox 611 2251 893 2289; baseline 0 -7"><span class='ocrx_word' id='word_1_463' title='bbox 611 2251 733 2289; x_wconf 67' lang='lat' dir='ltr'>joseph.</span> <span class='ocrx_word' id='word_1_464' title='bbox 753 2252 815 2281; x_wconf 88' lang='lat' dir='ltr'>loc.</span> <span class='ocrx_word' id='word_1_465' title='bbox 841 2252 893 2282; x_wconf 88' lang='lat' dir='ltr'>cit.</span> 
     </span>
    </p>

    <p class='ocr_par' dir='ltr' id='par_1_20' title="bbox 609 2292 1279 2371">
     <span class='ocr_line' id='line_1_72' title="bbox 649 2292 1279 2333; baseline 0.013 -14"><span class='ocrx_word' id='word_1_466' title='bbox 649 2296 664 2314; x_wconf 83' lang='lat'>4</span> <span class='ocrx_word' id='word_1_467' title='bbox 685 2292 844 2321; x_wconf 71' lang='grc' dir='ltr'><strong>ΜΕΜΡΗΙΜ</strong></span> <span class='ocrx_word' id='word_1_468' title='bbox 869 2303 966 2322; x_wconf 71' lang='lat' dir='ltr'>vrm‘r</span> <span class='ocrx_word' id='word_1_469' title='bbox 980 2294 993 2330; x_wconf 94' lang='lat'>]</span> <span class='ocrx_word' id='word_1_470' title='bbox 1005 2294 1052 2324; x_wconf 89' lang='lat' dir='ltr'>De</span> <span class='ocrx_word' id='word_1_471' title='bbox 1064 2294 1120 2325; x_wconf 86' lang='lat' dir='ltr'>hac</span> <span class='ocrx_word' id='word_1_472' title='bbox 1132 2295 1279 2333; x_wconf 75' lang='lat' dir='ltr'>urbeJam</span> 
     </span>
     <span class='ocr_line' id='line_1_73' title="bbox 609 2330 1199 2371; baseline 0.007 -11"><span class='ocrx_word' id='word_1_473' title='bbox 609 2330 725 2361; x_wconf 66' lang='lat' dir='ltr'>dictum</span> <span class='ocrx_word' id='word_1_474' title='bbox 742 2330 826 2369; x_wconf 73' lang='lat' dir='ltr'>supra</span> <span class='ocrx_word' id='word_1_475' title='bbox 848 2330 919 2360; x_wconf 80' lang='lat' dir='ltr'>Hist.</span> <span class='ocrx_word' id='word_1_476' title='bbox 935 2333 992 2367; x_wconf 84' lang='lat' dir='ltr'>lv,</span> <span class='ocrx_word' id='word_1_477' title='bbox 1015 2335 1063 2370; x_wconf 87' lang='lat'>84.</span> <span class='ocrx_word' id='word_1_478' title='bbox 1079 2342 1147 2364; x_wconf 83' lang='lat' dir='ltr'>not.</span> <span class='ocrx_word' id='word_1_479' title='bbox 1170 2345 1199 2371; x_wconf 87' lang='lat'>7.</span> 
     </span>
    </p>

    <p class='ocr_par' dir='ltr' id='par_1_21' title="bbox 607 2370 1277 2448">
     <span class='ocr_line' id='line_1_74' title="bbox 651 2370 1277 2406; baseline 0.01 -8"><span class='ocrx_word' id='word_1_480' title='bbox 651 2372 659 2389; x_wconf 81' lang='lat'>⁵</span> <span class='ocrx_word' id='word_1_481' title='bbox 684 2370 857 2400; x_wconf 68' lang='lat' dir='ltr'>Miiucums</span> <span class='ocrx_word' id='word_1_482' title='bbox 882 2373 1277 2406; x_wconf 67' lang='lat' dir='ltr'>nuxssmr]Haecmiracu-</span> 
     </span>
     <span class='ocr_line' id='line_1_75' title="bbox 607 2409 1238 2448; baseline 0.005 -9"><span class='ocrx_word' id='word_1_483' title='bbox 607 2409 636 2439; x_wconf 82' lang='lat' dir='ltr'>la</span> <span class='ocrx_word' id='word_1_484' title='bbox 655 2417 824 2439; x_wconf 83' lang='lat' dir='ltr'>memorata</span> <span class='ocrx_word' id='word_1_485' title='bbox 837 2409 904 2439; x_wconf 87' lang='lat' dir='ltr'>sunt</span> <span class='ocrx_word' id='word_1_486' title='bbox 920 2409 1006 2448; x_wconf 76' lang='lat' dir='ltr'>supra</span> <span class='ocrx_word' id='word_1_487' title='bbox 1027 2411 1100 2440; x_wconf 89' lang='lat' dir='ltr'>Hist.</span> <span class='ocrx_word' id='word_1_488' title='bbox 1113 2413 1173 2447; x_wconf 82' lang='lat' dir='ltr'>lv,</span> <span class='ocrx_word' id='word_1_489' title='bbox 1188 2415 1238 2442; x_wconf 86' lang='lat'>81.</span> 
     </span>
    </p>

    <p class='ocr_par' dir='ltr' id='par_1_22' title="bbox 644 2449 1278 2490">
     <span class='ocr_line' id='line_1_76' title="bbox 644 2449 1278 2490; baseline 0.008 -12"><span class='ocrx_word' id='word_1_490' title='bbox 644 2449 657 2466; x_wconf 85' lang='lat'><strong>⁶</strong></span> <span class='ocrx_word' id='word_1_491' title='bbox 680 2449 851 2481; x_wconf 67' lang='lat' dir='ltr'>Dmmsus</span> <span class='ocrx_word' id='word_1_492' title='bbox 876 2451 959 2488; x_wconf 78' lang='lat' dir='ltr'>EST]</span> <span class='ocrx_word' id='word_1_493' title='bbox 977 2450 1074 2489; x_wconf 88' lang='lat' dir='ltr'>Hujus</span> <span class='ocrx_word' id='word_1_494' title='bbox 1090 2451 1278 2490; x_wconf 83' lang='lat' dir='ltr'>superstitio-</span> 
     </span>
    </p>
   </div>
   <div class='ocr_carea' id='block_1_15' title="bbox 1292 2340 1302 2480">
    <p class='ocr_par' dir='ltr' id='par_1_23' title="bbox 1292 2340 1302 2480">
     <span class='ocr_line' id='line_1_77' title="bbox 1292 2340 1302 2480; baseline 0 567"><span class='ocrx_word' id='word_1_495' title='bbox 1292 2340 1302 2480; x_wconf 95' lang='lat' dir='ltr'> </span> 
     </span>
    </p>
   </div>
   <div class='ocr_carea' id='block_1_16' title="bbox 1317 2213 1988 2449">
    <p class='ocr_par' dir='ltr' id='par_1_24' title="bbox 1317 2213 1988 2449">
     <span class='ocr_line' id='line_1_78' title="bbox 1360 2213 1988 2253; baseline -0.006 -6"><span class='ocrx_word' id='word_1_496' title='bbox 1360 2222 1373 2242; x_wconf 91' lang='lat'><em>7</em></span> <span class='ocrx_word' id='word_1_497' title='bbox 1395 2217 1599 2247; x_wconf 68' lang='lat' dir='ltr'>MAcuLARUM</span> <span class='ocrx_word' id='word_1_498' title='bbox 1623 2213 1988 2253; x_wconf 70' lang='lat' dir='ltr'>msicnm]Pomponius</span> 
     </span>
     <span class='ocr_line' id='line_1_79' title="bbox 1321 2253 1987 2292; baseline -0.006 -6"><span class='ocrx_word' id='word_1_499' title='bbox 1321 2255 1402 2286; x_wconf 90' lang='lat' dir='ltr'>Mela</span> <span class='ocrx_word' id='word_1_500' title='bbox 1416 2257 1444 2289; x_wconf 88' lang='lat' dir='ltr'>l,</span> <span class='ocrx_word' id='word_1_501' title='bbox 1454 2267 1483 2291; x_wconf 88' lang='lat'>9.</span> <span class='ocrx_word' id='word_1_502' title='bbox 1492 2253 1725 2291; x_wconf 73' lang='lat' dir='ltr'>Apispopulorum</span> <span class='ocrx_word' id='word_1_503' title='bbox 1735 2253 1850 2283; x_wconf 83' lang='lat' dir='ltr'>omnium</span> <span class='ocrx_word' id='word_1_504' title='bbox 1859 2255 1950 2292; x_wconf 85' lang='lat' dir='ltr'>(AEgy</span> <span class='ocrx_word' id='word_1_505' title='bbox 1972 2270 1987 2275; x_wconf 95' lang='lat'>-</span> 
     </span>
     <span class='ocr_line' id='line_1_80' title="bbox 1319 2291 1986 2332; baseline -0.006 -8"><span class='ocrx_word' id='word_1_506' title='bbox 1319 2295 1342 2324; x_wconf 87' lang='lat' dir='ltr'>ti</span> <span class='ocrx_word' id='word_1_507' title='bbox 1356 2296 1368 2332; x_wconf 89' lang='lat'>)</span> <span class='ocrx_word' id='word_1_508' title='bbox 1385 2305 1482 2324; x_wconf 76' lang='lat' dir='ltr'>numen</span> <span class='ocrx_word' id='word_1_509' title='bbox 1499 2294 1533 2332; x_wconf 72' lang='lat' dir='ltr'>est</span> <span class='ocrx_word' id='word_1_510' title='bbox 1547 2305 1558 2329; x_wconf 91' lang='lat'>,·</span> <span class='ocrx_word' id='word_1_511' title='bbox 1579 2293 1625 2322; x_wconf 82' lang='lat' dir='ltr'>bos</span> <span class='ocrx_word' id='word_1_512' title='bbox 1645 2293 1725 2332; x_wconf 81' lang='lat' dir='ltr'>niger</span> <span class='ocrx_word' id='word_1_513' title='bbox 1737 2315 1745 2329; x_wconf 91' lang='lat'>,</span> <span class='ocrx_word' id='word_1_514' title='bbox 1768 2292 1850 2321; x_wconf 77' lang='lat' dir='ltr'>certis</span> <span class='ocrx_word' id='word_1_515' title='bbox 1870 2302 1947 2320; x_wconf 80' lang='lat' dir='ltr'>macu</span> <span class='ocrx_word' id='word_1_516' title='bbox 1960 2291 1986 2320; x_wconf 78' lang='lat' dir='ltr'>is</span> 
     </span>
     <span class='ocr_line' id='line_1_81' title="bbox 1318 2329 1986 2374; baseline -0.006 -11"><span class='ocrx_word' id='word_1_517' title='bbox 1318 2334 1434 2374; x_wconf 76' lang='lat' dir='ltr'>insignis</span> <span class='ocrx_word' id='word_1_518' title='bbox 1445 2358 1453 2369; x_wconf 86' lang='lat'>,</span> <span class='ocrx_word' id='word_1_519' title='bbox 1469 2329 1603 2363; x_wconf 57' lang='lat' dir='ltr'>&amp;tanda</span> <span class='ocrx_word' id='word_1_520' title='bbox 1612 2332 1757 2371; x_wconf 78' lang='lat' dir='ltr'>linguaque</span> <span class='ocrx_word' id='word_1_521' title='bbox 1772 2330 1901 2370; x_wconf 80' lang='lat' dir='ltr'>dlffimilis</span> <span class='ocrx_word' id='word_1_522' title='bbox 1917 2330 1986 2359; x_wconf 81' lang='lat' dir='ltr'>alio-</span> 
     </span>
     <span class='ocr_line' id='line_1_82' title="bbox 1318 2370 1984 2408; baseline -0.006 -7"><span class='ocrx_word' id='word_1_523' title='bbox 1318 2384 1384 2403; x_wconf 81' lang='lat' dir='ltr'>rum.</span> <span class='ocrx_word' id='word_1_524' title='bbox 1398 2373 1471 2402; x_wconf 71' lang='lat' dir='ltr'>Rani</span> <span class='ocrx_word' id='word_1_525' title='bbox 1490 2373 1627 2408; x_wconf 70' lang='lat' dir='ltr'>nascitur,</span> <span class='ocrx_word' id='word_1_526' title='bbox 1646 2380 1696 2399; x_wconf 78' lang='lat' dir='ltr'>nec</span> <span class='ocrx_word' id='word_1_527' title='bbox 1718 2370 1789 2399; x_wconf 75' lang='lat' dir='ltr'>coitu</span> <span class='ocrx_word' id='word_1_528' title='bbox 1804 2370 1909 2406; x_wconf 82' lang='lat' dir='ltr'>pecoris</span> <span class='ocrx_word' id='word_1_529' title='bbox 1933 2371 1984 2407; x_wconf 81' lang='lat' dir='ltr'>(ut</span> 
     </span>
     <span class='ocr_line' id='line_1_83' title="bbox 1317 2408 1984 2449; baseline -0.004 -9"><span class='ocrx_word' id='word_1_530' title='bbox 1317 2412 1420 2447; x_wconf 79' lang='lat' dir='ltr'>aiunt)</span> <span class='ocrx_word' id='word_1_531' title='bbox 1443 2411 1493 2449; x_wconf 78' lang='lat' dir='ltr'>sed</span> <span class='ocrx_word' id='word_1_532' title='bbox 1514 2408 1646 2440; x_wconf 72' lang='lat' dir='ltr'>divinitus</span> <span class='ocrx_word' id='word_1_533' title='bbox 1671 2409 1700 2438; x_wconf 68' lang='lat' dir='ltr'>Cr</span> <span class='ocrx_word' id='word_1_534' title='bbox 1722 2408 1817 2448; x_wconf 76' lang='lat' dir='ltr'>caelesti</span> <span class='ocrx_word' id='word_1_535' title='bbox 1836 2410 1900 2449; x_wconf 86' lang='lat' dir='ltr'>igne</span> <span class='ocrx_word' id='word_1_536' title='bbox 1919 2419 1984 2437; x_wconf 83' lang='lat' dir='ltr'>con-</span> 
     </span>
    </p>
   </div>
   <div class='ocr_carea' id='block_1_17' title="bbox 1315 2447 1984 2489">
    <p class='ocr_par' dir='ltr' id='par_1_25' title="bbox 1315 2447 1984 2489">
     <span class='ocr_line' id='line_1_84' title="bbox 1315 2447 1984 2489; baseline -0.003 -9"><span class='ocrx_word' id='word_1_537' title='bbox 1315 2460 1418 2488; x_wconf 70' lang='lat' dir='ltr'>ceptus.</span> <span class='ocrx_word' id='word_1_538' title='bbox 1440 2450 1519 2482; x_wconf 81' lang='lat' dir='ltr'>Plin.</span> <span class='ocrx_word' id='word_1_539' title='bbox 1539 2451 1634 2488; x_wconf 84' lang='lat' dir='ltr'>vm,</span> <span class='ocrx_word' id='word_1_540' title='bbox 1660 2452 1711 2489; x_wconf 82' lang='lat'>46.</span> <span class='ocrx_word' id='word_1_541' title='bbox 1738 2448 1793 2478; x_wconf 84' lang='lat' dir='ltr'>Bos</span> <span class='ocrx_word' id='word_1_542' title='bbox 1812 2449 1842 2478; x_wconf 85' lang='lat' dir='ltr'>in</span> <span class='ocrx_word' id='word_1_543' title='bbox 1862 2447 1984 2489; x_wconf 69' lang='lat' dir='ltr'>AEgypto</span> 
     </span>
    </p>
   </div>
   <div class='ocr_carea' id='block_1_18' title="bbox 2036 853 2086 879">
    <p class='ocr_par' dir='ltr' id='par_1_26' title="bbox 2036 853 2086 879">
     <span class='ocr_line' id='line_1_85' title="bbox 2036 853 2086 879; baseline 0.02 -1"><span class='ocrx_word' id='word_1_544' title='bbox 2036 853 2086 879; x_wconf 88' lang='lat'>10</span> 
     </span>
    </p>
   </div>
  </div>
 </body>
</html>
