2209 3047
497 269 610 284 ===---

497 304 527 327 A.
539 302 609 327 U.C.

519 351 589 384 823.

517 400 541 422 J.
556 400 587 423 C.

525 454 578 482 70.

637 180 726 227 336
1073 168 1581 213 APPENDIX

636 257 778 296 tristius
805 253 1133 309 interpretatum,
1162 252 1323 293 cessavit
1348 251 1441 307 juge
1465 253 1704 294 sacrificium
1736 260 1764 294 ¹.

695 318 892 359 XXXV.
926 317 1140 356 TALlssUS
1177 316 1330 355 efferati
1361 316 1486 359 Judaei
1507 331 1575 371 per
1591 317 1675 358 suas
1697 318 1840 372 strages
1863 333 2008 374 vagan-

632 395 719 432 tur,
748 382 878 430 ferro,
907 377 1091 428 flaminii,
1118 380 1338 427 tectorum,
1369 393 1603 430 murorum,
1632 395 1822 435 aggerum
1849 380 2011 423 subver-

632 444 804 485 sionibus
829 444 1035 484 Romanos
1064 441 1203 491 obrui,
1234 453 1299 481 aut
1331 456 1352 481 a
1376 440 1529 497 templo
1557 445 1680 483 averti
1708 443 1816 499 posse
1844 445 2011 498 opinati.

633 509 718 549 Has
748 509 851 548 inter
877 507 1029 555 ruinas,
1056 503 1426 558 flammantibusque
1458 505 1676 560 porticibus
1706 510 1749 556 ²,
1771 507 1899 561 patuit
1925 522 2010 548 ma-

632 572 780 626 gnifica
793 568 933 624 templi
954 568 1089 608 facies.
1110 566 1233 620 Quasi
1253 565 1450 621 religione
1474 570 1666 609 attonitus
1688 573 1718 619 ³,
1736 570 1839 609 stetit
1858 569 2011 611 Roma-

633 649 706 675 nus
720 634 928 675 exercitus.
943 632 1057 686 Opus
1072 630 1148 669 fuit
1163 642 1206 668 ut
1234 629 1349 669 Titus
1371 628 1525 682 juberet
1550 636 1567 659 4
1595 648 1616 667 <c
1641 630 1806 672 ulterius
1832 632 1975 673 audere
1996 647 2009 679 ;

629 702 703 738 »&
729 711 798 753 per
823 693 972 736 violata
1000 691 1078 745 jam
1103 692 1247 736 Judaeis
1274 691 1382 733 sacra
1398 708 1536 749 poenas
1566 694 1614 734 de
1637 707 1757 749 gente
1778 695 2011 736 hominibus

671 818 679 832 ¹
705 813 865 843 Csssnvxr
879 820 953 842 Juoe
969 810 1203 845 sixcmmcium]
1225 807 1299 838 Ces-

629 852 708 882 savir
716 852 765 881 die
778 848 1026 888 septimadecima
1039 846 1145 877 mensis
1157 847 1280 877 Panemi
1290 870 1298 884 ,

629 892 680 922 seu
703 903 737 927 14
753 890 844 926 Julli3
865 889 967 924 Πανέμκ
991 887 1017 916 δ’
1035 888 1058 919 ἦν
1082 887 1299 919 ‘effundendam

628 930 793 968 josephus,
812 929 889 958 Bell.
904 927 971 956 Jud.
986 928 1045 962 VI,
1062 937 1089 955 z.
1105 936 1189 954 num.
1207 936 1231 955 1.
1248 925 1301 955 Ea-

630 971 702 999 dem
729 978 854 1008 quoque
881 967 930 995 die
961 965 1126 995 cess'averat
1148 964 1179 993 in
1200 964 1299 1002 primo

629 1009 758 1047 templo.
771 1006 866 1044 Quod
878 1004 976 1035 adhuc
989 1005 1101 1033 acerbo
1114 1004 1233 1040 jejunio
1247 1003 1301 1032 fin-

628 1048 707 1087 gulis
730 1047 817 1077 annis
843 1045 893 1075 die
917 1042 1166 1081 septimadecima
1189 1042 1299 1073 mensis

627 1089 747 1116 Tamuz
759 1085 855 1115 Judaei
871 1084 1023 1114 recolunt.
1041 1083 1141 1111 Immo
1157 1081 1238 1111 inter
1253 1081 1300 1120 ip-

629 1127 676 1156 sos
692 1126 734 1164 pii
751 1123 875 1163 plurimi
890 1134 905 1152 a
920 1122 970 1152 die
985 1121 1038 1150 illzi
1051 1120 1300 1159 septimadecima

627 1166 745 1195 Tamuz
758 1164 795 1193 ad
811 1163 893 1193 diem
910 1171 1026 1192 nonam
1040 1159 1147 1190 menfis
1162 1161 1227 1195 Ab,
1242 1160 1301 1199 quit

630 1206 673 1235 ob
692 1203 783 1242 primi
796 1201 983 1240 secundique
997 1198 1106 1238 templi
1120 1199 1242 1229 excidia
1256 1200 1302 1236 je-

628 1244 751 1283 junium
787 1242 826 1272 est
837 1265 846 1278 ,
876 1240 1016 1271 carnibus
1047 1239 1198 1281 vinoque.
1215 1238 1302 1267 absti-

627 1291 714 1313 nent.
731 1283 847 1311 Omnes
866 1280 949 1310 enirn
968 1279 1014 1308 illi
1036 1278 1100 1307 dies
1115 1286 1200 1316 genti
1216 1277 1301 1307 fuere

628 1320 845 1352 luctuosissimi.
856 1321 942 1349 Errat
951 1326 1053 1348 autem
1064 1316 1174 1355 Joseph
1187 1316 1302 1347 Gorio-

629 1362 717 1392 nides
733 1384 742 1394 ,
766 1361 828 1395 VI,
847 1362 885 1396 48
899 1382 908 1394 ,
930 1359 1001 1388 cum
1028 1356 1091 1386 haec
1114 1355 1241 1385 retrahit
1263 1357 1301 1385 ad

629 1401 713 1431 diem
728 1399 835 1429 festum
850 1396 1094 1435 Septimanarum
1104 1418 1112 1429 ‚
1128 1395 1179 1424 seu
1194 1396 1302 1438 Pente-

629 1441 726 1470 costes
739 1462 746 1473 ,
767 1438 799 1468 id
814 1438 853 1468 est
867 1458 874 1470 ‚
893 1436 976 1466 diem
990 1446 1001 1472 3
1022 1433 1130 1464 menfis
1144 1434 1239 1463 Juni1.
1256 1436 1301 1472 Ip-

628 1479 660 1510 35.
680 1477 850 1509 obfidionis
873 1474 1079 1512 descriptione
1098 1473 1164 1503 satis
1190 1472 1301 1503 refuta-

628 1528 685 1550 tur.
703 1517 798 1554 Quod
815 1524 917 1546 autem
932 1514 1043 1552 speetat
1056 1513 1178 1555 adjuge
1193 1512 1302 1541 sacrifi-

626 1557 731 1590 cium,
750 1555 858 1586 Judaeis
874 1560 961 1587 Ἰηοῦ
985 1547 1055 1585 0¹72]
1077 1552 1212 1584 dietum,
1238 1551 1300 1588 ejus

629 1598 710 1636 leges
740 1595 874 1633 ritusque
900 1594 993 1623 docet
1021 1590 1140 1630 Moyses
1159 1613 1168 1626 ,
1206 1590 1301 1634 Num.

629 1636 762 1667 XXVHI
777 1658 786 1671 ,
805 1645 830 1672 3.
847 1634 880 1663 ὅ(
893 1632 977 1671 seqq.
993 1629 1300 1673 Haechmtstzcrzjzcza‚

625 1685 685 1715 quae
698 1673 792 1714 offerre
806 1672 907 1701 debetis
918 1685 926 1699 :
944 1672 1041 1709 Agnos
1053 1668 1197 1697 anniculos
1210 1678 1303 1697 zmma-

629 1714 734 1744 culmos
755 1713 820 1742 duos
834 1710 950 1751 quotidie
967 1712 996 1738 in
1010 1707 1187 1747 holocaustum
1200 1708 1302 1745 sempi-

628 1764 745 1784 ternum.
769 1752 857 1782 Unum
874 1749 993 1790 offeretis
1007 1750 1086 1777 mane'
1100 1771 1109 1785 ‚
1136 1747 1166 1776 [r
1179 1747 1303 1776 alterum

627 1793 665 1823 ad
680 1793 812 1831 vesperum
824 1815 833 1828 ‚
855 1789 984 1819 decimam
998 1796 1103 1824 partem
1119 1785 1301 1825 ephistmilae‚

628 1843 687 1872 quoe
710 1831 846 1870 conspersa
857 1829 897 1869 fit
912 1828 966 1858 oleo
980 1826 1130 1866 purzffirtw,
1154 1826 1184 1854 Cr
1204 1826 1303 1855 habeat

626 1881 754 1911 quartam
768 1879 873 1907 partem
886 1868 945 1898 hin.
972 1865 1159 1903 Holocaustum
1169 1865 1235 1904 juge
1250 1864 1302 1903 est,

628 1910 696 1950 quod
708 1909 837 1949 obtulistis
851 1909 877 1938 ἱη
894 1915 981 1936 monte
991 1905 1074 1934 Sinai
1086 1906 1113 1934 itz
1126 1903 1303 1943 odoremfiza-

628 1950 755 1989 viffimum
767 1948 868 1989 incenfi
878 1945 1005 1976 Domini.
1017 1944 1191 1988 Alterupzque
1202 1954 1303 1983 agnum

619 1989 748 2030 similiter
762 1988 880 2028 offeretis
894 1985 929 2015 ad
943 1985 1077 2023 vesperam
1087 2007 1095 2021 ‚
1107 1993 1189 2020 Juxta
1201 1993 1303 2012 omnem

629 2027 852 2067 ritunzsacrificii
874 2024 1025 2060 marucini,
1045 2023 1075 2052 Εν
1099 2022 1303 2052 libamentorum

628 2069 707 2106 ejus,
728 2063 886 2096 oblationem
900 2063 1047 2103 fimvzffimi
1068 2061 1158 2092 odoris
1170 2061 1301 2092 Domino.

629 2106 756 2138 Cess'ass'e
777 2105 958 2136 sacrificium
977 2102 1092 2138 penuria
1110 2101 1242 2138 virorum,
1264 2105 1303 2130 02„-

627 2146 822 2186 >paeuai⁷r034qa‚
844 2143 947 2175 scribit
973 2141 1136 2180 Josephus,
1161 2140 1222 2171 loc.
1250 2140 1302 2171 cit.

627 2188 705 2215 Sunt
721 2185 773 2224 qui
792 2195 845 2222 pro
862 2184 951 2222 ἀνδρῶν
976 2181 1143 2211 emendent
1157 2183 1236 2216 ἀμνῶν
1252 2180 1303 2210 vel

628 2228 700 2264 ἀρνῶν
712 2247 719 2258 ,
739 2224 770 2253 id
782 2224 838 2259 cst,
854 2231 985 2260 agnorum
995 2233 1003 2248 :
1027 2220 1076 2250 sed
1088 2219 1218 2249 minime
1232 2229 1303 2257 pro-

1340 809 1399 839 rim
1424 808 1541 839 cessasse
1563 808 1767 846 sacrificium,
1799 810 1884 848 quod
1910 809 1941 839 in
1964 809 2011 840 his

1340 848 1501 878 sceleribus
1517 869 1526 880 ‚
1562 848 1694 878 caedibus
1714 872 1723 884 ‚
1751 849 1978 886 impuritatibus
2000 872 2011 885 ‚

1318 899 1322 943 Ι
1340 888 1451 957 auibus
1472 896 1535 918 tum
1557 886 1729 918 foedabatur
1747 888 1915 925 templum,
1934 887 2011 917 nulli

1364 926 1454 957 ierint
1477 926 1544 964 puri
1566 926 1720 965 sanctique
1745 926 1938 963 sacerdotes,
1960 926 2014 965 qui

1340 966 1417 995 illud
1431 965 1587 996 offerrent.

1381 1010 1392 1023 ²
1409 1005 1725 1039 FLAMMANTOEUSQUE
1739 1015 1921 1035 ronricissus
1938 1006 2016 1042 ]Ju-

1341 1043 1396 1073 daei
1412 1043 1460 1073 die
1473 1043 1609 1073 secundo
1629 1043 1662 1073 ὃς
1680 1043 1826 1074 vicefimo
1842 1043 1950 1074 mensis
1964 1046 2015 1075 Pa-

1340 1083 1446 1119 nemi,
1469 1082 1500 1111 id
1514 1083 1554 1112 est
1575 1092 1610 1117 19
1623 1082 1695 1111 Julii
1706 1103 1714 1115 ,
1733 1082 1868 1121 porticus
1883 1084 2014 1122 templi,

1341 1132 1406 1159 quae
1432 1132 1449 1151 a
1473 1121 1701 1159 Septemtrione
1729 1123 1762 1152 ὅ(
1793 1123 1911 1152 Occasu
1938 1123 2014 1153 turri

1341 1160 1485 1191 Antoniae
1509 1168 1593 1190 erant
1624 1161 1794 1198 conjunctae
1819 1184 1828 1197 ‚
1862 1161 2016 1192 incende-

1340 1208 1422 1232 runt.
1447 1199 1548 1230 Biduo
1574 1199 1659 1237 post,
1685 1208 1793 1238 quarto
1811 1201 1844 1230 &
1865 1200 2014 1231 vicefimo

1340 1238 1474 1279 praedizsti
1488 1238 1596 1268 menfis
1608 1262 1616 1274 ‚
1633 1238 1692 1268 ull&
1705 1238 1731 1267 δ’
1743 1238 1833 1278 ἧμέξαις
1845 1240 1896 1276 afficio
1908 1262 1916 1274 ,
1932 1240 2017 1280 τεἾᾸιξ·

1340 1293 1370 1317 τῃ
1385 1283 1407 1307 κζ
1425 1278 1508 1307 &abab
1524 1281 1556 1307 τέ
1572 1278 1722 1316 σιξοξρημὲνε
1736 1282 1828 1315 μηνὸς,
1849 1289 1959 1318 nempe
1976 1290 2011 1309 21

1340 1308 1434 1353 Julii,
1459 1316 1593 1347 Romani
1622 1317 1758 1347 vicinam
1783 1317 1938 1356 porticum
1963 1318 2017 1348 in-

1341 1356 1493 1391 cendere,
1517 1356 1688 1386 laetantibus
1713 1356 1842 1393 Judaeis,
1869 1357 2016 1395 ultroque
2036 1374 2039 1376 ·

1341 1396 1442 1425 ruinas
1459 1395 1643 1434 augentibus
1656 1418 1664 1430 ‚
1683 1403 1717 1425 ut
1736 1405 1753 1424 a
1773 1396 1891 1434 templo
1907 1397 2018 1428 Roma-

1339 1434 1372 1464 ni
1402 1442 1626 1464 averterentur.
1652 1433 1819 1472 josephus,
1842 1434 1919 1465 Bell.
1946 1435 2017 1465 Jud.

1340 1475 1401 1509 VI,
1424 1484 1454 1502 2.
1475 1483 1559 1503 num.
1577 1481 1606 1507 9.
1628 1472 1687 1503 Die
1706 1481 1809 1503 autem
1833 1473 1963 1511 septimo
1980 1475 2015 1505 ὃς

1341 1512 1488 1542 Vlcefilno
1507 1511 1630 1542 Paneml
1644 1532 1652 1544 ‚
1671 1515 1703 1541 ’τέ
1716 1513 1879 1551 πϋαρκμὲνκ
1893 1514 1964 1545 unis-25
1977 1514 2016 1542 ἐς-

1341 1551 1407 1591 δέμῃ
1426 1556 1448 1591 ’53
1463 1551 1547 1579 εἰκάδι
1558 1572 1565 1585 ,
1585 1550 1635 1581 seu
1651 1561 1690 1588 24
1706 1551 1779 1580 Julii
1791 1574 1799 1587 ‚
1820 1554 1890 1581 ciim
1906 1553 2018 1582 Roma-

1342 1591 1373 1619 ni
1394 1589 1549 1628 porticum
1567 1589 1804 1620 Occidentalem
1827 1598 1943 1621 temere
1968 1591 2018 1622 su-

1340 1629 1465 1659 biiss'ent
1477 1652 1485 1665 ‚
1514 1628 1595 1658 intra
1613 1629 1698 1666 cujus
1716 1630 1840 1659 culmen
1864 1630 1897 1660 ὃ(
1918 1631 2017 1661 trabes

1341 1668 1436 1698 Judaei
1452 1667 1537 1698 arida
1556 1667 1639 1707 ligna
1655 1678 1727 1699 cum
1749 1668 1890 1707 sulphure
1910 1670 1944 1700 ὅ(
1968 1669 2019 1700 bi-

1342 1707 1460 1738 tumine
1490 1707 1708 1746 supposuerant
1728 1718 1737 1745 ;
1778 1707 1814 1737 iis
1835 1707 1938 1739 subito
1969 1708 2018 1738 in-

1341 1746 1435 1778 cenfis
1448 1770 1457 1784 ‚
1476 1747 1584 1777 misere
1605 1746 1762 1786 perierunt
1780 1747 1926 1778 Romani.
1946 1748 2017 1778 Por-

1341 1787 1421 1817 ticus
1439 1794 1543 1816 autem
1561 1786 1662 1816 exusta
1681 1786 1720 1816 est
1741 1785 1834 1825 usque
1851 1787 1889 1816 ad
1907 1787 2017 1817 turrim

1341 1825 1487 1862 Joannis,
1508 1825 1594 1864 supra
1612 1833 1715 1865 portas
1727 1849 1735 1862 ‚
1752 1835 1819 1864 quae
1840 1826 1919 1856 ultra
1937 1826 2018 1865 Xys-

1342 1873 1407 1895 tum
1431 1865 1585 1895 ducebant
1602 1888 1610 1901 ‚
1637 1865 1837 1895 exstruRam:
1864 1864 2018 1904 reliquum

1341 1906 1418 1935 vero
1439 1904 1577 1943 porticus
1603 1904 1698 1934 Judaei
1725 1904 1933 1934 absciderunt.
1952 1906 2017 1939 ¹Se-

1342 1944 1450 1982 quenti
1470 1943 1538 1979 die,
1558 1947 1591 1983 τῇ
1608 1943 1634 1972 θ’
1653 1942 1773 1982 ὑςεραιῖςι,
1793 1942 1854 1973 five
1871 1952 1911 1982 25
1925 1943 2017 1981 Julii,

1342 1982 1476 2014 Romani
1492 1982 1698 2012 incenderunt
1714 1982 1867 2020 porticum
1880 1984 2016 2020 Septem-

1341 2022 1507 2052 trionalem
1527 2021 1621 2060 usque
1646 2021 1685 2051 ad
1704 2021 1839 2059 porticus
1868 2021 2018 2052 Orienta-

1342 2061 1376 2091 lis
1394 2061 1540 2100 angulum
1553 2084 1561 2097 ‚
1587 2060 1640 2099 qui
1657 2060 1730 2090 valli
1746 2060 1872 2091 Cedron
1886 2084 1894 2096 ‚
1920 2060 2018 2091 hodie

1341 2110 1468 2140 quoque
1489 2099 1516 2127 Ia
1529 2099 1614 2128 valle'e
1627 2098 1657 2127 de
1673 2098 1797 2135 CAdron,
1822 2098 2016 2130 imminebat.

1341 2139 1461 2177 Joseph.
1481 2139 1556 2168 Bell.
1574 2139 1644 2168 Jud.
1663 2140 1703 2169 VI
1717 2162 1725 2175 ‚
1748 2149 1774 2176 3.
1794 2148 1880 2168 num.
1902 2149 1911 2167 1
1936 2139 1970 2169 &
1988 2149 2018 2168 2.

1381 2180 1579 2209 ³Rmo10ne
1597 2188 1771 2208 ATTONITUS
1783 2178 1796 2214 ]
1808 2177 1871 2208 Dio
1883 2201 1890 2213 ‚
1905 2178 2017 2208 LXVI.

1341 2228 1415 2261 pagg
1428 2228 1498 2256 747.
1520 2216 1571 2246 Διὰ
1591 2218 1619 2246 τὶ)
1637 2217 1870 2254 Αὶεσιθαιμονῖση.
1890 2215 1931 2245 Ob
1947 2215 2015 2245 reli-

626 2263 796 2296 babilster,
819 2270 852 2292 ut
867 2263 927 2299 jam
949 2259 1072 2289 monuit
1090 2259 1225 2289 eruditus
1246 2259 1303 2288 Re·
1337 2267 1431 2297 gionzr
1450 2266 1588 2293 pavorem.

629 2303 747 2333 landus.
773 2301 861 2331 Titus
882 2300 965 2331 enim
988 2297 1123 2332 Joanni‚
1147 2297 1200 2336 qui
1224 2304 1302 2327 tem-

1379 2300 1394 2320 4
1414 2298 1459 2327 Ur
1471 2296 1570 2326 TITUS
1591 2305 1729 2327 jussum·
1749 2299 1759 2329 ]
1778 2294 1860 2328 Dio,
1879 2293 1943 2324 loc.
1960 2295 2016 2324 cit.

628 2342 714 2381 plum
730 2342 854 2372 tenebat
867 2364 874 2375 ‚
897 2339 1016 2370 Judaeos
1033 2335 1167 2370 obtulit,
1189 2335 1241 2378 qui
1259 2336 1302 2365 ln-
1340 2339 1379 2365 T}
1398 2335 1464 2365 Τι”ι-εςι
1477 2350 1494 2363 o·
1517 2338 1547 2365 ἆς
1566 2335 1814 2378 καἹιινριγκᾶαἶανἼος)
1829 2333 1885 2362 εἴτι-ω
1897 2334 2016 2370 «euzoi-

627 2381 760 2411 termiss'a
771 2379 916 2410 sacrificia
929 2376 1136 2411 celebrarent;
1149 2382 1183 2404 ut
1195 2375 1302 2405 Videre
1339 2388 1422 2412 ξιςνκγ.
1439 2373 1482 2403 Α’
1501 2374 1538 2403 ito
1557 2372 1646 2403 adath
1669 2372 1705 2401 ad
1726 2381 1858 2402 interiora.
1886 2372 2013 2412 progreffi

628 2421 668 2451 est
683 2420 762 2460 apud
776 2418 942 2459 Josephum
955 2415 1031 2447 ibid.
1048 2414 1151 2446 Potitis
1164 2413 1302 2444 credide-
1330 2413 1410 2450 jhm.

1821 2471 1842 2491 ›>
1859 2453 2020 2508 deisque
