2209 3047
356 150 440 194 AD
467 150 693 193 LIBRUM
718 150 792 192 IV.
816 148 962 193 HIST.
989 149 1038 191 C.
1062 149 1242 193 CORN.
1276 150 1488 195 TACITI.
1536 168 1622 206 519

229 229 420 268 centiores.
446 227 523 266 ΜΠ.
551 227 655 265 Harl.
679 226 788 264 Bodl.
813 225 881 264 Jes.
904 229 937 263 δε
954 225 1196 274 Puteolanus,
1229 231 1365 266 concilii.
1394 231 1452 268 Sic
1477 245 1623 283 quoque

228 281 339 318 vertit
356 278 561 317 Davanzati
583 295 590 314 :
620 279 691 315 cosi
719 278 877 325 conchiuse
900 278 932 312 la
950 279 1058 324 prima
1083 279 1180 319 dieta,
1200 279 1249 317 At
1277 281 1334 319 Cl,
1351 281 1530 321 Gordon:
1547 285 1622 321 This

227 346 296 370 was
318 332 367 367 the
381 331 546 379 substance
571 329 611 377 of
632 330 714 365 their
725 328 805 376 first
829 328 1049 374 consultation.

282 381 535 419 Concrrorzfis
563 390 671 416 BELLl
698 382 716 425 ]
742 378 810 414 Ms.
833 378 903 415 Jes.
927 380 1142 414 concitatores.

280 432 427 468 Infimis
454 435 472 478 ]
502 429 568 467 Ms.
591 430 681 479 Reg.
705 432 739 465 &
764 428 880 465 editio
904 429 1092 478 princeps,
1115 429 1246 466 invidis.

279 482 472 518 Ominum
498 484 516 527 ]
543 480 612 516 Ms.
637 483 724 529 Agr.
741 481 775 514 &
798 478 913 515 editio
936 480 1127 529 princeps,
1156 490 1378 526 opportunum.

273 532 426 570 MuTtJA
458 540 786 568 DISSIMULATIONE
815 532 832 577 ]
869 528 938 567 Ms.
963 529 1071 568 Bodl.
1101 529 1269 577 discordid.
1301 531 1350 569 At
1380 533 1420 570 in
1453 537 1619 586 margine

224 580 335 620 habet
354 609 365 627 ,
394 582 651 629 diffimulatione.

277 634 452 669 ARTIBUS
483 642 662 669 GRAssARI
691 633 709 676 ]
730 627 785 666 Ita
803 628 871 665 Ms.
888 629 974 678 Agr.
993 630 1211 667 Puteolanus
1229 633 1263 668 δε
1277 629 1522 673 Recentiores.
1538 637 1619 675 Nec

220 682 365 720 variant
389 682 466 719 Mff.
501 680 606 719 Harl.
627 678 736 717 Bodl.
766 679 832 716 Jes.
854 679 886 715 A
910 679 987 716 Mff.
1013 680 1111 718 Flor.
1143 680 1233 731 Reg.
1261 683 1295 718 ὃς
1322 681 1485 721 editione
1514 687 1616 735 prin-

221 732 306 780 cipe
329 731 450 775 abest,
474 732 609 767 artibus.
633 729 749 774 Quod
772 729 919 780 quidem
942 730 1121 778 probabat
1143 731 1217 768 Jac.
1238 731 1470 776 Gronovius,
1496 749 1541 773 ne
1563 751 1618 772 ar..

219 792 266 817 tes
289 781 333 819 de
354 781 397 818 iis
421 781 604 818 fraudibus
629 779 844 817 dicerentur.
868 780 922 816 At
943 793 1027 817 artes
1051 794 1097 819 eo
1123 781 1224 817 sensu
1251 793 1272 817 a
1295 781 1405 821 Livio
1431 784 1617 825 Sallustio-

219 843 291 881 que
314 831 499 882 usurpatas
524 831 623 868 fuisse
651 830 779 867 merito
806 827 975 867 observat
999 831 1055 868 Cl.
1078 831 1254 870 Ernestus.

274 881 409 919 ExTRA
439 893 685 919 CONVENTUM
714 892 968 917 AMANDATUM
997 884 1014 927 ]
1039 881 1136 918 Bene
1159 882 1229 919 Ms.
1250 882 1340 933 Agr.
1365 883 1558 923 Rhenanus
1582 891 1617 926 &

219 929 455 969 Recentiores
471 959 480 975 ,
507 942 707 967 conventum.
733 931 778 966 In
803 930 869 967 Ms.
888 929 976 980 Reg.
1002 934 1035 968 ὃς
1057 931 1281 969 editionibus
1305 934 1503 980 veteribus,
1531 952 1615 973 com-

218 994 371 1020 mentum.
397 982 465 1019 Ms.
489 981 588 1019 Flor.
623 981 772 1017 coffinum.
809 980 884 1017 Mss.
911 980 1016 1017 Harl.
1043 981 1109 1019 Jes.
1135 986 1344 1019 continentem
1376 999 1510 1023 amnem.
1544 987 1613 1026 Ms.

216 1030 326 1070 Bodl.
351 1044 558 1068 commentum
581 1043 732 1074 amnem3
764 1033 798 1068 ὃς
822 1030 861 1067 in
888 1032 1050 1081 margine
1072 1036 1279 1069 continentem
1300 1047 1369 1083 pro
1392 1049 1615 1076 commentum.

213 1081 308 1120 Inde
332 1083 495 1120 tentabat
517 1082 772 1125 Boxhornius‚
796 1093 891 1117 extra
912 1086 1121 1120 continentem
1146 1085 1367 1122 amandatum.
1391 1086 1442 1122 At
1464 1088 1613 1135 melius,

213 1145 417 1170 conventum.
443 1133 669 1170 Amandatus
699 1132 796 1170 enim
824 1132 940 1170 fuerat
975 1144 1073 1170 extra
1106 1146 1329 1172 conventum
1355 1135 1577 1176 Batavorum
1601 1167 1613 1185 ,

215 1185 250 1219 ὃς
274 1183 313 1220 in
335 1183 463 1222 Frisios
482 1186 624 1221 avestus
639 1212 648 1228 ,
673 1194 713 1219 ut
735 1182 867 1219 dietum
888 1183 937 1220 est
958 1183 1062 1233 supra
1085 1184 1177 1221 Hist.
1198 1185 1250 1221 IV
1265 1212 1275 1229 ,
1311 1188 1369 1222 18.
1393 1187 1516 1225 Tanto
1537 1203 1613 1227 me-

213 1232 285 1269 lisis
318 1245 435 1272 autem
471 1235 603 1271 dicitur
633 1244 835 1271 conventus
854 1261 864 1277 ‚
900 1234 999 1283 quod
1024 1234 1142 1283 plures
1173 1236 1413 1273 convenirent
1443 1239 1613 1289 populi,

213 1282 368 1330 Batavi,
402 1285 680 1326 Canninefates,
713 1284 880 1320 Marsaci.
908 1284 968 1320 Sic
997 1285 1096 1333 apud
1125 1284 1281 1322 Plinium
1305 1286 1386 1330 111,
1417 1301 1449 1336 3.
1472 1293 1506 1326 ὃς
1535 1290 1569 1326 V
1601 1319 1613 1335 ,

211 1347 278 1381 29.
297 1336 402 1372 multi
419 1336 644 1385 populorum
661 1345 864 1371 conventus
883 1334 1121 1373 celebrantur.
1140 1337 1359 1372 Amandatum
1378 1337 1514 1375 habent
1530 1341 1611 1377 Mff.

211 1385 300 1434 Agr.
322 1386 431 1422 Bodl.
453 1384 673 1422 Puteolanus
699 1387 732 1420 ὃς
749 1383 996 1420 Recentiores.
1014 1384 1057 1419 In
1076 1385 1144 1421 Ms.
1160 1385 1249 1435 Reg.
1267 1389 1300 1422 ὃς
1325 1386 1490 1426 editione
1511 1391 1611 1440 prin.

209 1436 314 1484 cipe,
339 1436 550 1472 emendatum.
574 1436 631 1471 Ita
657 1446 803 1484 quoque
829 1433 907 1469 Mss.
933 1434 1036 1470 Harl.
1061 1438 1095 1471 ὃς
1120 1435 1187 1472 Jes.
1217 1435 1255 1471 in
1279 1438 1451 1486 margine.

258 1485 518 1523 BETAsIORUM
547 1489 565 1531 ]
593 1484 692 1521 Bene
713 1483 791 1520 ΜΠ.
809 1483 913 1519 Harl.
932 1484 1040 1520 Bodl.
1059 1484 1126 1521 Jes.
1153 1488 1186 1521 ὃς
1205 1485 1435 1526 Puteolanus.
1460 1488 1504 1525 In
1537 1489 1608 1527 Ms.

209 1534 298 1586 Reg.
326 1539 361 1572 &
385 1535 549 1574 editione
575 1533 763 1583 principe,
796 1533 1008 1582 Becafiorum.
1037 1533 1105 1571 Ms.
1133 1535 1253 1573 Guelf.
1279 1537 1506 1585 Bertastorum.
1532 1539 1610 1578 Alii

209 1586 444 1635 Bethafiorum.
471 1584 592 1621 Plinio
616 1584 763 1634 quidem
793 1582 868 1627 IV,
904 1597 976 1632 17,
1005 1597 1249 1623 memorantur
1277 1587 1394 1635 BetaJi.
1425 1588 1476 1624 At
1497 1589 1610 1628 iidem

205 1635 247 1672 in
273 1635 515 1685 inscriptione
538 1634 651 1672 veteri
684 1633 912 1684 appellantur
937 1647 1044 1671 cxvns
1076 1648 1235 1673 BETAsn.
1269 1636 1405 1674 Eorum
1432 1641 1610 1678 memoria

207 1698 329 1724 manet
346 1688 467 1726 adhuc
491 1686 530 1723 in
549 1685 635 1723 vico
655 1685 729 1722 Bezs
743 1712 755 1730 ,
777 1683 863 1722 teste
885 1684 1067 1723 Eucherio
1084 1714 1095 1732 ‚
1116 1688 1267 1736 Belgium
1291 1688 1496 1736 Romanum,
1521 1704 1607 1743 pag,

206 1749 228 1779 >1
238 1738 299 1785 84.

259 1837 369 1875 CAP.
397 1837 512 1874 LVII.
541 1839 708 1875 Nonum
733 1840 752 1885 ]
786 1838 886 1875 Bene
914 1838 1110 1876 Rhenanus
1136 1841 1170 1875 &
1196 1838 1440 1879 Recentiores.
1464 1842 1507 1879 In
1533 1843 1604 1882 Ms.

206 1887 296 1937 Reg.
319 1891 354 1925 &
378 1889 541 1926 editione
561 1888 727 1938 principe
743 1916 753 1933 ,
780 1893 921 1925 nomina.
945 1889 1014 1926 Ms.
1041 1889 1148 1926 Bodl.
1178 1893 1212 1927 <Sc
1227 1890 1463 1938 Puteolanus,
1483 1897 1602 1932 omina.

206 1938 282 1976 ΜΠ.
308 1938 413 1976 Harl.
440 1939 509 1977 Jes.
537 1942 654 1977 omnia.
676 1939 721 1975 In
743 1940 904 1989 margine
931 1940 999 1977 Ms.
1022 1940 1125 1977 Harl.
1154 1945 1272 1978 omina.

255 2037 362 2076 CAP.
390 2039 523 2077 LVIII.
552 2038 741 2076 HOSTitJM
771 2053 824 2078 UT
852 2053 973 2078 FINEM
1000 2045 1018 2090 ]
1048 2042 1105 2078 Ita
1142 2041 1224 2080 libri
1253 2057 1377 2081 omnes
1411 2045 1533 2096 scripti
1568 2050 1603 2085 δε

206 2087 309 2124 editi.
333 2089 432 2127 Male
453 2099 567 2128 tentat
589 2089 726 2138 Lipsius
742 2118 751 2134 ‚
775 2104 904 2139 portum
925 2094 961 2128 ξφ
977 2093 1093 2141 finem.
1113 2090 1157 2128 Id
1179 2094 1276 2132 enim
1290 2095 1437 2133 minime
1461 2096 1601 2133 Corne-

205 2137 342 2175 lianum
368 2139 427 2176 est.
447 2141 504 2177 Ita
522 2152 643 2178 tamen
668 2141 776 2178 vertit
805 2142 864 2179 Cl.
899 2142 1127 2180 Davanzati:
1149 2147 1183 2180 10
1213 2147 1269 2182 odo
1295 2147 1463 2183 volentieri
1488 2150 1538 2183 che
1564 2146 1603 2195 st

206 2202 294 2224 cerea
317 2191 350 2224 la
373 2203 472 2226 morte
495 2194 560 2226 mia
574 2220 585 2236 ,
609 2192 642 2226 la
664 2194 757 2239 quale
779 2196 812 2228 in
838 2194 898 2229 tali
917 2196 996 2229 mali
1019 2195 1138 2241 asperto
1158 2209 1217 2242 per
1235 2207 1328 2243 porto
1349 2210 1369 2233 a
1390 2199 1487 2245 uscire
1508 2198 1600 2245 d'af-

195 2239 309 2285 fanni.
337 2238 416 2277 Nec
437 2240 579 2278 felicius
602 2242 821 2288 conjiciebat
843 2242 938 2280 idem
967 2242 1123 2293 Lipsius,
1150 2246 1308 2295 honestam
1341 2259 1376 2282 ut
1397 2248 1511 2295 finem.
1538 2248 1598 2283 Pi-

133 2316 137 2320 .
206 2289 344 2330 chena,
372 2292 460 2327 hodie
485 2305 520 2327 ut
531 2292 649 2339 finem.
675 2291 705 2328 J.
731 2293 769 2329 F.
793 2294 1007 2330 Gronovius
1024 2324 1033 2338 ,
1061 2299 1160 2331 otium
1193 2298 1230 2333 ξφ
1246 2297 1363 2345 finem.
1391 2297 1563 2333 Trillerus
1585 2323 1596 2339 ‚

205 2339 318 2394 ostium
341 2342 517 2388 (affinem,
545 2343 651 2392 quia,
678 2343 818 2393 inquit,
847 2346 944 2391 juxta
971 2345 1115 2382 Stoicos
1138 2359 1234 2383 mors
1261 2347 1388 2383 ostium
1413 2347 1460 2383 est
1483 2347 1598 2383 felici-

206 2398 288 2426 tatis
312 2393 346 2429 ὃς
373 2391 453 2430 finis
480 2392 711 2432 miseriarum,
738 2394 795 2432 Cl.
825 2394 987 2433 Ernestus
1009 2395 1184 2436 existimat
1206 2398 1340 2447 hostium
1370 2396 1594 2445 redundare³
