2209 3047
621 185 706 221 208
903 178 951 219 C.
1019 177 1397 220 CORNELII
1461 178 1734 220 TACITI

476 280 591 300 Ξ
611 259 815 316 permixtis
833 260 994 314 paganis
1017 265 1026 281 ¹
1042 290 1056 310 ,
1084 276 1182 314 quos
1206 259 1319 300 nullo
1347 259 1574 299 discrimine
1589 257 1800 300 Vitelliani
1822 262 1994 305 trucida-

476 313 546 390 ζα
560 315 587 337 C·
612 323 719 363 bant.
734 324 814 362 Sex
830 321 1052 364 liburnieae2
1083 325 1187 364 inter
1204 325 1373 379 primum
1398 320 1615 362 tumultuin
1632 323 1790 363 evasere
1804 353 1816 373 ,
1844 325 1885 363 in
1908 325 1992 378 quis

497 372 567 437 fg]
610 386 811 442 praefectus
829 383 952 427 claffis
968 385 1213 442 Apollinaris
1228 403 1235 425 :
1258 386 1413 439 reliquae
1427 387 1467 425 in
1482 384 1599 426 litore
1614 399 1736 442 captae
1751 416 1763 437 ‚
1782 401 1849 426 aut
1866 389 1990 428 nimio

503 461 556 494 69.
611 450 815 489 ruentium
833 464 953 490 onere
974 450 1114 505 pressas
1146 463 1250 489 mare
1269 449 1406 489 hausit.
1431 448 1613 493 Julianus
1635 449 1683 490 ad
1710 450 1758 490 L.
1779 448 1992 491 Vitellium

611 512 844 568 perdufiius,
870 517 910 553 &
927 512 1154 553 verberibus
1171 511 1341 552 foedatus
1356 542 1368 562 ,
1394 513 1435 551 in
1449 527 1517 553 ore
1533 511 1616 564 ejus
1636 517 1645 540 ³
1665 510 1880 567 jugulatur.
1894 514 1993 554 Fue·
2050 521 2072 563 ς

609 590 678 625 re,
703 577 770 628 qui
801 589 967 616 uxorem
988 576 1035 615 L.
1053 574 1210 616 Vitellii
1239 575 1433 615 Triariam
1461 581 1479 604 4
1500 575 1761 626 incesserent,
1789 589 1992 629 tamquam

616 655 638 676 «
653 636 788 693 gladio
803 637 965 679 militari
980 639 1105 679 einch
1115 668 1127 688 ,
1148 639 1250 677 inter
1263 637 1411 677 lucium
1427 637 1636 692 cladesque
1651 652 1883 694 expugnata:
1898 640 1993 680 Tar-

609 705 783 742 »racinae
796 731 809 751 ,
833 700 998 757 superbe
1014 701 1190 754 saeveque
1206 701 1343 756 egisset
1358 719 1377 738 »
1390 732 1399 741 .
1419 701 1507 757 Ipse
1526 700 1701 742 lauream
1719 707 1730 732 5
1753 703 1864 756 gestae
1882 701 1993 758 pros·-

609 764 703 821 pere
718 765 774 804 rei
790 764 838 804 ad
859 764 1018 804 fratrem
1039 763 1158 803 misit:
1174 766 1450 819 percunciatuS
1464 794 1477 814 ,
1500 781 1521 800 «
1536 766 1663 804 statim
1676 765 1829 818 regredi
1856 764 1894 805 se
1909 795 1921 814 ,
1940 780 1989 805 an

608 826 919 884 »perdomandae
935 826 1161 882 Campania:
1175 827 1341 867 insistere
1357 825 1512 879 juberet
1526 844 1547 864 »
1559 858 1567 867 .
1586 827 1710 881 Quod
1724 826 1890 867 salutare
1907 842 1990 867 non
2025 839 2076 867 10

612 890 735 931 modo
757 888 931 945 partibus
951 890 1203 945 Vespasiani,
1229 889 1295 930 sed
1318 889 1546 946 reipublicae
1572 890 1669 930 fuit:
1696 905 1787 930 nam
1811 890 1837 928 si
1853 903 1991 930 recens

611 953 776 995 νίξὶοῐίἓι
792 951 906 992 miles
919 981 932 1002 ,
958 956 997 992 ὅ(
1012 982 1024 1002 ,
1048 953 1162 1008 super
1178 952 1331 992 insitam
1345 954 1632 1008 pervicaciam,
1653 952 1835 993 secundis
1851 952 1965 993 ferox
1977 981 1992 1002 ‚

610 1018 787 1058 Romam
803 1015 1066 1056 contendiffet
1080 1045 1092 1065 ,
1113 1015 1219 1055 haud
1233 1013 1352 1071 parva
1368 1014 1475 1055 mole
1491 1028 1686 1056 certaturn
1700 1044 1713 1064 ,
1734 1029 1808 1055 nec
1822 1015 1899 1055 sine
1914 1016 1994 1055 exi-

610 1082 670 1121 tio
698 1078 814 1119 Urbis
844 1079 970 1119 foret:
999 1079 1145 1133 quippe
1173 1078 1222 1119 L.
1250 1077 1446 1128 Vitellio,
1473 1079 1652 1131 quamvis
1677 1077 1842 1128 infami,
1867 1079 1994 1119 inerat

610 1143 819 1184 industria:
846 1157 921 1182 nec
937 1140 1149 1182 virtutibus
1160 1170 1174 1192 ,
1195 1153 1238 1181 ut
1252 1139 1375 1192 boni,
1395 1141 1461 1182 sed
1475 1140 1679 1196 quomodo
1693 1140 1874 1197 pessimus
1889 1141 1994 1196 quis-
2025 1149 2040 1176 1
2051 1144 2080 1191 ς’

611 1220 688 1261 que
701 1235 714 1256 ,
742 1206 848 1246 vitiis
865 1204 1035 1246 valebat.

674 1267 952 1309 LXXVHL
986 1269 1104 1308 DUM
1128 1270 1211 1310 haec
1241 1268 1281 1308 in
1299 1268 1474 1324 partibus
1499 1266 1658 1310 Vitellii
1687 1280 1905 1324 geruntur,
1933 1267 1994 1308 di-

611 1332 758 1388 gressus
772 1330 924 1372 Narnia
937 1331 1164 1387 Vespasiani
1178 1334 1398 1382 exercitus,
1418 1332 1534 1373 festos
1548 1333 1707 1372 Saturni
1720 1332 1803 1372 dies
1818 1331 1855 1381 ⁶,
1879 1331 1995 1372 Ocri-

610 1395 693 1437 culi
711 1400 724 1422 ⁷
735 1424 748 1444 ,
768 1409 837 1450 per
852 1395 979 1435 otium
990 1423 1002 1445 ,
1024 1394 1211 1449 agitabat.
1229 1395 1356 1436 Causa
1371 1408 1451 1436 tam
1467 1410 1593 1450 pravae
1611 1410 1728 1436 mora:
1742 1425 1755 1445 ,
1776 1408 1820 1434 ut
1836 1395 1994 1435 Mucia-

610 1474 706 1499 num
724 1459 1010 1513 opperirentur.
1032 1459 1125 1498 Nec
1150 1457 1337 1508 defuere,
1365 1459 1432 1512 qui
1454 1459 1679 1498 Antonium
1702 1456 1994 1512 suspicionibus
2021 1465 2078 1494 20

610 1534 822 1577 arguerent
834 1549 847 1571 ,
872 1534 1074 1575 tamquam
1090 1537 1112 1557 «
1131 1519 1228 1561 dolo
1245 1522 1496 1562 cun&anrem
1511 1551 1524 1571 ,
1550 1522 1634 1577 post
1651 1521 1818 1561 secretas
1837 1518 1993 1562 Vitellii

610 1582 825 1642 »epistolas
837 1613 850 1634 ,
876 1583 1017 1638 quibus
1034 1582 1285 1625 consulatum
1301 1613 1313 1635 ,
1338 1588 1378 1624 ὅ(
1406 1583 1582 1624 nubilem
1600 1583 1720 1624 filiam
1735 1612 1749 1633 ,
1775 1587 1815 1623 ὃ(
1839 1580 1993 1623 dotales

610 1666 633 1686 »
645 1663 740 1704 opes
753 1676 767 1697 ,
794 1649 965 1703 pretium
981 1647 1219 1703 proditionis
1233 1676 1246 1698 ,
1276 1646 1468 1688 offerebat
1483 1664 1504 1684 »
1516 1678 1526 1687 .
1541 1645 1625 1686 Alii
1638 1676 1652 1697 ,
1675 1664 1696 1683 «
1717 1647 1804 1686 ficia
1818 1647 1902 1686 haec
1915 1675 1927 1696 ,
1950 1649 1993 1686 &

609 1713 683 1751 »in
703 1711 871 1766 gratiam
886 1711 1070 1751 Muciani
1092 1711 1312 1766 composita
1329 1728 1370 1751 >›,
1390 1710 1565 1765 Quidam
1580 1740 1592 1760 ,
1616 1726 1637 1746 «
1660 1711 1839 1750 omnium
1862 1709 1902 1749 id
1919 1708 1993 1749 du-

610 1792 632 1812 »
644 1790 736 1816 cum
752 1772 959 1814 consilium
974 1773 1084 1814 fuisse
1099 1804 1111 1823 ,
1132 1775 1325 1814 ostentare
1339 1775 1471 1829 potitis
1487 1773 1584 1813 Urbi
1600 1771 1751 1812 bellum
1763 1801 1775 1822 ,
1796 1771 1913 1825 quarn
1929 1773 1990 1811 in-
2021 1778 2080 1819 25

610 1854 632 1875 »
642 1838 765 1878 ferre:
790 1837 949 1890 quando
966 1835 1203 1877 validiffimoe
1221 1839 1407 1878 cohortes
1423 1852 1443 1877 a
1458 1835 1628 1878 Vitellio
1644 1834 1895 1876 descivissent
1907 1863 1919 1884 ,
1948 1838 1990 1875 6<

610 1900 798 1941 »abscisis
823 1899 1007 1940 omnibus
1037 1900 1241 1955 praesidiis,
1274 1899 1444 1941 cessurus
1474 1899 1642 1954 imperio
1671 1897 1891 1938 videbatur.
1910 1896 1991 1938 Sed

610 1965 783 2006 »cunfia
809 1962 1059 2003 festinatione
1079 1993 1091 2013 ,
1130 1963 1273 2003 deinde
1301 1959 1460 2017 ignavia
1484 1961 1622 2003 Sabini
1650 1974 1857 2016 corrupta:
1885 1962 1953 2014 qui
1975 1988 1991 2010 ,

609 2026 807 2082 »sumptis
826 2039 974 2067 temere
991 2027 1132 2077 armis,
1157 2026 1450 2067 munitissimam
1473 2022 1666 2081 Capitolii
1686 2038 1818 2065 arcem
1832 2052 1846 2075 ,
1873 2027 1913 2064 ὃς
1938 2037 1990 2064 ne

653 2124 661 2137 ¹
687 2119 820 2149 Paeimis
838 2120 851 2156 ]
869 2118 979 2157 Pagani
1003 2118 1203 2153 dicebantur,
1228 2118 1280 2158 qui
1319 2120 1366 2153 11,
1384 2121 1434 2156 63.
1979 2153 1988 2160 .

612 2166 773 2188 nonerant
787 2158 1002 2188 milites.Vidc
1016 2158 1182 2196 supi-aHist.
1195 2159 1218 2194 Ι,
1235 2168 1280 2197 53.
1359 2163 1367 2184 5
1394 2159 1583 2193 LAUREAM]
1607 2157 1773 2187 Laureatas
1798 2155 1920 2191 literas,
1944 2164 1989 2184 rei

651 2202 664 2216 ²
688 2198 893 2231 LlssURNchfi]
918 2198 964 2228 De
987 2197 1149 2227 liburnicis
1166 2197 1281 2228 dicium
1319 2196 1460 2236 prospere
1488 2197 1573 2235 gestae
1610 2196 1756 2226 nuntias:
1783 2195 1820 2225 de
1848 2194 1908 2224 hoc
1935 2193 1989 2224 usu

611 2236 726 2266 Annal.
749 2238 820 2267 XVI
834 2258 842 2271 ,
869 2247 915 2274 14.
1320 2236 1390 2267 vide
1412 2237 1667 2274 Supplementum
1683 2235 1794 2264 Annal.
1808 2235 1896 2270 viil,
1915 2236 1964 2262 26.

652 2281 662 2302 3
686 2277 719 2305 Iu
740 2286 803 2306 ORE
827 2287 895 2308 Ejus
921 2277 935 2312 ]
960 2274 1009 2305 Sic
1033 2274 1128 2313 vulgi)
1160 2275 1281 2305 Hebraei
1358 2276 1372 2295 ⁶
1392 2277 1528 2305 SATURNJ
1562 2286 1631 2305 miss
1665 2280 1675 2310 ]
1711 2273 1881 2316 Saturnalia
1915 2271 1987 2314 XVI

611 2308 697 2347 5295.
717 2314 831 2344 Pariter
849 2316 984 2347 Seneca,
1001 2314 1038 2344 de
1054 2314 1189 2344 Benefic.
1201 2316 1257 2345 vii
1271 2338 1279 2351 ,
1318 2315 1386 2345 Kal.
1402 2314 1537 2344 Januarii
1552 2337 1560 2350 ‚
1578 2314 1627 2344 seu
1648 2325 1684 2352 17
1699 2313 1878 2343 Decembris
1890 2333 1898 2346 ‚
1914 2310 1985 2339 die-

613 2364 663 2389 19.
683 2353 717 2382 Iri
730 2363 773 2382 ore
790 2362 933 2389 parentum
944 2353 1022 2397 ᾔίἱοξ
1031 2355 1152 2392 jugulat.
1318 2354 1434 2392 busque
1450 2353 1648 2392 sequentibus
1667 2353 1914 2383 celebrabantur.

648 2396 663 2415 4
684 2393 856 2422 Tizmnmm
877 2394 889 2429 ]
918 2392 1054 2427 Triaria,
1082 2392 1162 2422 ultra
1185 2391 1280 2421 femi-
1357 2399 1369 2417 7
1392 2394 1576 2429 Ocnicou]
1601 2394 1694 2424 Nunc
1715 2390 1849 2424 Oti-icon,
1871 2388 1942 2417 dans
1964 2387 1989 2416 le

609 2440 682 2463 nain
702 2431 813 2471 ferox;
836 2440 869 2464 ut
893 2431 1009 2463 dierum
1033 2431 1073 2463 est
1098 2431 1186 2470 supra}
1205 2431 1280 2461 Hist.
1318 2430 1422 2462 Duche'
1439 2430 1471 2460 de
1484 2430 1603 2468 Spoleze.

1801 2471 1989 2527 »magnis
