2230 3047
179 519 203 559 5

156 837 207 864 10

159 1153 207 1194 15

155 1472 211 1500 20

356 171 831 218 HISTORIARUM
869 170 1070 214 LIBER
1110 166 1462 216 SECUNDUS.
1560 184 1616 224 95

230 255 348 314 super
367 257 595 298 Othoniani
615 255 719 312 pila,
741 254 886 296 librato
903 254 1028 308 magis
1046 256 1086 293 ὃς
1101 267 1212 294 certo
1233 255 1309 294 istu
1325 285 1338 306 ,
1362 255 1547 296 adversus
1561 266 1622 296 te·
1645 267 1759 274 --

231 336 340 362 mere
360 320 572 362 subeuntes
596 322 783 361 cohortes
807 320 1102 360 Germanorum
1116 346 1129 367 ‚
1151 331 1271 358 cantu
1293 320 1423 369 truci,
1448 323 1488 360 ὅ(
1510 332 1621 360 more

233 386 390 440 patrio,
415 384 531 425 nudis
558 382 821 439 corporibus,
850 383 966 438 super
987 382 1175 421 humeros
1202 380 1312 422 scuta
1343 384 1621 435 quatientium.

230 448 519 503 Legionarius,
542 446 686 503 pluteis
705 450 746 486 &
761 445 934 487 cratibus
949 445 1074 486 tebius
1086 474 1100 496 ,
1119 443 1270 484 subruit
1287 459 1420 486 muros
1434 476 1447 495 ,
1468 447 1623 487 instruit

234 526 421 566 aggerem
435 540 448 561 ,
468 510 634 551 molitur
648 523 794 566 portas.
815 508 969 550 Contra
982 509 1205 565 praetoriani
1222 508 1428 564 dispositos
1443 510 1491 550 ad
1507 510 1545 550 id
1562 511 1623 566 ip-

233 575 321 615 sum
342 573 511 615 molares
535 579 544 595 ¹
562 603 575 624 ‚
600 574 757 627 ingenti
777 572 953 629 pondere
974 587 1021 613 ac
1036 572 1193 626 fragore
1209 601 1222 621 ,
1243 570 1509 627 provolvunt:
1535 589 1624 629 pars

235 637 493 679 subeuntium
514 636 665 677 obruti:
684 651 770 692 pars
787 636 959 686 confixi,
978 640 1017 676 ὃ(
1031 635 1272 690 exsangues,
1289 648 1356 676 aut
1369 633 1513 685 laceri,
1531 640 1623 677 cnm

236 714 401 757 augeret
420 701 588 755 stragem
609 699 847 756 trepidatio,
867 699 996 753 eoque
1022 700 1149 740 acrius
1171 713 1193 739 e
1215 697 1417 739 moenibus
1440 698 1626 741 vulnera-

234 778 398 816 rentur,
423 764 604 814 rediere,
633 761 793 804 infrae‘h'i
828 764 999 819 partium
1025 760 1141 803 fama.
1164 761 1216 802 Et
1247 762 1408 803 Caecina
1427 791 1440 812 ,
1471 763 1625 818 pudore

237 841 380 884 coeptae
401 840 552 868 temere
573 827 914 883 oppugnationis,
938 841 987 866 ne
1011 826 1152 866 inrisus
1170 841 1216 866 ac
1238 840 1363 866 vanus
1378 825 1517 866 iisdem
1540 826 1625 866 cas-

236 893 308 933 tris
330 890 546 941 adsideret,
570 889 734 943 traje&o
761 890 889 930 rursus
909 889 1041 939 Pado,
1065 889 1310 930 Cremonam
1333 902 1467 945 petere
1492 890 1625 929 inten-

236 955 308 996 dit.
336 954 555 995 Tradidere
578 955 660 996 sese
684 953 846 994 abeunti
865 951 1073 994 Turullius
1103 952 1271 994 Cerialis
1286 982 1299 1003 ,
1326 967 1419 993 cum
1443 951 1628 1008 complu-

241 1017 349 1059 ribus
369 1016 534 1059 classicis
550 1047 562 1068 ,
590 1022 632 1059 &
658 1016 788 1061 Julius
819 1017 1074 1072 Briganticus
1090 1046 1103 1066 ,
1133 1031 1225 1057 cum
1255 1018 1392 1072 paucis
1414 1017 1594 1071 equitum
1617 1033 1624 1056 :

238 1082 306 1122 hic
330 1081 530 1137 praefefi‘ms
551 1080 619 1122 alae
633 1111 646 1132 ,
666 1082 707 1120 in
725 1081 884 1122 Batavis
900 1080 1079 1134 genitus;
1097 1078 1165 1120 ille
1187 1078 1463 1135 primipilaris,
1481 1083 1521 1120 ὅ(
1539 1079 1625 1119 Ca:-

241 1145 338 1185 cinae
360 1145 465 1185 haud
486 1143 638 1185 alienus
652 1174 664 1194 ,
693 1144 802 1198 quod
824 1144 983 1184 ordines
1006 1147 1019 1163 ²
1043 1144 1084 1182 in
1113 1142 1331 1184 Germania
1351 1143 1530 1184 duxerat.

303 1207 487 1248 XXIII.
521 1209 799 1257 SPURINNA,
822 1219 1033 1264 comperto
1051 1207 1193 1246 itinere
1210 1207 1404 1257 hostium,
1424 1207 1626 1248 defensam

240 1268 515 1322 Placentiam,
543 1285 704 1326 quaeque
733 1272 840 1321 affra,
869 1275 909 1311 &
943 1270 1038 1324 quid
1055 1269 1215 1310 Caecina
1239 1283 1392 1326 pararet
1407 1299 1420 1319 ,
1447 1271 1629 1310 Annium

243 1333 410 1375 Gallum
434 1350 505 1392 per
527 1333 660 1376 literas
682 1334 817 1375 docet.
844 1331 988 1375 Gallus
1015 1332 1220 1389 legionem
1248 1335 1418 1390 primam
1440 1335 1481 1373 in
1511 1335 1626 1374 auxi-

240 1396 342 1438 lium
379 1396 592 1439 Placentiae
624 1397 797 1439 ducebat
820 1427 833 1448 ,
861 1397 1010 1438 diffisus
1049 1398 1250 1452 paucitate
1291 1398 1549 1447 cohortium,
1578 1412 1628 1438 ne

241 1459 405 1516 longius
432 1461 654 1513 obsidium,
676 1465 715 1502 &
748 1462 831 1502 vim
861 1461 1096 1502 Germanici
1124 1461 1323 1501 exercitus
1353 1475 1492 1516 parum
1523 1459 1628 1501 tole-

241 1537 401 1566 rarent:
431 1523 500 1565 ubi
535 1525 692 1582 pulsum
722 1525 925 1566 Caecinam
965 1538 1130 1580 pergere
1163 1523 1409 1565 Cremonam
1440 1525 1627 1580 accepit,

242 1602 345 1644 aegre
370 1590 593 1630 coercitam
619 1588 825 1643 legionem
841 1618 854 1638 ,
876 1592 915 1629 ὃ(
932 1587 1138 1643 pugnandi
1167 1587 1305 1628 ardore
1322 1587 1445 1641 usque
1463 1587 1511 1628 ad
1526 1588 1629 1628 sedi-

241 1652 397 1692 tionem
423 1652 693 1709 progressam,
722 1651 908 1692 Bebriaci
936 1656 944 1679 ³
974 1651 1078 1691 fistit.
1098 1651 1208 1691 Inter
1225 1652 1430 1692 Veronam
1456 1651 1630 1692 Cremo-

244 1729 417 1769 namque
433 1715 524 1756 situs
541 1717 593 1756 est
609 1716 722 1756 vicus
736 1745 749 1766 ,
765 1714 916 1756 duabus
931 1712 1011 1766 jam
1032 1715 1228 1755 Romanis
1252 1713 1432 1755 cladibus
1445 1720 1462 1743 4
1482 1728 1602 1756 notus
1615 1744 1629 1766 ,

243 1778 523 1833 infaustusque.
551 1779 698 1820 Iisdem
731 1778 895 1829 diebus,
922 1793 943 1818 a
969 1778 1122 1818 Martio
1150 1778 1322 1827 Macro,
1351 1777 1457 1819 haud
1485 1778 1629 1834 procul

244 1840 446 1883 Cremona
458 1872 472 1893 ,
495 1843 682 1899 prospere
699 1855 921 1898 pugnatum
936 1859 942 1881 :
972 1856 1142 1895 namque
1158 1855 1366 1898 promptus
1382 1843 1503 1882 animi
1518 1843 1630 1882 Mar—

243 1906 322 1947 tius
344 1935 359 1957 ,
398 1906 641 1947 transvefitos
684 1905 850 1947 navibus
895 1905 1137 1961 gladiatores
1159 1935 1173 1956 ,
1211 1906 1253 1945 in
1291 1905 1494 1946 adversam
1532 1906 1629 1947 Padi

283 2009 293 2024 ¹
317 2004 503 2042 Momnzs]
531 2005 644 2044 Supra,
675 2004 818 2043 immenfizr
843 2003 916 2041 lapi-

246 2042 266 2073 d
373 2042 382 2071 l
957 2006 1048 2036 brum
1060 2028 1068 2040 ‚
1081 2002 1199 2043 Historia
1211 2002 1239 2031 cii
1251 2002 1385 2032 Cremona
1395 2027 1404 2040 ‚
1418 2004 1517 2034 edidit
1528 2028 1536 2040 ,
1553 2004 1631 2034 exis—

268 2054 311 2073 um
330 2053 370 2072 mo
384 2053 423 2073 es.

959 2044 1074 2074 timass‘c
1084 2043 1268 2074 Bebriacum
1281 2043 1337 2073 effe
1348 2043 1453 2074 locum
1463 2068 1471 2081 ,
1482 2043 1534 2083 qui
1548 2054 1632 2073 nunc

285 2086 296 2100 ²
319 2084 417 2121 Quon
440 2083 606 2119 onmrnzs]
636 2081 836 2120 Primipilaris
855 2090 919 2113 erat

247 2121 375 2153 ordines
388 2122 511 2153 ducere.
536 2123 583 2153 De
601 2122 843 2161 primipilaribus
857 2123 919 2160 jam

247 2161 366 2192 dietum
385 2161 563 2198 Annal.11‚
586 2172 632 2191 11.
655 2162 689 2192 8:
710 2163 784 2198 XV,
812 2172 858 2191 12.

289 2206 298 2227 ³
322 2202 499 2238 Bssssnmci]
517 2203 611 2232 Vetus
629 2200 810 2232 Scholiastes
825 2203 919 2231 Juve-

247 2240 350 2275 naus,
373 2240 511 2270 laudatus
539 2240 569 2270 su
594 2242 625 2270 ra
655 2240 735 2271 inter
765 2240 921 2271 Testimo—

248 2279 301 2310 nia
322 2281 472 2311 Ve'terum
486 2303 494 2316 ,
512 2279 555 2310 ait
601 2279 737 2309 ebriacum
766 2280 854 2308 vicum
874 2280 920 2319 eff?

248 2329 266 2348 a
287 2318 422 2349 Cremona
450 2318 570 2358 vict—’fimo
602 2318 700 2356 lapide.
735 2319 920 2354 Cluverius,

249 2359 319 2389 Ital.
355 2358 462 2398 Antiq.
493 2360 536 2396 l,
567 2362 605 2389 26
625 2382 634 2395 ‚
668 2360 780 2399 probat
814 2359 920 2389 locum

250 2397 332 2428 hunc
346 2398 404 2429 effe
415 2408 546 2438 pagum,
566 2409 649 2429 nunc
675 2399 788 2429 dierum
805 2398 920 2429 Canem.

250 2437 349 2469 Miror
381 2438 430 2470 Cl.
464 2440 606 2479 Campo,
629 2438 683 2479 qui
709 2438 867 2479 egregium
883 2438 922 2469 li-

959 2084 1073 2114 dicitur
1093 2082 1188 2120 Βίων,
1214 2083 1300 2122 quod
1320 2093 1423 2123 neque
1440 2094 1509 2114 cum
1528 2083 1631 2113 Taciti

960 2122 1137 2153 narratione
1150 2145 1158 2158 ,
1172 2132 1274 2161 neque
1287 2132 1358 2152 cum
1377 2123 1482 2154 tabula
1495 2125 1632 2161 Gcogra-

959 2162 1068 2202 phica,
1089 2172 1179 2202 quam
1202 2162 1263 2201 ipse
1285 2162 1334 2192 Cl.
1351 2163 1472 2203 Campo
1494 2163 1631 2203 publica—

960 2202 1006 2233 vit
1017 2226 1025 2239 ‚
1041 2202 1225 2232 concordat.

1000 2246 1014 2265 4
1034 2242 1161 2271 Dunssus
1186 2252 1245 2274 JAM
1275 2240 1420 2271 Ronanus
1446 2240 1630 2276 emmaus]

961 2281 1142 2312 Othoniana
1174 2282 1208 2312 &
1234 2279 1413 2311 vitelliana.
1445 2280 1525 2311 Vide
1552 2280 1632 2309 infr-[1

962 2321 1035 2351 Hist.
1052 2322 1093 2350 ΠΙ
1109 2345 1117 2357 ,
1140 2332 1179 2350 20
1196 2322 1229 2351 ὃς
1249 2320 1332 2359 seqq.
1345 2319 1556 2351 Bebriacenfia
1568 2319 1631 2350 haec

961 2361 1044 2390 bella
1070 2368 1224 2391 memorat
1248 2359 1363 2389 Plinius
1385 2362 1431 2395 X,
1455 2371 1511 2397 49,
1537 2368 1633 2397 quem

962 2400 1034 2469 Iside
1065 2400 1144 2431 infra
1173 2400 1253 2431 inter
1280 2401 1442 2430 Anecdota
1470 2399 1507 2428 dc
1538 2398 1634 2429 vitei--

975 2450 1020 2471 10.

1644 303 1675 328 A.
1687 304 1716 327 U.
1728 303 1760 327 C.

1667 352 1739 381 822.

1671 404 1693 428 J.
1712 406 1741 430 C.

1677 458 1728 490 69.
