2230 3047
459 298 574 313 z

459 324 490 350 A.
503 327 530 349 U.
543 326 574 349 C.

485 375 556 402 822.

484 425 550 448 J.C.

491 473 542 508 69.

595 203 654 239 90
865 186 913 227 c,
974 165 1389 229 CORNELII
1443 184 1747 228 TACITI

597 270 869 311 Treverorum
894 273 903 291 ἰ
930 266 1058 321 alam,
1088 286 1178 312 cum
1212 268 1322 315 Julio
1345 266 1516 308 Claffico
1532 296 1544 317 ‚
1570 266 1753 323 praefecto
1769 294 1782 316 ,
1809 266 1934 307 misit:
1955 280 1978 308 e

599 333 739 388 quibus
756 347 842 388 pars
857 333 897 373 in
918 332 1080 374 coloni&
1096 332 1359 385 Forojuliensi
1378 335 1389 351 ²
1406 344 1560 371 retenta
1576 360 1589 381 ,
1613 344 1663 370 ne
1677 359 1690 380 ‚
1713 327 1897 370 omnibus
1915 344 1982 370 co-

599 398 674 453 piis
708 397 749 436 in
780 396 958 438 terrestre
989 398 1063 438 iter
1097 397 1238 444 versis,
1268 409 1398 435 vacuo
1419 395 1518 435 mari
1542 398 1552 421 ³
1578 392 1701 434 claffis
1723 390 1979 433 adceleraret.

599 459 832 502 Duodecim
849 461 1026 515 equitum
1039 475 1173 501 turniae
1184 490 1196 511 ,
1213 464 1252 500 &
1270 458 1360 498 leeti
1378 473 1398 498 e
1417 456 1673 507 cohortibus,
1695 455 1877 497 adversiis
1893 455 1982 495 hos-

599 537 682 564 tem
705 525 805 564 iere:
832 523 972 577 quibus
1000 522 1181 575 adjuntsta
1203 523 1399 576 Ligurum
1427 523 1599 570 cohors,
1624 533 1739 560 vetus
1761 518 1844 559 loci
1866 519 1980 559 auxi-

600 586 701 626 lium
721 591 739 615 4
753 616 767 637 ‚
792 591 832 627 ὃς
851 588 1061 641 quingenti
1076 587 1272 627 Pannonii
1289 585 1469 625 nondum
1489 583 1557 623 sub
1578 583 1695 637 lignis
1716 587 1743 623 5.
1762 583 1855 623 Nec
1872 596 1982 622 mora

602 648 751 706 proelio
768 649 807 690 ⁶:
833 649 901 690 sed
923 651 1008 690 acie
1033 651 1087 690 ita
1108 647 1289 689 instrue-RS.
1311 653 1325 675 ⁷
1341 677 1354 698 ,
1376 661 1420 688 ut
1441 662 1528 704 pars
1550 645 1798 687 classicorum
1812 674 1825 695 ,
1846 646 1981 685 mixtis

602 713 764 769 paganis
790 709 804 733 ⁸
822 742 835 762 ‚
858 713 899 751 in
918 711 1043 752 colles
1060 713 1157 752 mari
1179 712 1423 767 propinquos
1440 710 1668 765 exsurgeret
1681 739 1693 759 ‚
1713 721 1903 763 quantum
1924 709 1984 747 in-

602 788 663 816 ter
685 773 811 816 colles
833 790 879 815 ac
901 774 993 815 litus
1017 777 1115 828 aequi
1145 773 1228 815 loci
1245 804 1257 824 ,
1286 774 1540 830 praetorianus
1568 771 1683 813 miles
1710 771 1888 828 expleret
1905 801 1916 822 ‚
1941 772 1983 810 in

602 838 690 894 ipso
706 839 804 878 mari
824 842 839 865 9
856 850 899 877 ut
916 837 1069 878 adnexa
1084 836 1207 878 claffis
1222 841 1262 878 ἃ
1279 851 1418 892 pugna:
1435 849 1568 893 parata
1580 866 1593 886 ,
1617 835 1808 877 convers&
1822 864 1834 885 ,
1859 838 1898 875 ὅ(
1915 834 1984 874 mi-

604 903 696 942 naci
718 901 849 940 fronte
882 901 1200 956 praetenderetur.
1221 898 1457 949 Vitelliani,
1483 898 1624 953 quibus
1647 900 1778 938 minor
1805 897 1986 953 peditum

604 966 663 1004 vis
679 994 692 1014 ‚
721 965 762 1002 in
783 964 915 1016 equite
937 963 1083 1013 robur,
1110 962 1283 1019 Alpinos
1305 963 1497 1018 proximis
1518 960 1620 1016 jugis
1634 991 1647 1012 ,
1676 962 1864 1002 cohortes
1886 960 1985 1001 den—

606 1026 650 1067 fis
675 1025 877 1066 ordinibus
895 1027 978 1082 post
996 1028 1171 1080 equitem
1191 1025 1341 1066 locant.
1361 1025 1633 1065 Treverorum
1647 1037 1783 1064 turmae
1804 1022 1987 1064 obtulere

605 1089 645 1129 se
662 1090 761 1129 hosti
784 1089 944 1129 incaute
959 1119 972 1139 ,
994 1091 1085 1129 cum
1101 1090 1304 1144 exciperet
1321 1086 1460 1128 contria
1482 1100 1691 1127 veteranus
1714 1084 1827 1126 miles
1841 1115 1853 1136 ,
1875 1084 1988 1125 simul

605 1166 628 1192 a
645 1151 769 1192 latere
790 1151 890 1192 saxis
911 1165 1070 1206 urgeret
1091 1164 1182 1207 apta
1199 1152 1247 1192 ad
1261 1149 1490 1202 jaciendum
1511 1151 1631 1190 etiam
1647 1164 1893 1205 paganorum
1910 1164 1988 1190 ma-

606 1229 696 1255 nus:
718 1214 785 1268 qui
799 1214 913 1270 sparsi
926 1216 1028 1256 inter
1041 1213 1248 1265 milites10,
1268 1214 1412 1254 strenui
1427 1214 1639 1268 ignavique
1654 1213 1696 1252 in
1709 1211 1987 1253 vietorifiidem

605 1276 818 1318 audebant.
839 1277 1009 1318 Additus
1029 1277 1216 1333 perculsis
1235 1282 1263 1299 Π
1283 1290 1431 1326 terror,
1451 1274 1605 1316 invetTtss
1621 1276 1662 1315 in
1683 1290 1795 1330 terga
1814 1290 1990 1331 pugnan-

604 1342 706 1380 tium
724 1339 854 1380 classe.
867 1341 928 1381 Ita
943 1341 1119 1394 undique
1134 1339 1272 1382 clausi:
1296 1338 1514 1393 deletaeque
1532 1353 1670 1379 omnes
1689 1340 1813 1394 copiae
1830 1338 1963 1379 forent
1975 1367 1989 1388 ‚

607 1404 649 1443 ni
677 1404 867 1443 vitiorem
891 1405 1112 1444 exercitum
1137 1402 1353 1444 attinuisset
1382 1402 1597 1443 obscurum
1619 1403 1742 1443 noffis
1758 1431 1771 1453 ,
1803 1400 1988 1442 obtentui

606 1465 852 1521 fugientibus
876 1470 922 1507 ¹².

671 1529 772 1571 XV.
807 1531 850 1570 N
859 1541 912 1569 Ec
936 1528 1175 1580 Vitelliani,
1201 1542 1439 1584 quamquam
1467 1528 1559 1569 vieti
1573 1557 1586 1578 ,
1611 1526 1819 1582 quievere:
1849 1528 1989 1568 accitis

608 1590 792 1643 auxiliis,
817 1593 1000 1633 securum
1019 1593 1198 1643 hostem,
1226 1607 1272 1633 ac
1296 1591 1473 1632 successu
1493 1605 1626 1632 rerum
1648 1590 1852 1632 socorditls
1875 1605 1993 1645 agen-

610 1765 638 1796 Τ
651 1732 660 1746 ¹
685 1728 919 1759 TREVERORUM
935 1728 950 1764 ]
967 1727 1100 1759 Treveri
1115 1750 1124 1764 ‚
1141 1726 1168 1755 la
1187 1725 1241 1755 cite'
1251 1726 1284 1755 de

637 1776 723 1795 rever.

651 1812 663 1824 ²
695 1807 843 1836 Cor-oum
872 1806 1107 1838 Fonosuufflm
1135 1806 1150 1842 ]
1189 1805 1284 1836 Nunc

612 1844 718 1882 Frejus.
743 1845 790 1875 lbi
813 1845 906 1876 claffis
931 1846 1147 1876 Romanorum
1167 1856 1177 1883 ;
1201 1845 1284 1875 unde

612 1885 676 1914 haec
693 1884 823 1915 colonia
841 1884 1001 1915 dicebatur
1015 1885 1130 1916 classica
1142 1908 1151 1922 ‚
1172 1892 1205 1915 ut
1226 1885 1287 1915 ob-

612 1924 767 1955 servatum
788 1924 874 1963 supra
896 1924 1008 1954 Annal.
1030 1927 1095 1961 IV,
1120 1934 1148 1964 5.

655 1968 665 1988 3
692 1965 804 1994 VAcuo
829 1964 937 2000 MARI]
954 1963 1057 1994 Nullis
1079 1961 1223 2004 praefidiis
1235 1963 1288 1993 de-

614 2001 704 2032 fenso
729 2002 833 2033 litore.

652 2046 668 2064 4
694 2044 797 2071 Verus
821 2052 892 2072 Loci
916 2042 1105 2078 Auxuium]
1123 2043 1221 2072 Vetus
1232 2049 1286 2070 au-

614 2079 727 2110 xilium
741 2081 876 2111 colonia:
887 2081 1121 2119 Forojulienfis.
1141 2081 1287 2120 Ligures,

613 2119 705 2148 I'Erat
718 2118 749 2148 de
760 2119 852 2148 Gener
861 2143 868 2156 ‚
882 2120 945 2151 &c-

657 2164 665 2185 5
692 2159 837 2188 Nouuum
861 2170 914 2188 sus
938 2170 1038 2190 smmis
1058 2161 1071 2197 ]
1088 2159 1289 2197 Quingentie

615 2198 738 2228 delectu
752 2198 935 2229 Pannonico
950 2220 958 2232 ‚
981 2198 1080 2229 adhuc
1104 2198 1221 2228 tirones
1232 2222 1240 2235 ,
1255 2208 1289 2228 ac

618 2237 752 2276 proinde
775 2238 917 2267 nondum
939 2238 992 2268 sub
1017 2237 1119 2277 fignis.
1141 2237 1221 2269 Vide
1243 2237 1290 2268 su-

616 2277 671 2316 prii
689 2277 798 2306 Annal.
816 2278 861 2312 ΙΙ,
880 2279 919 2314 78
940 2277 975 2307 ὃς
993 2279 1042 2306 80.

656 2317 669 2334 ⁶
690 2316 815 2346 Pnortio
829 2318 842 2354 ]
858 2317 1027 2355 Pugnatum
1039 2339 1046 2352 ,
1063 2324 1096 2346 ut
1122 2326 1160 2346 ex
1183 2314 1287 2345 Taciti

617 2354 828 2392 descriptione
847 2363 949 2394 patet,
980 2355 1062 2385 inter
1088 2354 1264 2393 Antipolim
1278 2378 1286 2391 ,

1347 1731 1374 1771 ‘7
1397 1727 1474 1756 Acie
1499 1736 1551 1757 ΙτΑ
1571 1727 1769 1763 ιιιετκυετᾼ]
1793 1725 1868 1756 Acie
1882 1723 1992 1755 Otho-

1322 1775 1502 1796 manorum.

1363 1805 1374 1824 Β
1397 1805 1515 1835 Mixris
1537 1803 1810 1842 PAGANis]Pagani
1827 1802 1989 1836 dicuntur,

1325 1843 1388 1912 qu}t
1401 1854 1467 1875 non
1498 1843 1567 1874 sunt
1593 1842 1719 1874 milites.
1750 1843 1797 1873 De
1827 1841 1873 1872 his
1902 1841 1992 1881 plura

1324 1883 1364 1914 Hi
1392 1885 1441 1920 .1‚
1480 1893 1509 1920 3.

1365 1928 1378 1947 9
1399 1924 1431 1952 lu
1454 1893 1519 1953 riso
1544 1932 1625 1951 mim
1642 1922 1655 1958 ]
1673 1921 1709 1950 In
1729 1919 1794 1959 ipso
1816 1919 1893 1950 mari
1917 1930 1992 1958 prae-

1325 1962 1512 1993 tendebatur
1539 1959 1722 1991 Othoniana
1757 1959 1868 1996 claffis,
1902 1959 1991 1990 litori

1327 2002 1462 2037 adnexa,
1476 2010 1583 2041 pugnae
1603 2007 1724 2039 parata,
1738 2008 1805 2029 non
1820 1999 1972 2038 puppibus
1982 2022 1993 2036 ,

1327 2049 1360 2071 ut
1381 2041 1414 2070 in
1428 2050 1503 2079 pace
1516 2064 1525 2077 ,
1541 2039 1592 2069 sed
1604 2038 1702 2078 proris
1718 2037 1895 2077 rostrisque,
1908 2046 1942 2069 ut
1959 2038 1994 2068 in

1326 2080 1430 2115 bello,
1449 2078 1602 2112 obversis,
1620 2079 1654 2110 &
1667 2077 1781 2107 minaci
1803 2076 1919 2108 fronte.

1368 2125 1395 2138 ¹0
1417 2120 1515 2149 INTER
1540 2119 1700 2154 murts]
1735 2116 1973 2147 Othonianos.

1370 2164 1394 2178 ¹¹
1420 2158 1620 2194 Pencursis]
1643 2155 1830 2187 Vitellianis.

1370 2201 1394 2217 ¹²
1407 2199 1568 2228 Onnum
1592 2200 1810 2230 ruerem-mus]
1824 2195 1996 2226 Obscurum

1329 2236 1427 2267 noetis
1441 2236 1521 2274 juvit
1535 2235 1721 2267 Vitellianos
1733 2258 1742 2271 ‚
1757 2243 1791 2264 ut
1812 2234 1932 2265 facilius
1949 2242 1996 2263 tu-

1327 2276 1449 2315 rixisque
1466 2275 1617 2315 fugerent.
1637 2274 1687 2305 Sic
1707 2274 1861 2304 Sallustius
1874 2274 1994 2312 Fragm.

1328 2315 1401 2345 Hist.
1424 2317 1484 2350 Vl,
1507 2318 1554 2354 58.
1576 2313 1689 2343 'Fabella
1712 2312 1831 2342 obtentui
1854 2313 1923 2347 erit,
1947 2322 1995 2349 quo

1327 2355 1417 2394 magis
1432 2355 1522 2383 animo
1537 2353 1722 2389 liherofizcere
1730 2351 1852 2387 audeat;
1869 2352 1904 2382 ὃ(
1916 2351 1996 2381 ibid.

616 2404 700 2424 nunc
716 2393 836 2433 Αηῑὶὂε,
857 2395 891 2428 ὅζ
910 2393 1038 2426 Albium
1066 2393 1286 2432 1memelium,
1327 2395 1360 2428 1,
1381 2404 1427 2423 10.
1452 2392 1588 2424 Secundae
1609 2402 1651 2422 res
1669 2391 1737 2422 mire
1758 2391 1827 2431 fiant
1845 2390 1922 2422 vitiis
1947 2390 1997 2420 ob-

618 2432 783 2465 Vintimille.

1327 2433 1425 2464 reatui.

2016 846 2066 872 10

2018 1472 2074 1498 20
