2209 3047
353 167 436 209 AD
457 167 684 210 LIBRUM
716 166 770 207 II.
804 164 950 208 HIST.
970 165 1019 206 C.
1046 165 1228 208 CORN.
1259 165 1470 209 TACITI.
1518 181 1610 220 407

265 246 443 282 Venerem
458 244 553 280 hanc
565 244 740 293 Paphiam
763 243 936 281 exhibent
964 241 1110 291 plurimi
1140 243 1364 293 Cypriorum
1386 245 1537 281 nummi.
1556 245 1606 283 At

214 295 316 346 quod
341 296 453 345 magis
481 294 655 344 singulare
669 324 678 339 ,
705 306 845 344 reperta
859 292 907 331 est
931 293 969 329 in
988 291 1313 331 Herculanenfibus
1332 295 1443 332 ruinis
1460 296 1605 341 tabula,

212 358 294 395 quce
312 345 510 394 ipfiffimam
533 346 680 393 hujusce
710 345 786 382 deae
805 344 950 395 ejusque
976 341 1092 379 cultus
1118 343 1313 391 imaginem
1338 346 1455 383 refert.
1476 346 1604 383 Tabu-

211 395 284 432 lam
311 397 406 432 hanc
433 395 664 443 publicavere
691 395 821 433 eruditi
842 393 1056 431 Academici
1071 393 1378 440 Herculanenses‚
1404 396 1605 434 uberrimis-

238 459 283 483 ue
307 446 404 482 notis
428 444 667 490 illustravere,
704 459 790 496 quas
818 445 924 489 vide,
951 446 1077 480 Pitture
1110 445 1234 479 antiche
1257 446 1460 484 d‘Ercolano.
1491 447 1605 485 Tom.

236 496 281 531 11.
301 496 374 533 tab.
390 495 469 533 LII.
497 496 592 532 Cum
615 508 733 533 autem
743 496 863 532 Venus
892 496 954 531 illa
968 494 1157 531 Parcarum
1176 504 1262 530 natu
1285 497 1439 533 maxima
1456 497 1606 535 habere-

210 554 288 589 tur,
309 546 393 584 inde
415 547 453 582 in
470 548 623 584 nummis
639 545 859 596 Cypriorum
877 549 909 582 δε
927 545 963 581 in
993 544 1117 581 tabula
1140 543 1398 582 Herculanensi
1412 559 1481 584 tres
1497 559 1602 585 metae

211 596 453 641 exl1ibentur;
490 599 598 648 idque
621 595 801 645 approbat
823 606 925 632 vetus
951 595 1143 645 Inscriptio
1160 623 1170 639 ,
1196 606 1304 645 quam
1328 608 1504 634 memorat
1517 598 1603 634 Pau-

209 645 346 690 sanias,
363 647 401 683 in
416 648 527 685 Attic.
548 650 565 684 I
580 676 589 691 ‚
620 659 678 694 19.
703 651 742 682 Τὸ
770 650 801 682 δὲ
820 650 1008 696 ἐπίγραμμα
1031 650 1166 691 σημαίνει
1184 649 1233 683 τὴν
1252 650 1399 690 Ουροινίαιν
1420 651 1604 695 Α’φροὸίτζω

210 700 269 734 τῶν
290 704 466 742 καλκμένων
489 701 603 748 Μοιρῶν
630 698 705 733 εἶναι
733 697 961 746 πρεσζυτιίτζω.
991 696 1184 733 Columnae
1212 694 1285 731 illae
1315 695 1537 745 fastigiantur
1564 699 1604 735 in

210 748 333 791 φαλλιές
346 775 355 790 ,
377 747 608 784 fecunditatis
623 746 734 784 testes.
758 747 902 796 Cinyrae
926 758 1045 784 autem
1062 775 1071 790 ‚
1094 746 1188 795 regi,
1213 745 1401 795 religionis
1421 746 1518 794 apud
1535 750 1604 796 Cy-

208 795 310 844 prios
338 797 474 833 aueori
490 827 499 842 ‚
521 798 642 835 datum
667 796 737 841 est,
753 808 792 833 ut
817 797 894 846 ipse
912 810 993 833 cum
1011 797 1112 833 omni
1133 797 1193 833 sua
1217 796 1353 833 familia
1369 808 1476 845 atque
1493 796 1604 833 etiam

210 847 384 895 prosapia
400 847 436 883 in
454 849 594 898 templo
610 847 760 885 Veneris
779 848 996 884 conderetur
1009 875 1018 891 ,
1035 845 1119 883 teste
1145 847 1316 883 Arnobio
1330 874 1339 890 ‚
1358 845 1437 883 libr.
1454 847 1518 883 Vl.
1534 847 1606 883 Ve-

208 896 305 933 neris
331 896 477 946 Paphiae
504 899 659 949 religio,
689 897 727 933 in
762 897 878 934 insulir
905 897 1031 947 Cypro
1060 896 1300 946 percelebris,
1333 896 1419 933 alias
1456 909 1605 946 quoque

209 947 316 984 urbes
336 947 497 995 pervafit.
516 950 668 986 Manent
683 948 802 984 adhuc
817 958 1053 984 monumenta
1068 948 1105 983 in
1123 947 1278 983 nummis
1304 947 1489 984 Chalcidis
1503 975 1512 991 ,
1534 947 1606 984 Eu-

208 995 304 1033 boeae
332 997 508 1035 incertum
522 1011 567 1035 an
584 999 694 1049 Syriae
711 998 809 1034 urbis
826 1026 835 1042 ‚
854 1001 888 1035 ὃς
904 997 1008 1034 AEliae
1026 997 1247 1046 Capitolinae
1262 1025 1271 1041 ,
1300 1010 1398 1033 nunc
1411 998 1607 1044 Jerusalem,

209 1046 272 1096 qui
298 1047 474 1085 Venerem
490 1075 498 1089 ‚
523 1060 627 1087 metae
659 1048 774 1085 modo
791 1077 801 1093 ,
837 1047 980 1098 qualem
1014 1047 1196 1095 descripfit
1219 1047 1392 1091 Tacitus,
1416 1047 1603 1084 exhibent.

207 1095 389 1134 Nummos
403 1126 413 1142 ‚
430 1098 577 1136 minime
597 1099 762 1149 vulgares
776 1126 785 1143 ,
802 1098 887 1135 vide
910 1098 1007 1147 apud
1028 1098 1084 1135 Cl.
1106 1097 1281 1140 Pellerin‚
1318 1098 1447 1133 Recueil
1473 1098 1509 1133 de
1530 1099 1604 1133 Μέ-

207 1147 324 1185 dailles
347 1149 384 1184 de
407 1150 540 1196 Peuples
565 1151 602 1186 ξφ
621 1151 658 1186 de
680 1151 794 1186 Villes.
819 1149 931 1186 Tom.
958 1148 1007 1184 II.
1032 1161 1114 1198 pag.
1140 1161 1185 1184 21
1200 1160 1230 1184 1.
1246 1147 1322 1186 tab.
1340 1147 1483 1185 LXXX.
1503 1160 1605 1187 num.

207 1197 275 1245 76.
292 1200 327 1235 &
350 1198 460 1236 Tom.
490 1199 559 1236 ΙΙΙ.
582 1212 667 1250 pag.
685 1210 776 1250 250.
803 1199 877 1236 tab.
897 1198 1076 1235 CXXXV.
1101 1211 1198 1234 num.
1226 1210 1265 1244 9.

258 1298 365 1337 CAP.
395 1299 460 1338 IV.
488 1300 763 1337 CoMPLURIBUs
790 1302 972 1345 Hos'rns]
993 1298 1049 1335 Ita
1073 1297 1142 1335 Ms.
1165 1297 1281 1335 Corb.
1307 1298 1422 1336 editio
1438 1299 1608 1350 princeps

208 1350 243 1384 ὅ(
258 1349 488 1386 recentiores.
506 1350 727 1386 Puteolanus
739 1377 748 1392 ‚
769 1349 928 1394 pluribus.

260 1397 382 1434 DEAM
407 1412 529 1436 VIDET
549 1404 565 1446 ]
588 1399 648 1435 Sic
665 1399 731 1434 Ms.
749 1397 838 1447 Reg.
854 1397 969 1434 editio
985 1397 1153 1447 princeps
1165 1426 1175 1442 ‚
1196 1398 1390 1435 Rhenanus
1407 1402 1440 1435 &
1466 1399 1606 1436 Recen-

206 1447 329 1484 tiores.
346 1448 390 1484 In
407 1449 484 1485 Mff.
510 1448 614 1486 Harl.
641 1447 750 1484 Bodl.
778 1446 845 1484 Jes.
876 1450 911 1484 &
939 1447 1186 1492 Puteolanus,
1214 1450 1310 1486 vidit.
1345 1449 1473 1487 Altera
1496 1462 1606 1486 manu

206 1498 438 1535 emendatum
455 1498 495 1535 in
525 1499 593 1536 Ms.
616 1497 725 1536 Bodl.
746 1499 848 1534 videt.

262 1549 327 1584 An
357 1561 516 1586 PATREM
547 1551 807 1594 PERVECTus]
835 1546 911 1583 Mss.
932 1547 1035 1584 Harl.
1053 1547 1122 1584 Jes.
1145 1551 1335 1595 praeveezus.
1363 1549 1430 1586 Ms.
1461 1548 1550 1600 Reg.
1570 1553 1606 1587 δε

206 1598 428 1635 Puteolanus
441 1627 450 1643 ‚
476 1601 657 1645 provee‘lus.
673 1599 771 1635 Bene
790 1597 983 1634 Rhenanus
999 1600 1031 1634 &
1047 1596 1300 1644 Recentiores,
1314 1602 1493 1646 perveffus.

261 1650 426 1686 BELLUM
453 1648 692 1696 JUDAICUM]
712 1647 780 1685 Ms.
800 1647 914 1684 Corb.
933 1650 968 1685 ὃς
990 1647 1106 1686 editio
1123 1650 1312 1700 princeps,
1327 1651 1444 1686 bellum
1458 1663 1528 1685 cum
1544 1654 1606 1689 Ju-

205 1700 297 1736 daeis.

256 1749 671 1797 HIERosoLYMORUM]
698 1749 881 1797 Corrupte
906 1748 1105 1786 Beroaldus
1120 1775 1130 1791 ,
1154 1751 1447 1797 Herosolymarum.

257 1799 463 1837 INGENJUM
495 1813 637 1838 mouns
659 1804 677 1847 ]
693 1801 749 1837 Ita
765 1800 842 1836 Mis.
859 1799 956 1836 Flor.
973 1799 1078 1835 Harl.
1093 1799 1202 1836 Bodl.
1221 1799 1291 1836 Jes.
1318 1800 1471 1836 Pichena
1487 1802 1520 1837 δε
1538 1799 1607 1838 Re-

208 1850 401 1888 centiores.
425 1851 466 1887 ln
493 1851 570 1888 Mss.
590 1850 704 1888 Corb.
723 1851 813 1900 Reg.
833 1853 867 1887 ὃς
884 1849 1048 1887 editione
1067 1849 1232 1898 principe
1251 1849 1403 1886 absurde
1416 1878 1425 1894 ,
1445 1853 1608 1899 ingenium

209 1905 335 1938 mentis.
353 1901 463 1939 Unde
478 1901 697 1939 Puteolanus
719 1901 974 1938 emendaverat
987 1931 994 1943 ,
1015 1903 1178 1948 ingenium
1195 1903 1311 1948 gentis.
1337 1901 1385 1936 At
1402 1900 1541 1950 optime
1556 1900 1607 1937 di-

209 1950 304 1988 citur
325 1955 490 2000 ingenium
504 1957 630 1989 montis.
647 1953 708 1989 Sic
721 1955 756 1989 ὅς
769 1951 904 1987 Plinius
918 1978 927 1994 ‚
941 1950 1029 1987 XIV
1040 1978 1051 1995 ,
1070 1964 1100 1987 1.
1118 1951 1170 1986 Ad
1185 1952 1253 1986 caeli
1280 1965 1379 1987 mores
1390 1979 1400 1995 ,
1417 1953 1542 2000 Jblique
1553 1954 1607 1987 in-

207 2005 316 2050 genia.
330 2006 364 2039 &
392 2002 514 2045 XVII,
533 2017 567 2040 2.
587 2004 640 2039 Ad
650 2005 714 2051 fhli
737 2014 888 2038 naturam
904 2030 912 2044 ‚
933 2002 974 2037 ad
1001 2003 1061 2036 loci
1083 2004 1267 2048 ingenium,
1296 2001 1338 2036 ad
1365 2003 1433 2037 caeli
1458 2001 1605 2050 cujufiyue

208 2064 310 2087 mores
332 2054 499 2102 dirigenda
514 2054 652 2100 filertia
667 2054 720 2101 est.
740 2054 856 2089 Porro
880 2052 1142 2101 Hierosolyma
1165 2051 1369 2096 montibus,
1395 2064 1437 2088 ac
1450 2051 1606 2088 maxim&

208 2101 329 2138 monti
354 2102 443 2140 Sion
459 2131 468 2147 ‚
487 2114 589 2141 erant
612 2103 790 2153 imposita.

266 2153 392 2199 QUAM
422 2167 501 2195 Quo
531 2166 632 2191 sATrs
650 2158 667 2200 ]
684 2156 783 2191 Bene
795 2166 920 2190 omnes
934 2153 1013 2190 Mff.
1028 2155 1062 2190 &
1082 2163 1218 2190 veteres
1233 2165 1276 2189 ac
1289 2151 1508 2189 recentiores
1528 2150 1603 2188 edi-

209 2201 342 2240 tiones.
365 2203 409 2239 In
436 2204 584 2248 mediis,
609 2206 705 2254 (μάνη
731 2205 813 2253 quod
832 2205 926 2250 fictis.

211 2274 215 2279 ·
259 2251 503 2290 REPULERAT
532 2266 742 2291 SEGNITIAM
758 2259 774 2301 ]
792 2254 858 2290 Ms.
884 2254 1000 2291 Corb.
1030 2257 1064 2290 ὅ(
1085 2254 1200 2291 editio
1222 2252 1408 2303 princeps,
1425 2252 1601 2298 depulerat.

260 2301 318 2339 ET
345 2315 587 2341 INEXPERTUS
615 2317 723 2342 BELLI
754 2307 912 2351 LABOR]
941 2304 1039 2341 Bene
1070 2305 1266 2341 Rhenanus
1294 2307 1328 2339 δε
1354 2303 1602 2339 Recentiores.

209 2351 304 2389 Haec
330 2364 518 2404 ceteraque
542 2355 622 2403 post
636 2357 817 2403 discrimina
833 2357 869 2392 ὃν
885 2356 974 2390 labor
993 2355 1116 2391 omissa
1134 2356 1171 2390 in
1191 2353 1256 2390 Ms.
1276 2353 1364 2404 Reg.
1388 2356 1420 2389 <Sc
1435 2351 1600 2388 editione

210 2401 388 2455 principe.
401 2404 446 2442 ln
456 2405 534 2443 aliis
546 2405 623 2444 ΜΠ.
635 2408 669 2444 &
683 2406 866 2445 veteribus
884 2404 1129 2452 editionibus,
1145 2408 1317 2452 inexperti.
1346 2402 1442 2441 Male
1464 2400 1604 2451 Lipsius
