2230 3047
430 295 545 311 ς

430 338 500 361 AM.
514 337 545 361 C.

452 386 522 414 822.

452 442 474 464 J.
493 442 521 464 C.

461 488 512 522 69.

570 205 631 250 46
840 197 888 237 C.
956 195 1374 238 CORNELII
1437 193 1732 236 TACITI

571 277 721 321 incessu
733 307 747 328 ,
768 277 891 318 studia
905 276 1079 318 militum
1092 276 1299 318 inlexerat,
1313 278 1439 318 Hunc
1455 273 1645 327 juvenem
1661 272 1818 326 Galba,
1839 274 1956 330 quaes-

570 356 699 384 torem
715 343 757 380 in
776 339 923 382 Baetica
942 345 953 362 ¹
969 369 983 391 ,
1004 342 1174 397 impigre
1189 342 1230 380 in
1247 354 1375 397 partes
1391 339 1476 380 suas
1495 338 1772 393 transgreffum
1787 367 1801 389 ,
1823 337 1952 393 legio-

571 407 612 445 ni
627 405 859 461 praeposuit:
887 418 984 444 mox
1011 417 1264 460 compertum
1289 401 1493 459 publicam
1516 403 1731 458 pecuniam
1743 401 1952 451 avertiffe3

570 483 615 509 ut
635 466 910 524 peculatorem
931 467 1101 522 flagitari
1127 465 1242 518 juffit.
1267 466 1427 507 Caecina
1447 479 1547 520 aegre
1568 465 1694 520 pass'us
1716 468 1730 485 ²
1745 494 1759 515 ,
1785 464 1953 505 miscere

572 532 713 573 cuneta
728 560 741 581 ,
765 535 806 571 ὅ(
829 532 980 587 privata
1003 529 1169 570 vulnera
1191 534 1201 557 ³
1229 526 1458 584 reipublicae
1491 527 1605 568 malis
1631 528 1786 584 operire
1808 528 1952 568 statuit.

570 596 666 637 Nec
686 594 849 635 deerant
867 595 908 633 in
930 594 1110 634 exercitu
1131 592 1279 632 semina
1299 591 1502 633 discordiae
1516 621 1529 642 ,
1556 590 1665 645 quod
1687 594 1728 631 &
1752 589 1863 631 bello
1886 590 1955 631 ad-

570 660 704 699 versus
724 657 941 699 Vindicem
958 655 1164 696 universus
1185 654 1363 695 adfuerat
1386 660 1405 683 4
1417 684 1430 705 ,
1451 670 1528 695 nec
1544 684 1557 704 ‚
1579 653 1649 694 nifi
1666 654 1803 694 occiso
1819 655 1862 694 N
1866 667 1956 694 ero-

573 735 648 770 ne,
671 721 876 762 transsatus
896 720 938 758 in
960 718 1133 759 Galbam
1149 746 1161 767 ‚
1186 731 1303 771 atque
1328 719 1370 757 in
1388 732 1437 757 eo
1456 717 1543 773 ipso
1562 717 1809 757 sacramento
1828 715 1955 757 vexil-

570 782 620 825 lis
639 783 838 824 inferioris
859 783 1082 822 Germanice
1104 794 1324 836 praeventus
1346 794 1442 821 erat.
1463 779 1517 821 Et
1535 779 1704 820 Treveri
1725 795 1772 820 ac
1797 780 1956 834 Lingo-

573 861 663 896 nes,
680 846 851 900 quasque
868 844 962 885 alias
979 846 1160 885 civitates
1177 842 1380 884 atrocibus
1395 843 1552 894 ediffls,
1570 855 1637 883 aut
1651 843 1798 883 damno
1815 843 1957 882 finium

574 909 704 950 Galba
732 907 956 965 perculerat
979 913 990 938 5
1006 937 1019 957 ‚
1047 906 1223 947 hibernis
1247 905 1455 961 legionum
1486 907 1646 962 propius
1673 905 1890 946 miscentur
1925 904 1956 945 ⁶.

573 973 689 1013 Unde
710 971 894 1012 seditiosa
911 968 1115 1024 colloquia
1127 999 1140 1020 ,
1163 974 1203 1011 ὅ(
1222 971 1326 1009 inter
1344 983 1520 1025 paganos
1534 974 1549 996 ⁷
1569 969 1796 1024 corruptior
1813 967 1929 1009 miles
1942 995 1958 1019 ,

574 1040 615 1076 ὃ(
636 1037 678 1075 in
698 1035 936 1089 Verginium
956 1033 1070 1074 favor
1089 1030 1103 1054 8
1119 1062 1131 1082 ,
1160 1033 1402 1086 cuicumque
1422 1031 1491 1072 alii
1510 1031 1754 1088 profuturus.

635 1098 758 1138 LIV.
790 1098 1023 1138 MIsERA‘r
1059 1097 1199 1137 civitas
1230 1096 1463 1149 Lingonum
1500 1099 1541 1145 9,
1574 1108 1708 1135 vetere
1738 1094 1917 1134 instituto
1944 1101 1960 1143 ᾗ

575 1161 681 1201 dona
705 1159 960 1215 legionibus,
987 1159 1144 1200 dextras
1163 1189 1175 1210 ,
1198 1158 1362 1214 hospitii
1386 1158 1537 1213 insigne
1554 1161 1600 1198 ¹0.
1625 1157 1771 1211 Legati
1789 1170 1929 1197 eorum
1946 1185 1959 1205 ‚

574 1225 616 1263 in
639 1223 864 1277 squalorem
891 1223 1187 1276 maestitiarnque
1213 1221 1450 1277 composlti,
1476 1235 1546 1276 per
1580 1220 1778 1276 principia
1800 1224 1831 1241 ¹¹
1848 1248 1862 1269 ,
1890 1232 1960 1274 per

577 1285 865 1337 contubernia,
889 1286 1012 1326 modo
1041 1301 1063 1322 «
1085 1285 1170 1326 suas
1190 1284 1352 1336 injurias
1371 1302 1416 1334 »‚
1442 1284 1566 1324 modo
1593 1300 1614 1320 c<
1634 1284 1845 1324 civitatum
1864 1283 1962 1322 vici-

574 1353 790 1390 »narum1²
810 1350 969 1407 praemia
986 1366 1007 1386 »
1017 1377 1031 1398 ,
1057 1352 1097 1389 &
1112 1377 1126 1399 ‚
1156 1347 1225 1388 ubi
1250 1349 1386 1404 pronis
1403 1345 1578 1388 militum
1598 1344 1756 1388 auribus
1784 1345 1963 1401 accipie-

1287 1468 1419 1497 codz'culzs
1438 1468 1526 1497 locum
1544 1477 1599 1497 non
1627 1467 1729 1497 habet:
1754 1466 1783 1496 in
1805 1465 1960 1505 testamento

1287 1507 1372 1537 Iocum
1384 1507 1502 1538 habehit.
1525 1509 1566 1538 Ut
1588 1505 1721 1546 Paganos
1749 1505 1886 1537 Romani
1909 1505 1963 1535 di-

1287 1557 1360 1578 xere
1372 1571 1381 1583 ‚
1404 1547 1459 1586 qui
1477 1557 1546 1577 non
1564 1546 1755 1584 militarent3
1776 1546 1820 1576 ita
1835 1553 1964 1584 paganos

618 1471 692 1499 ¹121
713 1468 1071 1507 B.zr1c.a.]Baetica,
1100 1478 1184 1499 nunc
1208 1468 1247 1498 les

577 1518 721 1548 royaumes
739 1507 771 1537 de
784 1507 932 1544 Gremie,
949 1508 980 1537 de
999 1508 1101 1537 Seville
1112 1532 1121 1544 ,
1140 1507 1172 1537 de
1184 1507 1250 1537 Cor-

576 1548 662 1585 done,
679 1548 788 1592 prefilue
800 1556 858 1576 tout
877 1547 902 1575 le
918 1557 1044 1586 royaume
1058 1546 1090 1576 de
1104 1546 1194 1584 Jaen,
1219 1547 1249 1577 C-

577 1598 630 1616 une
648 1596 740 1623 pzrcre
754 1586 786 1615 de
799 1585 1042 1624 I’Estramadoure.

618 1628 756 1695 {sd-Zoni:
778 1635 884 1656 PASSUS
904 1626 969 1664 ]Id
985 1625 1148 1656 dedecoris
1172 1634 1250 1665 aegre

600 1677 616 1697 a
641 1676 684 1696 us.

578 1677 596 1706 p
619 1711 628 1731 3
653 1706 802 1735 Pau-An
825 1714 977 1735 vum-nna
1005 1705 1018 1740 ]
1044 1704 1125 1733 Cum
1150 1702 1252 1741 postu-

579 1745 656 1774 latus
678 1742 781 1773 fuiffet
804 1743 974 1781 peculatus.
999 1742 1062 1780 Qui
1086 1742 1252 1780 pecuniam

579 1782 735 1822 publicam
758 1790 932 1818 averterat,
960 1781 1011 1812 seu
1033 1781 1066 1811 in
1092 1781 1161 1811 suos
1185 1781 1252 1811 usus

579 1829 734 1859 verterat,
749 1821 818 1861 lege
837 1820 919 1851 Julia
942 1820 1101 1859 peculatus
1123 1821 1254 1851 teneba-

581 1871 642 1893 tur·

618 1906 634 1924 4
653 1902 834 1930 Uslvmzsus
858 1900 1053 1936 ADFUERAT]
1073 1900 1113 1929 Ut
1137 1898 1254 1929 dictum

580 1939 622 1971 est
643 1939 675 1969 in
698 1939 923 1977 Supplemento
950 1939 1064 1969 Annal.
1093 1939 1184 1974 XVI,
1203 1940 1254 1976 78.

621 1984 629 2005 5
655 1979 893 2012 Panem-ERAT]
918 1979 1014 2016 Quod
1043 1986 1154 2008 contra
1176 1977 1256 2008 Vin-

581 2017 686 2048 dicem
703 2017 856 2047 steterant.
881 2017 962 2048 Vide
996 2017 1254 2056 Supplementum

579 2057 692 2087 Annal.
707 2057 779 2086 XVI
790 2080 799 2093 ‚
815 2056 877 2087 loc.
894 2057 947 2087 cit.
963 2057 997 2087 δί
1017 2066 1082 2094 cap.
1103 2067 1155 2092 92.

619 2098 633 2116 ⁶
654 2097 788 2127 Pnopms
811 2097 1018 2133 mscffirun]
1041 2096 1092 2126 Ob
1109 2094 1257 2125 vicinita-

581 2143 657 2167 tem.

620 2181 634 2199 ⁷
653 2176 754 2210 Iun-m
771 2175 938 2211 nomos]
959 2174 1049 2204 Miles
1075 2172 1255 2211 corruptior

582 2213 623 2244 est
639 2213 720 2243 inter
741 2223 894 2253 paganos,
908 2214 1001 2253 quam
1023 2213 1057 2243 in
1080 2212 1255 2242 castris.Pa-

582 2252 654 2291 gani
676 2252 822 2282 dicuntur
834 2252 878 2289 ii,
891 2253 944 2292 qui
961 2262 1027 2282 non
1048 2251 1193 2282 militant.
1205 2251 1255 2281 Sic

582 2292 687 2330 paffim
701 2291 734 2321 in
749 2291 945 2331 Digestorum
955 2291 1058 2327 libris,
1071 2301 1106 2321 ac
1120 2289 1255 2320 maxime

581 2330 696 2369 Digest.
713 2330 783 2360 libr.
800 2332 929 2361 XXXV.
953 2329 1018 2360 Tit.
1041 2341 1070 2359 2.
1092 2330 1131 2359 ad
1154 2330 1255 2359 {eoem

583 2369 766 2400 Falcidiam.
782 2369 841 2409 leg.
856 2373 907 2406 96.
926 2380 964 2400 ex
978 2368 1130 2399 Scaevolzi.
1144 2353 1232 2396 Mifies
1245 2391 1254 2405 ‚

572 2407 602 2447 fi
611 2433 619 2443 ‚
636 2407 698 2437 dum
706 2418 837 2448 paganus
849 2418 910 2438 erat
919 2407 1036 2444 ‚fecerit
1051 2407 1235 2447 testamentum
1245 2430 1254 2442 ‚

580 2447 687 2479 missiziae
702 2458 817 2486 tempore
837 2447 995 2480 codicillos.-
1017 2446 1063 2477 lex
1083 2444 1255 2477 falcidiam

1289 1586 1421 1616 dicimus
1433 1609 1441 1621 ,
1453 1586 1507 1625 qui
1523 1586 1592 1616 Deo
1606 1596 1674 1616 non
1688 1585 1837 1615 militant.

1329 1625 1340 1644 ⁸
1362 1627 1396 1656 Iu
1419 1628 1607 1655 Vfiacrmum
1622 1626 1751 1661 ravon]
1765 1626 1868 1662 Quem
1878 1623 1963 1654 Prin-

1289 1663 1391 1733 ciffixrnn
1405 1663 1565 1733 feciffcesnt,
1583 1663 1617 1732 pi
1640 1663 1703 1733 ipset:
1726 1662 1963 1734 ῐῗέἷξιΐεῐίὣτὶ

1290 1714 1322 1733 vr
1392 1714 1425 1734 us
1445 1713 1480 1733 in
1518 1713 1579 1742 upp
1595 1712 1688 1733 emen
1704 1712 1722 1733 o
1844 1725 1851 1732 .
1953 1725 1964 1740 ,

1310 1753 1344 1806 9⁹
1367 1783 1507 1813 erras
1528 1781 1731 1819 Line-oxum]
1756 1782 1832 1819 Quae
1848 1781 1882 1811 in
1898 1781 1962 1811 Ne-

1291 1821 1376 1851 ronis
1397 1821 1459 1850 fide
1479 1820 1668 1859 perstiterat,
1685 1828 1719 1850 ut
1730 1820 1846 1851 dietum
1861 1819 1901 1850 est
1917 1820 1964 1850 su·

1292 1861 1345 1900 pra
1370 1861 1402 1890 in
1420 1860 1645 1898 Supplemento
1666 1859 1779 1890 Annal.
1800 1860 1872 1891 xv}
1885 1883 1894 1895 ‚
1911 1861 1963 1897 78.

1333 1905 1361 1919 ¹0
1377 1900 1532 1930 DEX-raas
1546 1923 1554 1935 ,
1571 1909 1706 1929 aosplru
1729 1909 1851 1930 INSIGNE
1864 1899 1878 1936 ]
1891 1898 1967 1928 Lin-

1292 1938 1557 2008 ἕὲἑῗῗεέῗῗξῖιῗὲξ
1572 1938 1718 2008 1θὲἃὲῗώ
1725 1937 1966 2007 (ἒΐιέἒὲἓὲῒῖἓῖ

1294 2002 1426 2055 hospitii*
1441 2000 1578 2060 infigne’,
1591 2017 1831 2055 conjungerent.
1842 2016 1919 2046 Inde
1933 2001 1968 2046 iri

1295 2056 1429 2086 nummis
1448 2064 1542 2086 toties
1569 2064 1739 2086 occurrunt
1766 2055 1832 2086 duae
1857 2065 1966 2085 manus

1294 2097 1424 2133 *iun&ae‚
1440 2105 1512 2125 cum
1534 2094 1619 2125 varia
1643 2094 1826 2134 epigraphe,
1850 2095 1967 2125 FIDES

1294 2135 1636 2165 EXERCITVVM:
1666 2134 1967 2164 CONCORDIA

1294 2174 1638 2204 EXERCITVVM:
1673 2174 1969 2205 CONSENSVS

1294 2213 1644 2244 EXERCITVVM.

1336 2258 1361 2272 ¹¹
1386 2253 1449 2282 PER
1471 2253 1652 2290 mucram]
1667 2251 1714 2282 De
1726 2250 1839 2291 quibus
1847 2251 1909 2290 jam
1923 2251 1969 2282 su-

1295 2292 1350 2331 pra
1366 2301 1432 2329 cap.
1446 2294 1498 2329 48.

1337 2336 1364 2351 ¹²
1396 2332 1587 2363 Cwmnm
1620 2341 1803 2361 vrcmanum
1828 2334 1840 2365 ]
1867 2332 1943 2368 Quae
1956 2352 1967 2366 ,

1295 2369 1438 2400 Vindicis
1460 2379 1558 2408 partes
1584 2369 1710 2405 secutae,
1730 2379 1747 2398 a
1773 2369 1874 2400 Galba
1896 2379 1969 2407 prae-

1296 2409 1367 2439 miis
1386 2409 1509 2439 fuerant
1527 2408 1652 2447 publ-fiee
1673 2409 1812 2449 donatae;
1833 2418 1867 2440 ut
1893 2408 1969 2448 saepe

1301 2447 1421 2480 dic'ium
1441 2448 1481 2480 est
1501 2447 1597 2488 supra.

1989 855 2040 882 10
