2209 3047
599 201 689 239 490
795 182 1011 224 NOTAE
1054 178 1141 220 ET
1178 177 1783 224 EMENDATIONES

601 271 716 317 partes
752 257 1012 294 discedebatur.
1045 255 1134 293 Inde
1164 256 1238 292 Dio
1252 282 1260 296 ,
1291 254 1383 291 XLI.
1412 268 1492 305 pag.
1527 266 1612 318 1x53.
1652 261 1858 302 Διαψκφίπως
1881 264 1911 296 ἑὲ
1932 264 1978 299 επὶ

606 327 710 348 ‘rm-014
735 313 754 344 κ’
769 312 839 344 κατ’
863 307 956 355 ἄνδρα
979 308 1044 351 (pah
1065 308 1112 353 χρὴ
1138 310 1166 341 δ’
1188 309 1264 342 αἰδῶ
1280 307 1294 342 ἶ)
1311 306 1359 353 7(qu
1377 309 1460 347 φόξον
1482 323 1550 341 τινα
1570 306 1653 354 ’παραὶ
1677 307 1717 341 τά
1743 310 1874 343 &aegisti-cz
1889 314 1980 353 σφίσιν

604 363 833 403 οἶττοφήνωντοᾳ)
862 361 936 391 ἄλλ’
959 358 1004 392 ἐπὶ
1021 356 1095 392 τοῖδε
1119 357 1166 403 4525
1187 359 1231 390 ἐπ’
1253 361 1346 391 ἐκεῖνοι
1373 358 1412 390 τὲ
1430 358 1604 404 ζκλευτκρίκ
1631 356 1801 400 μετειςοῖσει
1817 366 1979 401 γενομένης.

605 409 701 444 curn
721 407 790 444 tale
817 405 1159 443 senatusconsultum
1174 405 1294 448 fieret,
1314 404 1424 441 verba
1436 404 1610 441 solemnia
1629 416 1728 442 erant
1754 419 1762 442 :
1788 418 1853 447 Qvl
1876 419 1979 445 HAEC

603 469 773 493 sEN'r1T15
798 485 807 501 ‚
841 469 880 493 IN
920 468 1027 492 HANG
1057 467 1226 492 PARTEM.
1256 466 1319 497 Qvi
1351 467 1442 491 ALIA
1470 467 1595 491 OMNIA
1615 467 1655 491 IN
1683 467 1802 491 lLLAM
1821 468 1980 493 PARTEM

600 519 687 549 ΠΕ,
712 519 788 548 QVA
818 518 996 543 sENnTrs.
1020 505 1114 541 Vide
1142 504 1320 546 Plinium,
1343 504 1410 553 Ep.
1438 504 1555 548 VIII,
1580 517 1638 552 14.
1673 505 1894 552 Huiusmodi
1926 506 1982 542 se-

602 556 931 600 natusconsultum,
958 555 1109 591 Tiberio
1136 554 1302 604 Principe
1326 582 1337 599 ,
1369 555 1499 591 faCtum
1526 565 1702 592 memorat
1723 555 1913 592 Suetonius
1941 555 1981 592 in

602 607 728 643 Tiber.
753 606 880 642 XXXI.
914 606 1033 652 Quam
1065 604 1171 653 parce
1199 615 1316 641 autem
1340 606 1392 653 jus
1426 604 1610 642 relationis
1636 604 1800 655 Augusto
1818 604 1981 654 primitus

601 655 707 693 fuerit
727 657 899 693 tributum
925 662 938 698 <
954 655 1089 691 scilicet
1104 665 1143 690 ut
1156 655 1296 703 quoties
1313 654 1450 690 senatus
1471 655 1682 699 haberetur,
1703 655 1836 691 etiamfi
1851 655 1980 691 consu-

601 706 714 742 latum
731 720 806 743 non
832 715 968 755 gereret
984 733 992 748 ,
1016 706 1092 753 jure
1114 705 1218 740 unius
1241 704 1426 741 relationis
1440 732 1450 749 ,
1471 705 1514 742 de
1532 717 1755 754 quacumque
1785 718 1820 742 re
1844 704 1954 741 vellet
1968 731 1981 749 ,

601 764 780 800 uteretur)
811 756 918 791 docet
931 755 1004 790 DiO
1020 782 1030 798 ,
1064 753 1162 792 LIII.
1179 767 1260 805 pag.
1285 756 1373 801 518.
1404 760 1604 804 Χρκμαιτίζειν
1626 759 1712 800 αὐτῷ’
1737 758 1800 804 περὶ
1826 759 1882 794 ἑνός
1903 773 1979 794 τινος

600 807 654 842 ἕτες
672 806 707 842 οἷν
732 811 855 852 ἐθελήσῃ
871 809 947 840 καθ’
969 805 1075 846 {nuic-nv
1095 807 1185 841 Cum
1198 836 1206 848 ,
1234 804 1289 850 κᾷν
1302 808 1345 850 μ’),
1368 810 1518 851 ὑπατεύει-ῃ
1533 832 1544 848 ,
1560 809 1660 840 effrene.

654 857 767 903 Utique
786 857 854 889 cum
877 867 917 888 ex
940 856 1106 890 voluntate
1120 881 1129 898 ‚
1163 857 1416 898 auctoritatem,
1436 855 1522 903 juſju
1537 881 1547 898 ,
1576 854 1769 889 mandatuve
1791 856 1877 900 ejus,
1895 866 1982 899 prae⁴

595 905 724 951 finiere
748 918 804 947 eo,
822 905 952 950 senatus
975 905 1157 946 habebitur,
1176 907 1315 940 omnium
1341 918 1446 940 rerum
1463 908 1520 952 jus
1534 904 1663 950 perinde
1678 904 1853 947 habeatur,
1870 903 1983 950 serve-

600 967 674 997 tur,
701 968 736 989 ac
774 967 783 988 z
807 967 820 989 e
844 955 910 1000 lege
923 954 1055 1000 senatus
1081 954 1197 989 edic'lus
1222 955 1313 1002 effa,
1341 954 1575 1001 habereturque.

654 1005 767 1051 Utique
788 1016 882 1052 quos,
910 1002 1156 1050 magistratum,
1179 1003 1366 1050 potestatem
1380 1030 1391 1046 ,
1413 1006 1579 1048 imperium
1595 1030 1604 1046 ,
1631 1004 1866 1038 curationemve
1893 1005 1981 1050 cujus

599 1056 644 1088 rei
663 1065 820 1099 petentes,
857 1056 962 1088 enatuz'
978 1054 1154 1101 populoque
1177 1054 1323 1089 Romano
1343 1053 1627 1096 commendaverit,
1645 1052 1982 1101 quibufiluesuffraga-

597 1106 713 1139 tionem
728 1103 823 1150 suam
847 1103 988 1145 dederit,
1008 1104 1216 1150 promiserit,
1241 1116 1372 1147 eorum,
1403 1104 1537 1138 comitiis
1563 1104 1749 1151 quibusque,
1776 1113 1870 1137 extra
1896 1102 1982 1137 ordi-

596 1166 664 1189 nem
679 1181 688 1195 ‚
716 1156 798 1188 ratio
822 1153 985 1190 habeatur.

642 1202 796 1239 Duobus
823 1201 892 1238 istis
919 1202 1096 1251 capitibus
1123 1214 1200 1239 non
1234 1201 1458 1252 subjungitur
1483 1200 1659 1244 formula,
1696 1200 1743 1236 uti
1782 1201 1872 1235 licuit
1906 1199 1982 1236 divo

594 1252 737 1300 Augusto
752 1281 762 1296 ,
794 1253 915 1288 Tiberio
931 1280 940 1296 ‚
970 1254 1187 1302 Claudioque,
1217 1253 1300 1302 quia
1322 1252 1364 1287 iis
1388 1251 1566 1300 capitibus
1591 1250 1761 1299 ampliata
1782 1248 1830 1286 est
1851 1249 1983 1299 Vespa-

594 1300 678 1336 fiani
703 1301 856 1350 potestas
872 1331 881 1344 ,
912 1302 1016 1353 eique
1041 1302 1214 1338 tributum
1235 1304 1310 1351 jus,
1341 1302 1442 1351 quod
1467 1301 1556 1337 divo
1580 1299 1743 1350 Augusto
1759 1326 1770 1343 ,
1801 1298 1953 1336 Tiberio
1968 1326 1981 1344 ,

592 1351 749 1387 Claudio
778 1365 822 1388 ue
847 1351 944 1401 prius
966 1365 1043 1388 non
1067 1352 1182 1389 fuerat
1203 1353 1282 1401 lege
1305 1351 1445 1400 imperii
1471 1350 1685 1387 concessum.
1710 1350 1753 1385 In
1777 1349 1982 1397 exemplum

593 1413 680 1450 ergo
701 1402 742 1437 ad
772 1402 830 1437 uci
853 1415 930 1438 non
954 1413 1117 1449 potuere.
1143 1401 1213 1437 His
1237 1412 1354 1437 autern
1373 1400 1514 1436 duobus
1538 1399 1715 1448 capitibus
1732 1399 1837 1448 quam
1860 1399 1896 1433 in
1915 1399 1980 1434 im-

592 1451 751 1486 mensum
771 1451 975 1500 Vespafiani
999 1451 1188 1487 anaoritas
1212 1451 1388 1500 favorque
1411 1450 1680 1488 intenderentur
1694 1477 1704 1494 ,
1727 1458 1827 1498 patet
1849 1448 1980 1498 cuique

591 1499 726 1550 fingula
749 1500 859 1537 verba
883 1500 1133 1550 perpendenti.

639 1553 754 1598 Utique
780 1554 806 1586 ei
823 1551 911 1598 fines
930 1554 1064 1597 pomerii
1081 1550 1250 1598 proferre,
1272 1561 1481 1596 promovere,
1507 1548 1577 1583 cum
1604 1560 1644 1583 ex
1669 1546 1828 1592 republicd
1850 1546 1980 1593 censebit

592 1600 668 1647 effe,
694 1602 788 1636 liceat
812 1604 882 1644 iza,
911 1602 958 1635 uti
986 1602 1076 1636 licuit
1099 1601 1222 1635 Tiberio
1238 1599 1374 1634 Claudio
1396 1596 1669 1645 CaesariAugusto
1695 1597 1895 1632 Germanico.
1920 1595 1982 1632 Fi-

591 1661 651 1685 nes
675 1650 828 1698 pomerii
854 1663 873 1685 a
898 1650 1055 1686 Claudio
1079 1650 1243 1698 prolatos
1260 1648 1415 1684 vidimus
1437 1648 1541 1696 supra
1558 1646 1692 1682 Annal.
1713 1645 1802 1686 XII,
1825 1658 1888 1695 23.
1906 1644 1980 1681 Eos

591 1712 736 1748 quoque
761 1700 961 1748 protulerat
981 1699 1178 1750 Augustus;
1208 1698 1269 1748 qui
1290 1709 1409 1735 tamen
1430 1697 1491 1734 hic
1511 1696 1628 1733 siletur
1641 1724 1650 1740 ‚
1674 1695 1772 1745 quod
1793 1695 1876 1732 illos
1895 1707 1981 1744 pro-

590 1748 735 1792 tulerit,
766 1749 927 1800 AEgypto
954 1750 988 1784 in
1013 1750 1144 1798 populi
1167 1748 1323 1785 Romani
1355 1748 1533 1784 ditionem
1560 1746 1725 1789 redacta,
1752 1758 1793 1781 ac
1823 1744 1980 1794 proinde

592 1810 673 1835 ante
694 1799 807 1848 legem
829 1799 982 1849 imperii.
1002 1799 1104 1836 Adde
1122 1799 1166 1835 ab
1184 1797 1348 1849 Augusto
1361 1826 1371 1842 ,
1391 1798 1557 1835 nondum
1574 1794 1835 1833 dominationis
1851 1805 1950 1831 certo
1963 1820 1976 1838 ,

591 1851 623 1883 &
661 1849 696 1884 in
732 1849 890 1886 senatum
929 1849 1138 1899 indulgente
1153 1877 1163 1894 ‚
1201 1848 1366 1885 consules
1396 1849 1434 1883 in
1470 1848 1574 1896 hujus
1604 1846 1732 1896 gloriae
1768 1844 1978 1882 societatem

589 1896 686 1935 fuisse
711 1910 872 1936 vocatos.
898 1901 1016 1936 Immo
1044 1913 1083 1935 ex
1099 1899 1368 1947 finatufionsulto
1390 1897 1554 1935 consules
1579 1895 1798 1933 Censorinus
1823 1898 1856 1931 ὃς
1885 1893 1979 1930 Gal-

590 1946 643 1982 lus
659 1949 745 1995 fines
769 1953 898 1994 pomerii
921 1953 1196 1992 terminaverunt,
1223 1959 1263 1984 ut
1285 1948 1423 1984 constat
1445 1961 1488 1984 ex
1508 1946 1774 1994 Inscriptione‚
1800 1956 1904 1994 quarn
1922 1943 1976 1980 vi-

593 1996 674 2033 dere
698 1998 744 2034 est
770 1999 805 2034 in
832 1998 940 2036 Notis
963 2002 996 2035 &
1022 1998 1343 2036 Emendationibus
1365 1997 1411 2033 ad
1434 1997 1565 2032 Annal.
1587 1996 1680 2039 XII,
1706 2007 1767 2043 23.
1784 2007 1866 2044 pag.
1888 1993 1976 2042 376.

592 2045 691 2082 Nero
710 2062 873 2098 quoque,
892 2049 944 2085 uti
965 2049 1098 2085 ibidem
1117 2048 1321 2085 monuimus
1338 2047 1540 2096 pomerium
1557 2056 1725 2082 auxerat:
1749 2044 1810 2080 sed
1827 2043 1976 2079 minime

589 2099 840 2134 memorandus
855 2127 864 2142 ,
895 2099 943 2135 ob
969 2098 1171 2135 damnatam
1195 2098 1426 2141 memoriam,
1460 2097 1503 2133 de
1527 2096 1598 2146 qua
1621 2097 1690 2143 jam
1715 2094 1829 2143 supra.

645 2147 759 2195 Utique
775 2162 960 2198 quacunque
978 2162 1019 2184 ex
1038 2150 1091 2196 usu
1111 2150 1288 2195 reipublicae
1303 2178 1311 2190 ‚
1337 2147 1501 2195 majestate
1517 2148 1722 2188 diuinarum,
1743 2147 1974 2185 humanarum,

583 2196 786 2242 publicarum
805 2202 1070 2247 privatarumque
1096 2213 1200 2234 rerum
1225 2200 1278 2247 effe
1302 2198 1454 2244 censebit,
1482 2199 1508 2232 ei
1531 2209 1623 2243 agere
1639 2222 1648 2238 ,
1670 2195 1778 2242 facere
1797 2197 1853 2242 jus
1873 2192 1974 2239 potes-‘-

588 2247 693 2294 tasque
718 2246 777 2294 esto
800 2249 847 2281 ita
863 2278 871 2290 ‚
902 2250 947 2283 uti
975 2249 1048 2283 divo
1071 2248 1219 2296 Augusto
1234 2276 1243 2291 ‚
1271 2248 1453 2295 Tiberioque
1476 2248 1565 2283 Iulio
1591 2246 1706 2291 Caesari
1730 2242 1877 2290 Augusto
1892 2269 1902 2284 ‚
1923 2241 1974 2275 Ti·

587 2295 729 2344 berioque
756 2298 889 2332 Claudio
929 2299 1045 2344 Caesari
1068 2298 1210 2345 Augusto
1246 2299 1433 2333 Germanico
1463 2297 1546 2343 fuit.
1573 2294 1657 2330 Hae
1694 2294 1732 2328 in
1768 2305 1804 2329 re
1836 2290 1972 2339 insigne

586 2345 789 2393 exemplum
813 2346 920 2382 exstat
944 2347 1074 2384 Annal.
1100 2347 1154 2382 llI
1170 2378 1178 2389 ,
1210 2348 1258 2383 60
1284 2349 1316 2382 &
1340 2347 1436 2395 seqq.

633 2396 748 2444 Utique
770 2397 880 2446 quibus
900 2398 1042 2446 legibus,
1064 2397 1207 2444 plebeive
1220 2397 1506 2444 fiitis‚firiptum
1519 2394 1591 2443 fuit
1611 2405 1648 2430 ne
1668 2392 1761 2428 divus
1783 2387 1972 2438 Augustus,
