2209 3047
606 225 689 267 552
787 207 1007 249 NOTAE
1062 203 1147 245 ET
1195 201 1781 249 EMENDATIONES

657 285 731 320 Hic
769 283 816 319 est
851 282 933 318 san'e
954 293 1058 316 mons
1081 293 1203 317 aureus
1230 308 1238 323 ‚
1273 281 1351 316 hacc
1380 280 1463 316 vitis
1505 293 1632 325 aurea,
1671 295 1777 331 quarn
1800 284 1990 333 Pompeius

604 332 779 371 transtulit
810 333 845 367 in
882 331 1093 379 triumpho,
1129 343 1233 380 quem
1268 329 1311 365 de
1341 329 1472 367 Judaeis
1505 331 1666 380 viffiique
1688 331 1767 367 Afiit
1796 333 1869 381 egit
1893 347 1989 373 anno

603 383 714 420 Urbis
752 381 911 418 conditae
955 392 1109 417 Dcxcnr.
1146 379 1294 428 lnfignis
1334 392 1445 415 annus
1472 409 1481 425 ,
1517 394 1618 430 quo,
1658 383 1801 418 auflore
1839 382 1987 430 Plinio,

604 432 775 470 XXXVII
803 459 812 475 ‚
844 444 878 467 2.
910 432 1045 466 νίἔίονὶα
1078 432 1137 464 illa
1160 432 1301 474 Pompeii
1329 432 1465 475 primam
1502 432 1542 466 ad
1571 434 1767 478 margaritas
1791 435 1988 481 gemmasque

603 485 790 519 Romanos
821 495 917 516 mores
944 482 1124 516 inclinavit.
1156 478 1242 513 Hoc
1266 478 1360 514 enim
1391 482 1547 526 triumpho
1571 480 1735 528 transtulit
1768 484 1893 516 alveum
1917 497 1987 518 cum

603 532 717 580 tcffiris
743 532 894 578 lusorium
912 545 925 566 e
948 532 1078 577 gemmis
1101 529 1222 563 duabus
1240 529 1340 563 latum
1353 530 1443 575 pedes
1472 542 1533 565 tres
1553 557 1562 573 ,
1584 531 1710 578 longum
1725 531 1816 577 pedes
1834 544 1987 579 quatuor:

605 584 673 626 (ξφ
696 595 731 616 ne
748 584 816 629 quis
844 581 880 616 de
904 580 938 615 εᾶ
962 593 992 613 rc
1007 579 1128 613 dubitet
1144 605 1152 620 ‚
1182 578 1274 612 nulla
1299 592 1495 626 gemmarum
1528 581 1747 627 magnitudine
1782 582 1868 615 hodie
1892 584 1988 627 prope

604 633 646 668 ad
676 633 755 666 hanc
785 630 1024 676 amplitudinem
1052 627 1231 668 accedente,
1260 630 1292 661 in
1315 629 1351 662 eti
1365 629 1435 674 fuit
1451 630 1542 664 Lana
1570 643 1664 665 aurea
1682 630 1785 676 pondo
1804 631 1922 674 XXX,
1951 630 1990 667 id

604 681 652 718 est
675 679 999 730 trigintalibrarum
1016 678 1257 712 Romanarum
1281 680 1294 722 )
1322 679 1414 712 Icelos
1430 681 1619 713 tricliniares
1643 691 1704 714 tres
1726 694 1739 713 .·
1761 680 1836 726 arasa
1851 693 1890 714 ex
1909 694 1988 717 auro

603 733 643 767 &r
664 733 794 779 gemmis
829 731 995 764 abacorum
1030 740 1140 762 novem
1162 741 1176 760 .·
1194 726 1292 774 figna
1323 741 1419 762 aurea
1448 731 1512 763 tria
1531 756 1539 771 ,
1570 730 1728 764 Minervae
1747 755 1757 770 ,
1799 731 1921 764 Martis
1950 732 1987 766 ξς·

602 782 764 827 Apollinis
780 791 934 813 :coronas
962 790 1002 811 ex
1033 779 1218 823 margaritis
1253 779 1389 824 triginta
1407 789 1468 812 tres
1496 793 1508 812 .·
1538 791 1671 813 montem
1703 792 1832 813 aureum
1848 780 1988 827 quadra-

602 843 671 867 tum
692 844 759 864 cam
780 831 877 862 cervis
900 829 935 862 ἓν
962 827 1100 865 leonibus
1119 853 1128 869 ‚
1146 827 1181 861 ξφ
1196 828 1297 872 pomis
1328 830 1425 861 omnis
1453 830 1576 873 generis
1603 828 1797 862 circumdati}
1827 831 1893 863 rite
1932 843 1989 864 au-

602 881 657 916 red
686 895 699 913 .·
729 879 871 924 Muscam
897 889 936 911 ex
956 878 1140 923 margaritis
1159 902 1167 916 ‚
1191 878 1223 909 irz
1251 876 1486 923 cujiisfastigio
1512 878 1707 923 horologium
1733 888 1811 911 erat.
1840 877 1898 913 De
1913 878 1986 915 hoc

603 928 786 976 triumpho
805 925 928 962 confer
949 928 982 961 ὃς
1004 925 1177 965 Plinium,
1195 923 1285 967 VII,
1309 927 1370 962 26.
1401 925 1518 961 Aurea
1534 937 1651 962 autem
1669 926 1748 961 haec
1770 926 1854 962 vitis
1871 927 1986 963 l-lasa-

603 989 827 1016 rnonaeorum
863 988 1054 1024 numquam
1081 974 1147 1009 fuit
1171 974 1208 1009 in
1232 975 1369 1023 templo
1394 975 1732 1024 Hierosolymitano
1763 1004 1772 1019 ,
1802 986 1841 1011 ut
1863 976 1987 1014 videre

605 1029 653 1065 est
679 1026 773 1075 apud
799 1025 976 1062 eruditum
998 1023 1190 1062 Seldenum
1216 1052 1226 1068 ‚
1264 1025 1300 1059 de
1323 1030 1400 1064 Iure
1414 1027 1533 1062 Natur.
1561 1029 1597 1061 ἓν*
1625 1026 1776 1063 Gentium
1799 1053 1809 1071 ,
1843 1025 1880 1062 Il
1905 1051 1915 1069 ,
1951 1029 1987 1066 8.

608 1091 689 1128 pag.
711 1089 799 1122 235.

663 1127 826 1164 TEMPLO
848 1130 1054 1173 REPERTA]
1083 1126 1148 1162 Ms.
1163 1124 1274 1162 Corb.
1290 1128 1424 1172 templis.

657 1227 763 1262 CAP.
792 1226 855 1264 VI.
884 1227 975 1272 QUA
1008 1237 1060 1261 AD
1088 1226 1337 1271 ORIENTEM]
1366 1224 1431 1260 Ms.
1445 1225 1548 1262 Harl.
1567 1238 1633 1273 quae
1649 1226 1690 1261 ad
1706 1225 1882 1261 Orientem.

650 1278 845 1313 AEGYPTUS
878 1279 1076 1320 OBJACET]
1110 1275 1294 1312 Ms.Corb
1326 1277 1351 1308 ei
1365 1277 1524 1323 AEgyptas
1540 1277 1670 1318 objacet.
1911 1279 1913 1281 '

660 1327 692 1361 A
722 1339 876 1362 LATERE
904 1325 1056 1370 Svfflffi]
1088 1325 1139 1361 lta
1155 1325 1354 1360 Rhenanus
1383 1327 1416 1360 ὃς
1448 1324 1689 1361 Recentiores.
1724 1324 1767 1360 In
1794 1324 1870 1363 Mss.
1898 1326 1988 1376 Reg-

599 1376 702 1413 Harl.
727 1376 831 1412 Bodl.
847 1375 912 1412 Jes.
930 1374 1049 1410 Guelf.
1066 1378 1099 1411 ὅ(
1114 1374 1334 1411 editionibus
1354 1375 1531 1411 veteribus
1546 1402 1556 1418 ,
1579 1390 1593 1410 e
1621 1377 1717 1412 latere
1732 1375 1845 1423 Syriae.

656 1427 756 1461 ΒΑΜ
782 1428 946 1469 lMssRES]
982 1424 1045 1459 Ms.
1068 1424 1182 1460 Corb.
1200 1428 1271 1458 raro
1297 1425 1419 1458 imbres.

654 1475 867 1514 BALSAMUM
886 1501 894 1516 ‚
923 1485 1075 1513 MODICA
1111 1475 1271 1517 ARBOR]
1300 1472 1352 1507 Ut
1369 1472 1457 1507 olim
1471 1473 1663 1520 Pompeius
1683 1474 1833 1522 Magnus
1864 1474 1900 1508 in
1914 1472 1987 1507 Mi-

601 1524 797 1563 thridatico
828 1523 1012 1570 triumpho
1040 1523 1216 1564 ebenum,
1240 1521 1290 1556 ita
1305 1520 1537 1568 Vespafianus
1560 1522 1735 1569 Titusque
1763 1523 1800 1557 in
1834 1522 1986 1558 Iudaico

602 1574 798 1611 balsamum
826 1572 1023 1609 ostendere.
1049 1572 1106 1608 De
1124 1571 1250 1607 arbore
1275 1580 1384 1611 tantae
1415 1569 1504 1606 olim
1529 1570 1744 1609 celebritatis
1763 1598 1774 1616 ,
1805 1571 1989 1620 hodieque

604 1625 724 1674 magni
737 1623 895 1662 nominis
908 1650 919 1666 ,
948 1634 1064 1672 pauca
1082 1620 1329 1659 disserendum.

1088 1710 1185 1767 De
1223 1710 1494 1785 Balsama.

653 1827 836 1861 BALsAMo
856 1824 969 1872 patria
986 1823 1033 1860 est
1055 1823 1190 1860 Arabia
1216 1824 1312 1862 felix,
1343 1825 1439 1860 Illud
1453 1851 1462 1867 ,
1489 1833 1529 1861 ut
1545 1823 1687 1861 videtur
1714 1835 1734 1858 a
1755 1822 1878 1872 regina
1898 1820 1990 1856 Saba

606 1874 777 1911 Salomon
791 1875 932 1922 accepit
947 1888 957 1917 3
980 1874 1088 1924 idque
1101 1874 1212 1923 vulgi)
1229 1875 1325 1923 apud
1340 1874 1482 1912 Judoeos
1501 1874 1678 1911 ferebatur
1695 1902 1703 1917 ‚
1714 1872 1798 1909 teste
1814 1871 1989 1919 Josepho,

605 1926 717 1973 Antiq.
744 1925 819 1960 Jud.
835 1924 948 1967 VIII,
973 1925 1006 1959 6.
1028 1937 1123 1959 num.
1145 1925 1178 1960 6.
1213 1931 1323 1969 Λέγω-ι
1347 1929 1375 1960 δ’
1401 1926 1447 1960 ὅτι
1477 1925 1503 1962 (ὃ.
1525 1927 1576 1961 τὴν
1604 1927 1627 1961 55}
1649 1922 1857 1967 o'moss’ama'pia
1888 1924 1989 1970 ῥίζαν,

607 1974 636 2011 ‘viv
653 1978 697 2010 ’ἑτι
717 1981 761 2010 νῦν
788 1977 867 2018 ὑμῶν
886 1979 900 2011 ᾖ
919 1975 1004 2023 χώρα
1019 1980 1093 2023 φέρει
1106 2000 1115 2014 ,
1133 1974 1221 2014 δέει-ης
1240 1981 1356 2014 ταύτης
1382 1981 1434 2013 τῆς
1453 1976 1594 2019 ’γυναικὸς
1621 1978 1739 2020 ἐ’χομεν.
1773 1973 1874 2007 Aiunt
1895 1973 1992 2005 etiam

608 2024 688 2072 quod
708 2025 897 2070 opobalsami
915 2025 1072 2067 radicem,
1099 2037 1191 2070 quam
1217 2024 1323 2071 nostra
1349 2027 1521 2059 etiamnum
1541 2035 1625 2058 terra
1646 2024 1709 2058 edit
1724 2050 1732 2065 ,
1767 2023 1836 2056 huic
1863 2021 1990 2055 mulieri

608 2085 764 2119 acceptam
782 2074 932 2119 ferimus.
959 2072 1085 2110 Postea
1104 2073 1153 2109 ita
1171 2087 1190 2109 a
1206 2073 1336 2110 Judaeis
1350 2073 1529 2109 excultum
1547 2072 1594 2109 est
1612 2072 1804 2108 balsamum
1822 2098 1831 2114 ,
1847 2081 1886 2105 ut
1898 2069 1991 2105 inter

607 2134 733 2158 eorum
756 2135 842 2170 opes
861 2134 1161 2160 annumeraretur.
1179 2123 1288 2160 Unde
1303 2122 1476 2166 Juffinus,
1494 2122 1664 2165 XXXVI,
1687 2135 1718 2170 3.
1743 2123 1824 2166 Opes
1848 2121 1935 2167 genti
1950 2130 1991 2153 ex

606 2173 815 2220 vcciigalihus
845 2175 1035 2220 opobalsami
1054 2187 1174 2208 crevere
1189 2200 1198 2215 ‚
1225 2174 1305 2221 quod
1330 2176 1362 2207 in
1381 2175 1428 2208 his
1444 2173 1567 2207 tannim
1587 2173 1762 2220 regionibus
1778 2173 1937 2217 gignitur.

658 2220 772 2269 Capta
794 2220 936 2265 Judaeiz,
966 2222 1160 2258 balsamum
1179 2222 1240 2258 fibi
1259 2221 1460 2258 vindicavit
1479 2221 1601 2263 fiscus3
1631 2224 1662 2257 <Sc
1686 2221 1767 2256 sane
1794 2248 1803 2262 ,
1841 2230 1881 2255 ut
1912 2217 1992 2266 plus

609 2270 700 2306 lucri
727 2270 968 2318 perciperetur
988 2303 995 2314 ,
1028 2273 1065 2309 in
1089 2274 1251 2321 AEgypto
1276 2284 1422 2322 quoque
1446 2271 1570 2307 satum.
1603 2270 1710 2306 Nunc
1739 2268 1856 2304 natale
1876 2267 1990 2304 solum

611 2332 654 2356 ae
676 2319 825 2369 patriam
853 2321 1014 2368 reperim
1038 2334 1106 2358 nec
1120 2324 1188 2369 jam
1205 2321 1393 2359 judaicum
1407 2321 1667 2370 AEgyptiumve
1684 2351 1691 2362 ‚
1708 2318 1766 2355 sed
1778 2318 1991 2359 Arabicum,

610 2371 638 2405 le
662 2371 773 2405 haume
791 2370 826 2404 de
846 2371 877 2404 la
892 2372 1021 2418 Mecque
1043 2397 1052 2413 ,
1085 2371 1293 2407 celebratur.
1317 2371 1511 2406 Plurimum
1540 2369 1684 2419 quidem
1709 2367 1866 2404 nominis
1892 2364 1993 2402 obti-

610 2429 693 2465 net,
722 2419 783 2457 sed
807 2419 903 2469 apud
920 2432 987 2457 nos
1011 2419 1105 2456 samir
1118 2421 1230 2470 magis
1242 2448 1253 2465 ,
1274 2421 1381 2470 quam
1403 2433 1440 2458 re
1459 2434 1467 2457 :
1492 2432 1615 2458 verum
1630 2417 1726 2457 enim
1741 2430 1782 2453 ac
1796 2416 1995 2467 genuinum

1949 2488 1993 2528 in
