2230 3047
169 833 216 860 10

169 1151 218 1191 15

167 1465 224 1491 2c>

170 1780 224 1819 25

173 2098 230 2136 3<3

368 169 903 212 HISTORIARUM
946 167 1166 210 LIBER
1213 170 1504 212 PRIMUS.
1574 175 1628 219 67

245 252 326 293 »tis
346 251 516 293 licentiae
538 251 742 307 posceret3
769 248 937 305 vulgus,
968 253 1009 289 ὅς
1025 248 1158 304 plures
1173 279 1184 298 ‚
1208 250 1467 291 seditionibus
1485 254 1524 291 &
1547 265 1628 290 am-

245 315 392 357 bitioso
406 316 575 371 imperio
597 320 606 335 ¹
622 313 720 363 laeti,
736 328 805 369 per
818 312 949 353 turbas
967 316 1008 352 &
1022 326 1155 367 raptus
1169 311 1324 353 facilius
1342 314 1389 353 ad
1407 313 1528 354 civile
1548 312 1628 353 bel-

244 378 331 419 lum
355 377 680 433 impellerentur:
706 375 819 416 fimul
842 389 1028 432 reputans
1064 390 1148 415 non
1182 375 1288 430 poffe
1319 377 1589 432 principatum
1613 406 1626 427 ,

245 441 395 482 scelere
411 441 610 495 quaesitum
624 469 636 489 ,
657 438 783 480 subita
797 438 986 479 modesti&
1000 468 1014 489 ‚
1035 442 1074 478 ὃ(
1091 438 1217 493 prisca
1234 439 1426 492 gravitate
1444 441 1626 480 retineri:

248 504 316 545 sed
336 504 564 544 discrimine
587 501 700 543 Urbis
723 506 762 542 ὅ(
784 501 966 557 periculo
989 501 1143 541 senatus
1166 502 1304 541 anxius
1321 531 1334 550 ,
1355 503 1551 556 postremo
1573 504 1628 544 ita

247 568 434 609 disseruit.
457 583 480 603 (ε
501 567 647 619 Neque
666 578 710 605 ut
731 566 892 605 affectus
910 566 1056 605 vestros
1076 565 1116 604 in
1139 579 1317 604 amorem
1334 565 1413 603 mei
1434 566 1629 607 accende-

246 645 362 671 »rem
376 659 390 680 ,
413 628 710 670 commilitones
724 658 737 678 ,
758 643 887 682 neque
903 642 946 668 ut
967 629 1144 668 animum
1166 628 1214 667 ad
1233 628 1423 667 virtutem
1443 630 1630 670 cohorta-

247 710 270 731 22
280 709 362 734 rer:
390 706 554 746 utraque
570 692 679 732 enim
699 691 859 746 egregie
876 691 1105 747 supersunt:
1127 691 1194 730 sed
1214 692 1308 730 veni
1328 689 1592 746 postulaturus
1610 708 1630 732 a

247 755 395 796 »vobis
410 767 771 811 temperamentum
787 755 917 794 vestrae
930 754 1197 803 fortitudinis,
1219 758 1259 794 ὃς
1276 769 1369 808 erga
1385 769 1448 794 me
1465 754 1632 794 modum

247 836 269 857 >2
281 820 467 860 caritatis.
500 816 716 858 Tumultus
747 819 921 874 proximi
951 819 1111 857 initium
1125 847 1138 866 ,
1172 832 1253 857 non
1281 817 1500 872 cupiditate
1515 847 1527 866 ,
1566 815 1633 857 vel

247 900 270 920 >›
282 883 398 932 odio,
412 897 494 936 quae
509 880 657 922 multos
671 882 869 921 exercitus
887 882 928 920 in
946 881 1185 921 discordiam
1202 881 1336 935 egere,
1351 895 1397 920 ac
1414 896 1463 921 ne
1478 880 1635 921 detrec-

247 963 270 983 »
280 948 432 986 tatione
446 945 607 999 quidem
617 975 628 994 ,
646 958 712 985 aut
726 944 940 984 formidine
954 942 1243 999 periculorum:
1267 945 1388 983 nimia
1403 945 1528 999 pietas
1545 943 1635 984 ves-

247 1024 340 1050 »tra
353 1039 366 1060 ,
394 1009 520 1049 acrius
540 1007 658 1062 quam
680 1007 961 1049 consideratius
976 1037 988 1056 ,
1012 1008 1218 1047 excitavit.
1234 1009 1343 1047 Nam
1367 1007 1465 1062 saepe
1487 1007 1636 1047 hones-

247 1087 337 1113 »ras
353 1086 485 1112 rerum
501 1072 657 1121 causas,
677 1072 718 1110 ni
734 1069 928 1122 judicium
942 1070 1150 1120 adhibeas,
1171 1071 1381 1126 perniciosi
1394 1071 1522 1110 exitus
1539 1085 1636 1110 con-

247 1153 268 1173 2>
280 1136 508 1189 sequuntur.
531 1135 640 1175 Imus
663 1134 711 1175 ad
733 1133 910 1174 bellum:
937 1148 1033 1173 num
1057 1148 1195 1174 omnes
1220 1135 1382 1173 nuntios
1406 1132 1537 1189 palam
1564 1148 1636 1173 au-

247 1216 270 1236 >›
281 1199 376 1249 diri,
391 1199 527 1239 omnia
541 1197 704 1238 consilia
721 1199 870 1238 cunStis
889 1196 1144 1253 praesentibus
1162 1198 1315 1237 traEtari
1330 1227 1342 1246 ,
1357 1198 1458 1236 ratio
1473 1211 1603 1236 rerum
1620 1225 1635 1246 ,

247 1275 348 1303 »aut
368 1261 625 1302 occasionum
643 1259 839 1301 velocitas
860 1262 1034 1316 patitur?
1062 1260 1166 1300 Tam
1187 1260 1339 1300 nescire
1361 1259 1537 1313 quaedam
1562 1261 1637 1298 mi-

248 1324 371 1366 »lites
387 1355 399 1374 ,
424 1323 542 1379 quam
562 1324 662 1365 scire
687 1338 860 1380 oportet.
879 1324 941 1364 Ita
961 1323 1000 1364 se
1021 1323 1171 1364 ducum
1195 1325 1403 1363 austoritas
1421 1353 1432 1372 ,
1456 1323 1506 1363 sic
1527 1324 1635 1377 rigor

248 1387 499 1444 »disciplinae
527 1387 674 1438 habet,
701 1400 746 1427 ut
777 1386 904 1428 multa
939 1388 1060 1427 etiam
1092 1387 1348 1427 centuriones
1373 1385 1635 1439 tribunosque

250 1454 438 1492 »tantum
456 1449 585 1503 juberi
606 1450 804 1507 expediat.
826 1452 898 1502 Si,
923 1449 993 1490 ubi
1011 1448 1247 1502 jubeantur,
1272 1464 1443 1504 quaerere
1474 1448 1636 1503 singulis

249 1514 429 1561 >›liceat;
454 1528 646 1570 pereunte
662 1513 855 1569 obsequio
870 1544 883 1565 ,
910 1515 1030 1554 etiam
1050 1514 1261 1569 imperium
1277 1513 1494 1553 intercidit.
1511 1514 1576 1551 An
1596 1516 1638 1552 δε

250 1577 369 1620 »illic
385 1579 501 1619 ηοξὶε
520 1576 752 1633 intempesta
771 1579 974 1634 rapientur
995 1580 1128 1617 arma?
1152 1578 1263 1617 Unus
1284 1576 1435 1617 alterve
1461 1575 1638 1631 perditus

251 1658 274 1679 >›
285 1657 332 1683 ac
346 1640 590 1682 temulentus
608 1645 620 1691 (
637 1656 766 1694 neque
781 1643 889 1682 enim
903 1638 1036 1697 plures
1052 1641 1371 1681 consternatione
1388 1636 1569 1695 proxima
1584 1640 1641 1678 in-

253 1704 423 1746 »sanisse
454 1704 691 1745 crediderim
716 1708 727 1753 )
750 1705 996 1745 centurionis
1031 1719 1076 1744 ac
1104 1703 1252 1743 tribuni
1281 1703 1472 1757 sanguine
1500 1717 1639 1743 manus

253 1786 274 1806 »
283 1767 467 1808 imbuet?
494 1768 750 1823 Imperatoris
770 1767 827 1807 sui
847 1768 1065 1808 tentorium
1083 1768 1314 1822 inrumpet?

317 1830 588 1873 LXXXIV.
621 1848 644 1867 >›
671 1832 772 1872 Vos
796 1831 958 1885 quidem
973 1830 1073 1870 istud
1091 1845 1164 1886 pro
1181 1844 1245 1870 me
1263 1834 1300 1869 ²:
1322 1829 1444 1870 sedin
1463 1829 1641 1870 discursu

254 1910 334 1936 »ac
356 1893 528 1936 tenebris
542 1924 555 1945 ,
580 1898 621 1935 ὃς
643 1908 775 1934 rerum
797 1895 979 1935 omnium
998 1893 1233 1934 confusione
1247 1923 1259 1943 ,
1283 1893 1461 1949 patefieri
1483 1893 1642 1934 occasio

254 1960 407 1999 »etiam
430 1957 614 1998 adversus
633 1971 697 1998 me
721 1959 859 2013 potest.
879 1959 923 1998 Si
945 1955 1116 1999 Vitellio
1139 1961 1178 1998 &
1201 1956 1437 1997 satellitibus
1457 1955 1540 2008 ejus
1566 1955 1643 1996 eli-

254 2022 408 2077 »gendi
426 2019 594 2063 facultas
615 2021 730 2061 detur
743 2051 756 2071 ,
777 2036 896 2075 quem
912 2020 1028 2061 nobis
1049 2022 1226 2060 animum
1240 2050 1252 2070 ,
1282 2035 1376 2074 quas
1398 2033 1550 2059 mentes
1572 2021 1643 2058 im-

256 2101 278 2122 >›
289 2087 531 2141 precentur?
559 2084 653 2138 quid
673 2082 782 2125 aliud
796 2116 809 2136 ,
835 2083 954 2139 quam
974 2083 1212 2125 seditionem
1229 2088 1268 2124 ὃ(
1286 2082 1526 2123 discordiam
1539 2113 1552 2132 ,
1574 2097 1643 2138 op-

255 2164 278 2185 »
288 2147 450 2188 tabunt?
475 2162 523 2188 ne
542 2146 656 2188 miles
671 2150 919 2198 centurioni,
939 2162 986 2188 ne
1005 2149 1188 2188 centurio
1202 2146 1365 2187 tribuno
1381 2145 1641 2199 obsequatur:

257 2212 387 2253 »hinc
407 2211 560 2252 confusi
579 2211 733 2267 pedites
750 2211 1005 2265 equitesque,
1028 2211 1070 2250 in
1085 2211 1253 2252 exitium
1274 2224 1446 2251 ruamus.
1461 2208 1644 2250 Parendo

299 2314 312 2328 ²
334 2311 517 2341 Amnrrioso
543 2321 675 2340 1MPER10
692 2311 705 2347 ]
722 2308 858 2349 Imperio
881 2319 935 2348 per
975 2309 1096 2345 nebris,
1116 2309 1150 2339 &
1166 2319 1267 2339 rerum
1285 2307 1427 2339 omnium
1441 2305 1649 2341 confusione,

258 2348 415 2380 ambitum
438 2348 564 2389 quaefito
581 2350 615 2380 ὃ(
635 2358 771 2380 retento.
976 2348 1069 2379 hostis
1083 2348 1213 2388 aliquis,
1227 2359 1280 2379 aur
1306 2347 1480 2378 malevolus
1493 2370 1501 2381 ,
1517 2344 1650 2376 occasio-

300 2393 311 2414 3
335 2389 429 2419 lswn
453 2400 514 2419 vno
539 2390 609 2426 Miz]
637 2391 701 2420 Vos
718 2388 846 2428 quidem
859 2386 937 2417 istud
977 2399 1017 2418 ne
1034 2388 1080 2420 uti
1098 2388 1212 2429 potest,
1245 2396 1279 2420 ut
1299 2387 1376 2418 mihi
1410 2386 1542 2417 exitium
1572 2384 1650 2415 affe-

259 2435 317 2464 pro
334 2437 385 2460 me
410 2428 530 2469 egistis:
547 2428 600 2459 sed
623 2428 658 2459 in
677 2427 811 2461 discursu
830 2436 865 2458 ae
887 2435 937 2458 te·
979 2436 1035 2459 rat.
1399 2468 1418 2510 I
1440 2467 1464 2476 .-

1438 2484 1464 2522 ¹)

1652 307 1680 330 A.
1692 308 1719 329 U.
1734 307 1768 330 C.

1673 353 1744 381 822.

1676 409 1697 432 J.
1710 409 1740 432 C.

1680 454 1733 488 69.
