2209 3047
495 310 527 335 A.
540 311 567 333 U.
579 310 608 334 C.

516 359 585 393 823.

518 408 539 431 J.
552 408 583 432 C.

524 464 578 495 70,

632 183 718 231 338
1054 176 1564 221 APPENDIX

632 257 753 300 »solo
781 256 865 311 ejus
891 259 1050 301 excidio
1075 261 1165 317 paci
1194 261 1283 302 satis
1310 258 1529 302 consuli».
1545 257 1647 300 Aliis
1665 257 1849 316 placebat
1874 262 2011 307 «illud

633 322 828 377 »quidem
846 322 1017 375 servari,
1033 323 1078 375 fi,
1106 324 1341 365 adeuntibus
1363 322 1590 379 legionibus
1605 352 1617 373 ,
1637 338 1743 364 arma
1765 323 2011 379 deponerent

634 386 792 431 »Judaei
811 387 886 427 :sin
906 385 1121 439 bellarent,
1141 387 1343 429 exscindi:
1361 386 1438 441 jam
1474 389 1582 428 enim
1608 401 1690 427 non
1720 386 1854 428 sedem
1879 390 2010 429 numi-

635 467 658 488 ))
670 451 729 490 nis
747 480 759 500 ‚
791 450 858 491 sed
877 449 974 491 belli
997 467 1129 493 arcem
1152 452 1251 493 effe:
1283 467 1359 493 nec
1392 466 1513 508 penes
1540 452 1750 492 Romanos
1770 480 1783 501 ,
1805 451 1871 491 sed
1892 465 2013 506 penes

633 513 825 557 »Judzeos
842 514 891 555 ad
918 512 1001 566 ejus
1016 516 1261 556 eversionem
1278 515 1439 557 duratos
1455 545 1467 565 ‚
1499 515 1582 555 fore
1605 513 1810 570 piaculum
1836 530 1858 551 η
1870 545 1879 555 .
1895 514 2013 556 Titus

635 575 779 619 contra
794 577 1041 620 adseveravit
1055 609 1068 630 ,
1096 597 1117 616 «
1141 579 1290 619 etiamst
1308 579 1525 620 resisterent
1545 578 1670 622 Judaei
1687 608 1700 628 ,
1724 577 1762 618 se
1796 592 2014 631 numquam

632 641 962 682 »commissurum
982 671 995 692 ‚
1029 656 1074 683 ut
1111 644 1153 682 in
1186 656 1326 683 eorum
1359 643 1591 699 pervicaciae
1628 656 1791 698 poenam
1831 641 2015 682 adversus

632 703 858 760 »templum
888 705 1058 745 saeviret:
1086 718 1202 746 tantae
1229 707 1535 761 magnificentiae
1555 721 1654 762 opus
1678 705 1781 746 dirui
1802 719 1885 745 non
1908 703 2016 760 poffe

630 767 742 808 »sine
763 766 904 822 populi
925 769 1103 809 Romani
1124 767 1288 822 injuria:
1308 770 1458 824 grande
1480 771 1576 810 vero
1590 800 1603 820 ,
1629 769 1655 809 si
1673 770 1811 818 staret,
1833 768 1919 808 fore
1940 768 2015 807 im-

629 832 762 886 »perii
797 834 837 870 ὃ(
869 832 1040 871 vi&oriae
1076 847 1357 873 ornamentum
1387 851 1430 872 >›.
1466 833 1565 873 Tito
1593 832 1797 873 adsensere
1824 832 1979 872 Fronto
2001 858 2014 880 ,

630 892 862 935 Alexander
884 897 924 934 &
956 894 1160 942 Cerealis;
1184 896 1356 950 datoque
1378 895 1605 951 legionibus
1621 925 1634 946 ,
1661 908 1706 935 ut
1732 892 2016 946 interquiesce-

629 970 747 1006 rent,
778 955 933 1011 spatio,
959 956 1116 997 deletis:
1143 960 1331 1000 cohortes
1347 989 1359 1009 ,
1388 975 1471 1013 quae
1497 957 1639 1014 templi
1665 957 1852 998 incendia
1878 957 2016 997 restin-

630 1031 800 1074 guerent
830 1024 840 1041 ¹
859 1049 874 1070 ,
908 1020 1094 1074 viamque
1121 1022 1364 1073 sternerent,
1396 1021 1473 1076 qua
1498 1021 1629 1062 facilis
1654 1018 1882 1075 legionibus
1911 1018 2017 1060 foret

629 1082 771 1124 aditus.

692 1144 947 1186 XXXVII.
981 1146 1101 1186 DUM
1115 1146 1270 1204 templo
1290 1149 1345 1189 ita
1359 1146 1597 1203 invigilabat
1621 1145 1840 1188 clementia
1856 1146 2015 1187 Roma-

629 1223 709 1258 na,
736 1210 777 1248 in
803 1206 886 1259 ejus
916 1210 1069 1251 ruinam
1100 1212 1320 1267 praecipites
1353 1211 1510 1256 Judaeos
1540 1212 1622 1266 agit
1647 1210 1758 1250 furor
1797 1213 1825 1250 ².
1859 1210 2016 1263 Magno

629 1272 739 1311 enim
760 1273 914 1327 impetu
938 1288 1006 1329 per
1030 1274 1282 1316 Orientalem
1302 1289 1459 1331 portam
1482 1275 1619 1330 egressi
1649 1278 1659 1301 ³
1677 1302 1690 1324 ,
1717 1274 1759 1313 in
1779 1273 2016 1326 Romanos,

628 1336 698 1389 qui
721 1336 763 1374 in
784 1334 939 1391 templo
966 1338 1163 1379 exteriore
1184 1338 1373 1379 excubias
1396 1338 1592 1394 agebant,
1617 1339 1864 1392 inrumpunt.
1885 1337 2019 1392 Impe-

631 1410 718 1439 tum
758 1398 916 1439 fortiter
964 1399 1176 1442 sustinuere
1209 1402 1390 1442 Romani
1420 1407 1438 1430 4
1466 1432 1480 1452 ,
1521 1401 1646 1442 densis
1686 1399 1890 1440 ordinibus
1918 1428 1932 1450 ,
1975 1402 2017 1439 ὅ(

629 1461 824 1502 consertis
847 1476 939 1503 ante
968 1478 1037 1504 ora
1059 1463 1199 1519 clipeis
1216 1495 1228 1514 ‚
1255 1463 1483 1505 immobiles
1505 1468 1545 1504 ὅ(
1568 1462 1906 1520 impenetrabiles.
1928 1463 2019 1502 Nu-

626 1538 741 1566 mero
765 1537 901 1566 tamen
929 1526 1100 1582 impares
1137 1527 1356 1578 cessiffent,
1382 1529 1424 1567 ni
1450 1528 1593 1576 Titus,
1624 1541 1645 1566 e
1670 1527 1769 1566 turri
1793 1522 1974 1565 Antonia
2003 1528 2017 1556 5

628 1601 805 1643 pugnam
826 1589 1077 1645 prospectans
1091 1619 1103 1639 ‚
1128 1588 1230 1632 citus
1250 1606 1369 1647 opem
1391 1605 1484 1632 cum
1506 1588 1616 1630 leffis
1638 1587 1836 1643 equitibus
1858 1586 2019 1629 tulisset.

628 1651 754 1695 Judaei
768 1681 781 1702 ,
801 1652 986 1693 adversus
1006 1652 1167 1693 Caesaris
1189 1655 1271 1694 vim
1292 1652 1486 1704 invalidi,
1515 1656 1555 1693 ὅ(
1581 1654 1622 1692 in
1642 1652 1779 1707 fugam
1799 1652 1872 1692 affl
1886 1681 1898 1701 ,
1919 1649 2020 1691 subi-

627 1715 736 1755 tariis
757 1713 1059 1758 velitationibus
1077 1716 1216 1758 frustra
1234 1716 1425 1759 inlusere:
1447 1717 1603 1773 semper
1623 1716 1738 1767 vieti,
1759 1716 1802 1755 in
1821 1712 2019 1771 templum

627 1777 879 1835 profugiunt.

691 1841 981 1885 XXXVIII.
1014 1844 1130 1885 TUM
1153 1844 1271 1886 Titus
1286 1873 1299 1895 ,
1324 1844 1366 1884 in
1391 1842 1613 1885 Antoniam
1637 1842 1778 1884 turrim
1799 1840 1978 1882 reversus
2002 1869 2017 1891 ,

630 1905 786 1959 postero
822 1905 886 1947 die
916 1905 1001 1947 tot&
1029 1908 1189 1949 suorum
1218 1910 1260 1949 vi
1294 1908 1481 1958 inruere,
1511 1904 1787 1962 templumque
1815 1903 2015 1945 circumsi-

630 1965 723 2009 dere
749 1968 977 2011 destinabat.
997 1971 1076 2012 Sed
1093 1971 1312 2013 acriorDei
1331 1971 1387 2011 ira
1411 1970 1568 2014 Judaeos
1596 1968 1777 2025 urgebat.
1800 1967 1876 2023 Ipsi
1890 1996 1904 2018 ,
1932 1966 2020 2008 suas

629 2029 681 2070 ad
708 2046 847 2087 poenas
878 2035 1083 2090 prompti,
1109 2035 1319 2075 Romanos
1356 2032 1645 2088 restinguendis
1682 2031 1892 2073 exterioris
1920 2042 2018 2070 tem-

671 2166 681 2181 ¹
706 2163 857 2195 Iuvernam
875 2167 1159 2204 RESTINGUERENT]
1183 2165 1306 2206 joseph.
1339 2169 1385 2202 V,
1409 2175 1436 2206 5·
1453 2175 1540 2196 num·
1559 2177 1587 2204 3·

632 2200 710 2232 ibid·
1379 2210 1394 2229 4
1417 2208 1611 2236 Summus-RE
1642 2206 1773 2236 Romm
1795 2204 1810 2241 ]
1836 2200 1984 2241 Josephus
2006 2208 2018 2237 3

671 2246 684 2287 „²
707 2244 787 2274 Aon-
809 2255 912 2275 runon
931 2246 945 2282 ]
961 2246 1032 2276 Haec
1049 2244 1128 2285 gesta
1150 2245 1200 2276 die
1219 2245 1306 2276 deci-
1339 2245 1417 2276 Bell.
1437 2245 1505 2275 Jud.
1523 2247 1563 2277 VI
1578 2269 1586 2281 ‚
1609 2256 1638 2282 4.
1656 2255 1741 2275 num.
1759 2255 1791 2281 4.

627 2290 682 2311 ma
702 2281 810 2313 menfis
829 2284 891 2314 Loi
905 2308 913 2320 ‚
935 2285 984 2315 seu
1005 2296 1021 2324 5
1040 2284 1183 2323 Augusti;
1206 2294 1239 2315 ut
1259 2295 1308 2325 pa·
1381 2291 1389 2312 5
1414 2286 1436 2314 E
1459 2295 1553 2315 Tuam
1576 2287 1720 2315 Aru-oum
1743 2286 1756 2321 ]
1777 2284 1858 2321 Ergo
1878 2290 1944 2324 non
1968 2287 2017 2309 to-

629 2328 676 2351 tet
691 2331 728 2352 ex
745 2322 878 2361 Jcsepho
892 2346 900 2359 ,
925 2323 1002 2354 ibid.
1017 2334 1092 2353 num
1120 2335 1148 2360 4.
1340 2333 1371 2355 ta
1393 2323 1531 2355 funditus
1559 2323 1683 2361 eversa;
1713 2322 1763 2352 sed
1778 2345 1786 2357 ‚
1813 2329 1847 2351 ut
1868 2320 2017 2353 Videtur,

671 2364 681 2385 ³
704 2362 763 2391 PER
786 2364 996 2393 Ommmmm
1019 2373 1149 2392 vonum
1171 2364 1185 2399 ]
1218 2363 1307 2393 Porta
1338 2374 1403 2402 pars
1423 2363 1527 2402 aliqua
1548 2363 1674 2393 servata.
1696 2362 1743 2391 De
1771 2360 1835 2398 ejus
1860 2357 2017 2398 magnitu-

629 2397 693 2429 haec
722 2409 835 2431 ceteras
861 2401 1091 2441 magnificentia
1112 2401 1271 2438 superabat
1296 2426 1304 2437 ,
1340 2403 1412 2434 dine
1431 2402 1547 2434 dietum
1565 2401 1605 2433 est
1625 2401 1712 2440 supra
1728 2399 1801 2431 Hist.
1819 2401 1863 2436 V,
1885 2408 1932 2428 Η.
1947 2404 2018 2428 not·

629 2446 664 2470 ut
677 2438 782 2472 videre
796 2441 836 2472 est
848 2442 929 2482 apud
942 2441 1125 2481 Josephum‚
1139 2440 1218 2472 Bell.
1233 2441 1304 2472 Jud.
1340 2444 1369 2474 8.

2048 841 2097 871 10

2043 1468 2103 1497 20
