2230 3047
531 319 562 342 A.
575 320 634 342 ΜΕ,

575 376 623 393 22.

554 417 577 439 J.
590 417 618 440 C.

561 465 612 498 69,

678 192 761 239 156
902 186 950 226 C.
1016 186 1439 228 CORNELII
1502 184 1804 225 TACITI

668 285 689 303 »
701 278 912 320 querentur
926 295 938 315 ,
960 267 1155 307 minorem
1172 267 1247 308 effe
1262 266 1364 322 apud
1380 267 1502 305 νίἃοε
1519 265 1708 304 animum.
1724 263 1803 303 Sed
1820 263 1962 303 inseffis
1982 263 2043 304 in-

638 336 643 342 '
667 331 814 370 »terim
831 326 1021 384 Alpibus,
1040 344 1252 370 venturum
1265 343 1356 369 cum
1372 328 1498 383 copiis
1514 327 1692 367 Orientis
1709 326 2043 366 Mucianum&-

665 409 687 429 »
698 390 845 448 peresse
868 391 1108 447 Vespasiano
1136 407 1240 432 mare
1255 420 1267 440 ‚
1293 389 1426 430 classes
1441 419 1454 439 ‚
1480 389 1602 429 studia
1627 390 1948 444 provinciarum,
1974 401 2043 441 per

664 472 687 492 ³>
699 469 792 508 quas
809 453 921 495 velut
937 454 1096 496 alterius
1109 453 1204 494 belli
1222 452 1371 492 molem
1388 454 1523 493 cieret.
1537 452 1597 491 Ita
1613 449 1758 491 salubri
1773 448 1903 501 mora,
1919 463 2042 489 novas

663 535 686 555 >2
697 519 799 559 vires
815 517 949 558 adfore
963 548 975 568 ‚
1005 522 1045 558 ὅ(
1063 515 1314 572 praesentibus
1330 515 1431 555 nihil
1451 516 1670 570 periturum
1686 532 1707 551 »
1719 545 1729 554 .

725 581 785 621 II.
818 582 892 620 AD
913 595 959 621 ea
974 581 1175 620 Antonius
1192 579 1345 618 Primus
1361 581 1373 627 (
1388 579 1419 618 is
1448 579 1659 618 acerrimus
1673 575 1770 617 belli
1787 576 2038 624 concitator)

670 662 693 681 «
709 643 1095 698 festinationemipsis
1104 641 1265 691 utilem,
1284 639 1450 682 Vitellio
1460 641 1699 681 exitiosam»
1716 638 1905 680 differuit:
1923 636 2043 693 «plus

662 706 883 747 »socordiae
897 735 910 755 ‚
932 705 1047 760 quam
1062 705 1213 744 fiducioe
1227 734 1240 754 ,
1264 703 1457 744 acceffiffe
1473 702 1707 744 vidtoribus:
1731 716 1859 756 neque
1875 702 1981 742 enim
1998 701 2041 739 in

660 770 900 824 »procint‘tu
918 773 927 789 ¹
946 771 986 808 ὅ(
1009 768 1138 808 castris
1154 767 1309 807 habitos
1324 783 1332 805 :
1361 781 1430 822 per
1447 768 1582 807 onmia
1600 765 1722 808 Italiae
1737 766 1956 820 municipia
1971 763 2040 804 de-

659 848 682 869 >2
692 832 788 872 fides
804 861 817 881 ,
839 833 993 871 tantum
1012 829 1235 885 hospitibus
1260 829 1495 870 metuendos
1510 846 1517 869 :
1543 831 1693 884 quanto
1709 828 1880 869 ferocius
1894 826 1983 867 ante
2000 825 2038 865 se

658 911 681 932 2)
693 896 847 949 egerint
861 922 873 943 ,
898 895 1011 933 tanto
1039 893 1219 947 cupidius
1251 891 1429 932 insolitas
1460 891 1686 948 voluptates
1715 890 1875 931 hausisse
1892 907 1899 929 :
1927 890 2038 929 circo

657 974 681 995 2>
693 970 851 1010 quoque
865 985 879 1006 ,
900 971 947 996 ac
961 957 1124 996 theatris
1137 985 1150 1005 ‚
1173 959 1213 995 ὃ(
1227 956 1458 995 amoenitate
1472 955 1588 995 Urbis
1602 952 1806 995 emollitos
1820 982 1833 1003 ‚
1855 964 1922 993 aut
1935 949 2039 992 vale-

656 1017 892 1059 »tudinibus
908 1022 921 1038 ²
937 1018 1068 1059 feffos.
1083 1017 1162 1058 Sed
1175 1018 1310 1058 addito
1336 1017 1462 1072 spatio
1475 1047 1487 1067 ‚
1513 1018 1729 1057 rediturum
1760 1021 1800 1056 ὅ(
1832 1017 1892 1056 his
1917 1013 2038 1054 robur

655 1098 680 1120 >›
691 1082 950 1131 meditatione
973 1080 1069 1122 belli
1085 1097 1092 1120 ε
1121 1095 1196 1121 nec
1212 1079 1356 1136 procul
1373 1081 1630 1121 Germaniam
1643 1109 1657 1130 ,
1681 1080 1787 1120 unde
1803 1079 1904 1119 vires
1920 1095 1928 1117 ε
1954 1077 2038 1126 Bri-

655 1145 866 1185 »tanniam
878 1144 981 1185 freto
995 1144 1148 1184 dirimi:
1171 1141 1283 1196 juxta
1299 1140 1451 1183 Gallias
1464 1173 1478 1193 ,
1502 1142 1810 1199 Hispaniasque:
1836 1142 2035 1194 utrimque

653 1223 677 1245 ³>
689 1208 822 1257 viros,
847 1222 970 1261 equos
985 1237 999 1258 ,
1022 1206 1190 1247 tributa:
1217 1207 1419 1262 ipsamque
1436 1205 1617 1257 Italiam,
1642 1210 1682 1246 ὅ(
1702 1220 1798 1260 opes
1823 1203 1959 1244 Urbis:
1985 1218 2033 1243 ac

653 1270 713 1309 »si
729 1269 873 1310 inferre
889 1285 995 1310 arma
1010 1269 1117 1310 ultro
1132 1269 1260 1310 velint
1275 1299 1288 1319 ‚
1313 1269 1408 1309 duas
1425 1268 1560 1310 classes
1579 1274 1589 1298 ³
1607 1298 1620 1319 ‚
1643 1281 1894 1321 vacuumque
1909 1265 2035 1319 Illyri-

652 1348 780 1373 »cum
795 1348 914 1373 mare.
933 1333 1045 1387 Quid
1060 1346 1144 1373 tum
1163 1331 1326 1373 claustra
1342 1333 1541 1372 montium
1558 1332 1762 1388 profutura
1777 1333 1789 1370 ἓ
1814 1330 1909 1384 quid
1928 1343 2035 1371 trac-

652 1411 675 1432 >2
685 1409 771 1435 tum
783 1397 824 1436 in
837 1397 1003 1436 aestatem
1016 1394 1133 1437 aliam
1145 1394 1319 1435 bellum?
1332 1395 1437 1435 unde
1452 1396 1609 1435 interim
1624 1395 1856 1450 pecuniam,
1874 1396 1913 1433 ὃ(
1925 1407 2034 1433 com-

650 1473 674 1495 »
684 1472 836 1499 meatus
851 1461 864 1497 ἓ
891 1460 1004 1513 Quin
1020 1460 1152 1514 potius
1168 1472 1217 1498 eo
1235 1457 1322 1513 ipso
1337 1470 1540 1497 uterentur
1552 1487 1566 1508 ,
1594 1458 1701 1511 quod
1717 1456 1954 1497 Pannonica:
1971 1454 2029 1496 le-

649 1536 673 1558 »
683 1522 824 1575 giones
837 1521 1012 1577 deceptae
1025 1522 1171 1575 magis,
1187 1519 1304 1574 quam
1317 1521 1425 1560 vieioe
1434 1550 1447 1570 ‚
1463 1521 1664 1575 resurgere
1676 1522 1717 1559 in
1732 1519 1927 1560 ultionem
1942 1533 2029 1573 pro-

648 1597 823 1639 »perent
838 1602 845 1624 z
860 1584 1020 1625 Moefici
1033 1584 1231 1624 exercitus
1248 1587 1265 1611 4
1289 1584 1461 1637 integras
1487 1584 1588 1624 vires
1603 1582 1820 1624 attulerint.
1833 1583 1876 1622 Si
1893 1595 2027 1621 nume-

647 1661 671 1683 »
680 1661 744 1687 rus
758 1645 930 1686 militum
947 1648 1078 1702 potins
1091 1675 1104 1696 ,
1130 1644 1247 1699 quam
1262 1643 1470 1700 legionum
1487 1660 1646 1702 putetur
1661 1660 1673 1693 ς
1697 1644 1785 1701 plus
1801 1646 1897 1685 hinc
1913 1642 2029 1684 robo-

646 1724 670 1746 )›
680 1710 732 1749 ris
745 1738 759 1759 ,
785 1708 886 1749 nihil
901 1709 1112 1750 libidinum
1128 1739 1141 1759 ,
1171 1712 1211 1749 ὃς
1228 1708 1413 1764 profuisse
1437 1708 1651 1765 disciplinae
1668 1709 1796 1764 ipsum
1819 1707 2026 1763 pudorem.

646 1771 843 1825 »Equites
863 1775 959 1813 vero
973 1801 986 1822 ‚
1012 1788 1061 1813 ne
1077 1786 1164 1812 tum
1180 1771 1340 1825 quidem
1370 1772 1515 1819 viiios3
1537 1772 1624 1822 sed,
1645 1786 1883 1825 quamquam
1907 1769 2023 1810 rebus

645 1849 669 1871 »
680 1834 846 1875 adversis
862 1865 876 1885 ,
903 1833 1106 1888 disjeEiam'
1119 1832 1277 1875 Vitellii
1297 1835 1425 1875 aciem
1446 1839 1474 1875 5.
1495 1835 1595 1875 Duae
1612 1848 1708 1875 tunc
1723 1833 1961 1875 Pannonicae
1978 1847 2026 1873 ac

635 1897 854 1938 V»Moes1cae
871 1896 938 1938 alae
955 1912 1164 1954 perrupere
1180 1897 1332 1938 hostem
1349 1896 1378 1937 ⁶.
1403 1899 1445 1938 N
1449 1912 1528 1939 unc
1544 1898 1718 1938 sedecim
1748 1896 1897 1937 alarum
1924 1910 2025 1936 con-

645 1957 809 2010 »junCta
828 1960 953 2014 signa,
974 1960 1090 2017 pulsu
1106 1961 1338 2013 sonituque,
1360 1963 1399 2000 &
1415 1960 1519 2001 nube
1536 1959 1618 2016 ipsa
1634 1961 1817 2015 operient
1832 1974 1878 1999 ac
1894 1958 2024 2014 super-

644 2021 846 2063 »fundent
859 2022 1007 2064 oblitos
1019 2023 1256 2080 proeliorum
1270 2024 1421 2077 equites
1434 2024 1646 2078 equosque.
1659 2024 1701 2063 N
1705 2023 1745 2062 ifi
1759 2023 1844 2077 quis
1857 2022 2022 2074 retinet,

661 2187 666 2192 .
686 2154 694 2168 ¹
715 2151 749 2178 IN
768 2160 946 2193 wolcmero
958 2151 972 2187 ]
983 2153 1017 2181 In
1034 2152 1190 2183 exercitiis
1199 2153 1312 2184 milita-
1350 2153 1501 2184 exercitus
1517 2150 1677 2182 attulerint
1693 2151 1776 2182 vires
1793 2149 1944 2188 integras,
1958 2159 2016 2179 nec

640 2189 737 2218 Ubus·
753 2189 873 2219 (35¹1th
889 2199 921 2217 en
941 2190 1057 2220 haleifle.
1348 2193 1434 2223 bello
1461 2191 1576 2221 frattas.
1604 2191 1716 2221 Proelio
1736 2187 1928 2219 Bebriacenfi
1948 2198 2014 2219 non

681 2233 692 2245 ²
715 2229 993 2267 VALETumMrus]
1004 2230 1052 2260 Sic
1062 2230 1177 2260 Plinius
1187 2232 1307 2268 XXIII,
1347 2231 1567 2262 interfuerant:
1582 2230 1656 2260 vide
1668 2230 1741 2260 Hist.
1758 2230 1784 2258 ΙΙ
1799 2251 1807 2264 ,
1834 2239 1885 2266 44.

644 2276 670 2295 1.
686 2268 763 2309 βεὲὶ.
783 2277 832 2304 24.
850 2266 932 2306 Quod
956 2268 992 2296 ad
1002 2268 1120 2305 febrium
1137 2270 1308 2299 valetudines
1388 2277 1396 2298 5
1422 2272 1567 2301 Virum]
1593 2280 1691 2300 Aelim
1712 2270 1726 2305 ]
1751 2268 1845 2306 Supra
1866 2265 1938 2296 Hist.
1964 2267 2013 2302 Π,

637 2314 749 2333 atttner.
1345 2321 1397 2348 43,

678 2350 687 2370 3
713 2345 799 2374 Duas
828 2357 955 2376 ctassts
983 2347 998 2382 ]
1026 2347 1240 2378 Ravennatem
1272 2349 1306 2379 &
1385 2351 1397 2368 ⁶
1419 2344 1873 2384 Ptnnuvrnssnosrffl]Pugnzi
1889 2342 2012 2374 Bebria-

633 2382 855 2422 Misenensem3
881 2393 914 2414 ut
935 2385 1021 2423 snpra
1042 2385 1115 2415 Hist.
1141 2388 1189 2422 11,
1219 2398 1284 2416 100.
1343 2387 1424 2418 censi
1441 2388 1541 2427 pulsus
1553 2397 1644 2426 eques
1658 2385 1860 2421 Vitellianus,
1875 2383 2012 2420 }1ist.11,

669 2426 683 2445 ⁴
704 2423 823 2454 Marsici
846 2425 1046 2462 ExEchus]
1072 2425 1166 2463 Quod
1182 2426 1302 2459 Moefici
1341 2439 1392 2466 44.

2096 517 2118 556 5

2070 840 2119 866 10

2067 1153 2113 1192 ³5

2056 1472 2113 1499 20
