2209 3047
332 177 804 222 HISTORIARUM
843 175 1042 217 LIBER
1077 176 1394 232 QUARTUS.
1474 183 1559 232 285

181 262 358 317 »patrati
380 261 544 301 remedii
559 259 730 315 gloriam
750 272 871 315 penes
886 256 1106 303 Caesarern3
1132 259 1241 299 inriti
1262 258 1478 301 ludibrium
1500 275 1565 317 pe·
1637 310 1644 314 v

182 340 204 361 »
215 339 283 365 nes
297 324 458 364 miseros
472 323 558 364 fore
572 341 593 360 ))
606 355 614 363 .
627 324 756 378 Igitur
768 321 1049 377 Vespasianus,
1065 322 1205 361 cuneta
1221 322 1388 363 fortuna:
1404 325 1476 364 suae
1495 340 1563 380 pa·
1581 308 1695 391 *3:30

183 400 267 427 tere
293 401 423 437 ratus,
453 401 529 426 nec
555 386 767 439 quidquam
791 383 893 425 ultra
916 381 1151 424 incredibile
1166 413 1179 433 ,
1206 382 1297 425 laeto
1318 388 1400 441 ipse
1423 387 1565 438 vultu,
1602 408 1667 432 J‚c,

184 448 310 490 ereffli
328 464 411 503 quae
432 448 603 489 adstabat
623 447 880 488 multitudine
893 476 906 496 ,
928 446 1025 498 juffa
1044 445 1284 499 exsequitur.
1302 450 1445 489 Statim
1468 466 1566 491 con·
1610 464 1663 492 70·

134 517 162 562 5
185 512 296 552 versa
322 512 371 553 ad
396 511 511 552 usum
536 526 703 561 manus,
730 525 777 551 ac
803 524 910 550 caeco
937 508 1085 550 reluxit
1106 508 1201 550 dies.
1228 511 1476 566 Utrumque,
1498 516 1567 567 qui

183 575 400 616 interfuere
430 590 538 616 nunc
564 587 722 629 quoque
749 586 1001 624 memorant,
1032 572 1239 628 postquam
1267 572 1425 614 nullum
1454 591 1568 617 men-

186 638 304 679 dacio
332 639 503 694 pretium
535 643 561 677 ¹.

247 701 501 742 LXXXII.
535 700 730 740 ALT10R
753 699 846 740 inde
870 697 1111 754 Vespafiano
1138 700 1287 756 cupido
1316 701 1486 742 adeundi
1512 703 1569 744 sa-

187 778 294 804 cram
317 764 438 804 aedem
453 793 466 813 ‚
488 776 532 803 ut
555 762 670 818 super
689 761 804 803 rebus
824 763 982 818 imperii
1004 762 1244 804 consuleret.
1265 781 1287 800 «
1305 766 1447 805 Arceri
1468 778 1570 805 tem-

110 830 161 863 '10
183 825 286 882 »plo
314 828 476 868 cunc'tos
503 842 525 862 »
549 823 681 877 jubet:
709 839 828 880 atque
851 825 1068 880 ingressus,
1096 828 1351 881 intentusque
1381 830 1536 868 numini
1556 858 1572 878 ,

184 890 358 945 respexit
381 889 487 946 pone
507 902 666 943 tergum
687 891 702 909 ²
724 903 746 929 e
769 887 1008 944 primoribus
1029 890 1318 945 AEgyptiorum
1343 896 1352 919 ³
1370 921 1383 941 ,
1404 893 1570 932 nomine

185 951 411 1000 Basiliden3
441 967 560 1007 quem
580 950 725 1007 procul
748 949 994 992 Alexandria
1019 951 1194 1008 plurium
1221 954 1376 994 dierum
1399 956 1542 995 itinere
1556 984 1570 1005 ‚

186 1019 229 1056 ὅ(
248 1030 352 1070 aegro
376 1030 545 1071 corpore
568 1015 738 1055 detineri
759 1015 865 1055 haud
888 1014 1112 1070 ignorabat.
1133 1017 1417 1058 PercunCtatur
1441 1018 1568 1058 sacer-

186 1078 327 1129 dotes,
355 1095 377 1115 «
405 1093 502 1118 num
527 1077 600 1118 illo
623 1078 687 1118 die
714 1077 901 1119 Basilides
928 1077 1124 1134 templum
1154 1079 1283 1120 inisset
1306 1083 1353 1120 »ἓ
1379 1095 1573 1136 percunc-

110 1150 159 1190 ¹5
185 1154 291 1182 tatur
318 1141 485 1192 obvios,
521 1158 543 1178 «
581 1155 678 1182 num
718 1143 761 1182 in
797 1141 894 1182 urbe
929 1141 1034 1181 visus
1067 1142 1112 1183 sit
1137 1145 1184 1181 »ἓ
1215 1143 1414 1197 denique,
1452 1144 1569 1185 miffis

187 1204 386 1259 equitibus
402 1234 415 1255 ,
443 1203 627 1260 explorat
643 1234 655 1254 ‚
680 1203 753 1245 illo
780 1206 972 1261 temporis
997 1218 1233 1255 momento,
1257 1208 1461 1261 ocloginta
1480 1207 1572 1246 mil-

185 1267 291 1308 libus
321 1268 498 1324 paffuum
527 1267 702 1308 abfuisse.
734 1268 852 1308 Tunc
883 1268 1060 1308 divinam
1085 1268 1285 1324 speciem,
1319 1274 1358 1310 ὃ(
1383 1272 1465 1310 vim
1493 1270 1573 1312 res-

188 1331 300 1387 ponsi
328 1345 379 1371 ex
405 1332 570 1371 nomine
595 1329 774 1371 Basilidis
803 1336 820 1359 4
835 1360 848 1381 ,
875 1331 1157 1386 interpretatus
1184 1332 1250 1372 est.

249 1392 527 1434 LXXXIII.
561 1394 729 1434 ORIGO
759 1393 824 1433 dei
847 1393 1028 1433 nondum
1052 1395 1191 1436 nostris
1218 1395 1442 1437 auetoribus
1467 1395 1573 1438 cele-

105 1462 162 1491 20
187 1454 313 1498 brata:
331 1458 619 1513 AEgyptiorum
640 1457 829 1498 antistites
849 1456 902 1497 fic
922 1471 1160 1499 memorant.
1181 1475 1203 1495 «
1224 1458 1441 1500 Ptolemaeo
1460 1462 1574 1514 regi,

186 1521 289 1574 »qui
313 1520 591 1561 Macedonum
612 1522 762 1576 primus
789 1524 800 1550 5
829 1521 1001 1576 AEgypti
1024 1535 1119 1576 opes
1139 1522 1334 1572 firmavit,
1364 1526 1454 1564 cum
1475 1522 1573 1563 Ale-

186 1583 390 1624 »xandriae
417 1583 556 1624 recens
582 1582 752 1624 condita:
781 1581 798 1603 ⁶
818 1584 994 1634 moenia,
1016 1584 1246 1640 templaque
1260 1615 1272 1635 ‚
1297 1590 1337 1626 δε
1356 1585 1573 1640 religiones

185 1646 407 1696 >›adderet,
437 1644 616 1686 oblatum
648 1660 717 1701 per
747 1646 922 1698 quietem
963 1647 1110 1687 decore
1140 1649 1289 1688 eximio
1309 1678 1321 1699 ,
1352 1652 1392 1689 ὅ(
1422 1647 1574 1700 majore

187 1708 339 1764 »quam
363 1708 537 1749 humana
566 1710 697 1766 specie
724 1706 912 1760 juvenem
930 1739 942 1759 ,
967 1711 1035 1764 qui
1059 1725 1242 1751 moneret
1270 1728 1315 1761 »5
1345 1725 1389 1751 ut
1402 1740 1416 1761 ,
1440 1712 1572 1752 fidissi-

106 1793 132 1819 2
140 1789 161 1830 5
188 1773 263 1814 mis
291 1773 515 1813 amicorum
539 1774 581 1813 in
607 1774 782 1814 Pontum
810 1777 824 1799 ⁷
854 1772 971 1813 missis
986 1803 1000 1823 ‚
1033 1773 1208 1828 effigiem
1243 1774 1352 1815 suam
1384 1776 1534 1816 acciret
1562 1792 1573 1816 ι

230 1887 239 1901 ¹
257 1882 395 1912 Nurum
408 1892 572 1913 Mssunaclo
585 1882 740 1918 menum]
753 1880 860 1918 Quod,
899 1891 940 1911 ter
958 1891 1102 1911 nervorum
1113 1882 1297 1912 valetudinem
1309 1882 1358 1912 vix
1369 1882 1494 1922 ingredi,
1511 1883 1571 1913 lon-

187 1922 261 1952 cirm
279 1921 343 1952 haec
370 1921 517 1952 scriberet
542 1920 669 1952 Tacitus
685 1944 694 1958 ‚
722 1921 859 1958 Trajano
895 1922 981 1961 gdque
1003 1921 1086 1961 abeffe
1103 1921 1250 1960 constahar.

189 1960 332 2000 Principe
341 1983 349 1996 ,
358 1961 459 1991 excisa
471 1969 534 1992 erat
544 1959 728 1990 Flaviomm
738 1960 859 1990 dornuS.
938 1966 954 1984 4
973 1962 1156 1999 Basmms]
1171 1963 1197 1991 A
1209 1972 1290 1993 voce
1308 1961 1416 1992 Graeca
1428 1962 1550 1994 ἔασιλέας
1559 1984 1569 2001 ,

229 2003 240 2016 ²
262 2001 345 2031 Pone
372 2011 500 2031 ‘rancum
523 2001 538 2037 ]
562 2001 704 2029 Intentus
732 1999 860 2038 quidem
898 2000 984 2040 regis.

190 2039 314 2069 numini
331 2050 340 2078 ;
368 2039 420 2070 sed
446 2040 553 2079 aliquo
577 2046 666 2070 motu
689 2039 859 2076 excitatus,
940 2045 948 2067 5
973 2040 1184 2070 Macaoomm
1204 2041 1348 2077 fumus]
1366 2040 1426 2071 Hic
1441 2041 1481 2071 est
1496 2042 1570 2072 Pto-

191 2077 325 2117 1espexit
345 2080 427 2117 pone
441 2087 572 2118 tergum.
900 2080 1042 2110 lemaeusl
1054 2102 1063 2114 ,
1085 2078 1180 2110 dic⁶tus
1199 2078 1290 2109 Soter.
1304 2081 1450 2111 Clemens
1465 2089 1570 2110 autem

230 2123 240 2143 3
262 2118 287 2147 E
308 2128 501 2149 PRIMORIBUS
522 2117 773 2154 AEcvr’rrokum]
792 2116 861 2146 Ali-
899 2118 1145 2153 Alexandrinus,
1171 2118 1386 2160 in-Protrept.
1405 2119 1438 2149 id
1460 2120 1570 2150 tribuit

191 2164 240 2186 ter
271 2155 372 2186 adhuc
393 2157 560 2188 Suetonius
585 2157 618 2186 in
645 2157 764 2195 Vespas.
792 2158 859 2187 VII.
901 2159 1068 2189 Ptolemaeo
1085 2157 1300 2197 Philadelpho.

193 2193 264 2224 Cit'm
282 2194 314 2224 de
330 2194 468 2233 firmitate
487 2196 592 2232 imperii
613 2205 743 2233 capturus
769 2196 860 2233 auspi-
939 2200 952 2216 ⁶
975 2198 1094 2227 Recens
1116 2198 1290 2235 counrrae]
1318 2198 1367 2228 Ab
1389 2197 1570 2229 Alexandro

192 2234 283 2271 cium,
300 2233 383 2264 aedem
397 2233 542 2272 Serapidis
553 2259 562 2272 ‚
575 2235 709 2273 fiabmotis
722 2234 860 2270 omnibus,
900 2237 1027 2275 Magno.
1043 2236 1131 2266 Unde
1148 2237 1286 2267 Macrob.
1299 2238 1451 2267 Saturnal.
1468 2239 1498 2275 Ι,
1519 2247 1571 2266 20,

182 2273 262 2312 Jblus
276 2274 397 2314 intraſjkt
410 2287 418 2302 :
441 2284 475 2303 ac
496 2274 642 2312 propiciam
665 2273 777 2303 multam
796 2273 860 2309 dea,
901 2275 1090 2306 Alexandria
1105 2276 1226 2312 civitas,
1241 2286 1299 2315 quae
1320 2275 1484 2306 conditorem
1504 2275 1570 2304 Ale-

192 2311 303 2342 tandem
316 2313 349 2352 se
368 2314 553 2354 convertisset,
569 2313 702 2343 verbenas
714 2337 723 2350 ,
742 2313 862 2352 coronas:
900 2314 1036 2344 xandrum
1063 2314 1244 2343 Macedonem
1267 2315 1425 2355 glorimur,
1445 2315 1570 2350 Sarapin

211 2361 260 2388 ue,
277 2351 307 2381 G·
321 2351 472 2391 panificia,
494 2352 619 2382 utillica
641 2352 712 2389 olet,
727 2351 862 2392 Basilides
901 2364 980 2393 atque
1007 2353 1061 2422 Ibfin
1089 2354 1162 2383 culm
1185 2364 1266 2391 paene
1287 2355 1414 2385 attonitae
1445 2364 1566 2384 venera-

193 2361 307 2420 libertus
325 2391 442 2432 obtultffe
465 2392 490 2421 ei
508 2392 580 2431 vifis
601 2402 614 2420 e
648 2404 656 2420 :
683 2402 758 2430 quem
779 2402 862 2430 neque
901 2394 984 2423 tionis
998 2404 1012 2422 ο
1024 2393 1129 2432 servat.

193 2427 329 2471 admtffitm
350 2441 367 2462 a
386 2441 532 2473 quoquam,
547 2430 763 2471 &jampridem
779 2441 862 2470 prop·
941 2439 953 2459 7
975 2434 1007 2464 ln
1029 2434 1161 2466 Ponrum
1175 2433 1190 2471 ]
1207 2434 1240 2465 In
1256 2435 1391 2466 Pontum
1402 2432 1571 2468 Asiaticum
