<?xml version="1.0" encoding="UTF-8"?>
<!DOCTYPE html PUBLIC "-//W3C//DTD XHTML 1.0 Transitional//EN"
    "http://www.w3.org/TR/xhtml1/DTD/xhtml1-transitional.dtd">
<html xmlns="http://www.w3.org/1999/xhtml" xml:lang="en" lang="en">
 <head>
  <title>
</title>
<meta http-equiv="Content-Type" content="text/html;charset=utf-8" />
  <meta name='ocr-system' content='tesseract 3.04.00' />
  <meta name='ocr-capabilities' content='ocr_page ocr_carea ocr_par ocr_line ocrx_word'/>
</head>
<body>
  <div class='ocr_page' id='page_1' title='image "./operabro03taciuoft_0544.png"; bbox 0 0 2209 3047; ppageno 0'>
   <div class='ocr_carea' id='block_1_1' title="bbox 625 221 1807 280">
    <p class='ocr_par' dir='ltr' id='par_1_1' title="bbox 625 221 1807 280">
     <span class='ocr_line' id='line_1_1' title="bbox 625 221 1807 280; baseline 0.003 -15"><span class='ocrx_word' id='word_1_1' title='bbox 625 242 710 280; x_wconf 80' lang='lat'>530</span> <span class='ocrx_word' id='word_1_2' title='bbox 824 224 1038 265; x_wconf 88' lang='lat' dir='ltr'>NOTAE</span> <span class='ocrx_word' id='word_1_3' title='bbox 1085 221 1169 263; x_wconf 92' lang='lat' dir='ltr'>ET</span> <span class='ocrx_word' id='word_1_4' title='bbox 1202 221 1807 268; x_wconf 88' lang='lat' dir='ltr'>EMENDATIONES</span> 
     </span>
    </p>
   </div>
   <div class='ocr_carea' id='block_1_2' title="bbox 590 298 2005 2496">
    <p class='ocr_par' dir='ltr' id='par_1_2' title="bbox 618 298 2005 637">
     <span class='ocr_line' id='line_1_2' title="bbox 622 298 2003 351; baseline 0.003 -15"><span class='ocrx_word' id='word_1_5' title='bbox 622 302 762 337; x_wconf 84' lang='lat' dir='ltr'>animos</span> <span class='ocrx_word' id='word_1_6' title='bbox 782 300 914 348; x_wconf 86' lang='lat' dir='ltr'>irrepit.</span> <span class='ocrx_word' id='word_1_7' title='bbox 928 298 1036 335; x_wconf 88' lang='lat' dir='ltr'>Unde</span> <span class='ocrx_word' id='word_1_8' title='bbox 1054 298 1165 349; x_wconf 88' lang='lat' dir='ltr'>magis</span> <span class='ocrx_word' id='word_1_9' title='bbox 1181 299 1291 335; x_wconf 87' lang='lat' dir='ltr'>miror</span> <span class='ocrx_word' id='word_1_10' title='bbox 1315 298 1477 336; x_wconf 83' lang='lat' dir='ltr'>exstitisse</span> <span class='ocrx_word' id='word_1_11' title='bbox 1496 299 1694 336; x_wconf 89' lang='lat' dir='ltr'>nonnullos</span> <span class='ocrx_word' id='word_1_12' title='bbox 1719 327 1729 344; x_wconf 86' lang='lat'><strong><em>‚</em></strong></span> <span class='ocrx_word' id='word_1_13' title='bbox 1753 300 1816 351; x_wconf 91' lang='lat' dir='ltr'>qui</span> <span class='ocrx_word' id='word_1_14' title='bbox 1833 301 2003 342; x_wconf 88' lang='lat' dir='ltr'>Tacitum</span> 
     </span>
     <span class='ocr_line' id='line_1_3' title="bbox 621 348 2004 401; baseline 0.002 -15"><span class='ocrx_word' id='word_1_15' title='bbox 621 355 779 389; x_wconf 64' lang='grc' dir='ltr'><em>ἀθεότητος</em></span> <span class='ocrx_word' id='word_1_16' title='bbox 796 348 1085 386; x_wconf 80' lang='lat' dir='ltr'>infimulaverint.</span> <span class='ocrx_word' id='word_1_17' title='bbox 1116 350 1189 394; x_wconf 78' lang='lat' dir='ltr'>Qui</span> <span class='ocrx_word' id='word_1_18' title='bbox 1208 349 1303 385; x_wconf 89' lang='lat' dir='ltr'>enim</span> <span class='ocrx_word' id='word_1_19' title='bbox 1323 349 1406 389; x_wconf 60' lang='grc' dir='ltr'><em>ἔθεος</em></span> <span class='ocrx_word' id='word_1_20' title='bbox 1431 349 1553 386; x_wconf 84' lang='lat' dir='ltr'>haberi</span> <span class='ocrx_word' id='word_1_21' title='bbox 1571 349 1686 398; x_wconf 88' lang='lat' dir='ltr'>potest</span> <span class='ocrx_word' id='word_1_22' title='bbox 1701 351 1755 386; x_wconf 90' lang='lat' dir='ltr'>vir</span> <span class='ocrx_word' id='word_1_23' title='bbox 1768 379 1778 395; x_wconf 90' lang='lat'>‚</span> <span class='ocrx_word' id='word_1_24' title='bbox 1802 351 1864 401; x_wconf 90' lang='lat' dir='ltr'>qui</span> <span class='ocrx_word' id='word_1_25' title='bbox 1878 363 2004 400; x_wconf 80' lang='lat' dir='ltr'>praetei·</span> 
     </span>
     <span class='ocr_line' id='line_1_4' title="bbox 620 398 2003 450; baseline 0.002 -15"><span class='ocrx_word' id='word_1_26' title='bbox 620 400 775 449; x_wconf 86' lang='lat' dir='ltr'>plurima</span> <span class='ocrx_word' id='word_1_27' title='bbox 798 399 982 450; x_wconf 83' lang='lat' dir='ltr'>religionis</span> <span class='ocrx_word' id='word_1_28' title='bbox 1000 399 1222 437; x_wconf 82' lang='lat' dir='ltr'>monimenta</span> <span class='ocrx_word' id='word_1_29' title='bbox 1236 398 1436 435; x_wconf 82' lang='lat' dir='ltr'>Annalibus</span> <span class='ocrx_word' id='word_1_30' title='bbox 1453 399 1608 436; x_wconf 88' lang='lat' dir='ltr'>intersita</span> <span class='ocrx_word' id='word_1_31' title='bbox 1620 429 1630 444; x_wconf 95' lang='lat'>‚</span> <span class='ocrx_word' id='word_1_32' title='bbox 1656 401 1693 436; x_wconf 92' lang='lat' dir='ltr'>in</span> <span class='ocrx_word' id='word_1_33' title='bbox 1711 401 1767 436; x_wconf 92' lang='lat' dir='ltr'>his</span> <span class='ocrx_word' id='word_1_34' title='bbox 1782 401 1860 450; x_wconf 80' lang='lat' dir='ltr'>ipsis</span> <span class='ocrx_word' id='word_1_35' title='bbox 1876 401 2003 439; x_wconf 89' lang='lat' dir='ltr'>Histo-</span> 
     </span>
     <span class='ocr_line' id='line_1_5' title="bbox 620 449 2003 500; baseline 0.002 -15"><span class='ocrx_word' id='word_1_36' title='bbox 620 450 749 485; x_wconf 82' lang='lat' dir='ltr'>riarum</span> <span class='ocrx_word' id='word_1_37' title='bbox 766 449 864 485; x_wconf 87' lang='lat' dir='ltr'>libris</span> <span class='ocrx_word' id='word_1_38' title='bbox 889 464 941 496; x_wconf 76' lang='lat' dir='ltr'>ope</span> <span class='ocrx_word' id='word_1_39' title='bbox 955 450 1066 486; x_wconf 52' lang='lat' dir='ltr'>divim?</span> <span class='ocrx_word' id='word_1_40' title='bbox 1082 449 1208 485; x_wconf 85' lang='lat' dir='ltr'>mutari</span> <span class='ocrx_word' id='word_1_41' title='bbox 1225 449 1364 486; x_wconf 88' lang='lat' dir='ltr'>animos</span> <span class='ocrx_word' id='word_1_42' title='bbox 1383 449 1494 499; x_wconf 89' lang='lat' dir='ltr'>paulo</span> <span class='ocrx_word' id='word_1_43' title='bbox 1517 450 1620 499; x_wconf 74' lang='lat' dir='ltr'>supra</span> <span class='ocrx_word' id='word_1_44' title='bbox 1640 463 1719 500; x_wconf 87' lang='lat' dir='ltr'>cap.</span> <span class='ocrx_word' id='word_1_45' title='bbox 1737 453 1786 499; x_wconf 87' lang='lat'>78</span> <span class='ocrx_word' id='word_1_46' title='bbox 1801 479 1810 494; x_wconf 90' lang='lat'>‚</span> <span class='ocrx_word' id='word_1_47' title='bbox 1836 464 2003 500; x_wconf 91' lang='lat' dir='ltr'>pronun-</span> 
     </span>
     <span class='ocr_line' id='line_1_6' title="bbox 619 499 2005 549; baseline 0.001 -14"><span class='ocrx_word' id='word_1_48' title='bbox 619 499 789 542; x_wconf 73' lang='lat' dir='ltr'>tiaverit3</span> <span class='ocrx_word' id='word_1_49' title='bbox 822 499 883 549; x_wconf 88' lang='lat' dir='ltr'>qui</span> <span class='ocrx_word' id='word_1_50' title='bbox 906 513 1002 537; x_wconf 87' lang='lat' dir='ltr'>nunc</span> <span class='ocrx_word' id='word_1_51' title='bbox 1024 502 1091 535; x_wconf 70' lang='lat' dir='ltr'>coelz&#39;</span> <span class='ocrx_word' id='word_1_52' title='bbox 1110 500 1257 545; x_wconf 60' lang='lat' dir='ltr'>favorem</span> <span class='ocrx_word' id='word_1_53' title='bbox 1273 526 1282 542; x_wconf 89' lang='lat'>,</span> <span class='ocrx_word' id='word_1_54' title='bbox 1313 502 1347 536; x_wconf 71' lang='grc' dir='ltr'>ὃς</span> <span class='ocrx_word' id='word_1_55' title='bbox 1375 503 1541 535; x_wconf 77' lang='lat' dir='ltr'>numinum</span> <span class='ocrx_word' id='word_1_56' title='bbox 1565 504 1599 535; x_wconf 81' lang='lat' dir='ltr'>in</span> <span class='ocrx_word' id='word_1_57' title='bbox 1621 502 1843 549; x_wconf 71' lang='lat' dir='ltr'>Vespafianum</span> <span class='ocrx_word' id='word_1_58' title='bbox 1869 504 2005 537; x_wconf 81' lang='lat' dir='ltr'>inclina-</span> 
     </span>
     <span class='ocr_line' id='line_1_7' title="bbox 620 549 2003 598; baseline 0.003 -15"><span class='ocrx_word' id='word_1_59' title='bbox 620 552 735 584; x_wconf 72' lang='lat' dir='ltr'>tionem</span> <span class='ocrx_word' id='word_1_60' title='bbox 753 550 981 598; x_wconf 69' lang='lat' dir='ltr'>profiteatur3</span> <span class='ocrx_word' id='word_1_61' title='bbox 1008 549 1067 598; x_wconf 88' lang='lat' dir='ltr'>qui</span> <span class='ocrx_word' id='word_1_62' title='bbox 1089 549 1232 585; x_wconf 89' lang='lat' dir='ltr'>demum</span> <span class='ocrx_word' id='word_1_63' title='bbox 1247 551 1404 586; x_wconf 76' lang='lat' dir='ltr'>miracula</span> <span class='ocrx_word' id='word_1_64' title='bbox 1418 550 1468 586; x_wconf 85' lang='lat' dir='ltr'>ita</span> <span class='ocrx_word' id='word_1_65' title='bbox 1484 550 1602 586; x_wconf 92' lang='lat' dir='ltr'>bonus</span> <span class='ocrx_word' id='word_1_66' title='bbox 1619 562 1758 587; x_wconf 80' lang='lat' dir='ltr'>enarrat</span> <span class='ocrx_word' id='word_1_67' title='bbox 1784 579 1794 595; x_wconf 90' lang='lat'>‚</span> <span class='ocrx_word' id='word_1_68' title='bbox 1821 561 1862 587; x_wconf 91' lang='lat' dir='ltr'>ut</span> <span class='ocrx_word' id='word_1_69' title='bbox 1894 551 2003 588; x_wconf 86' lang='lat' dir='ltr'>sidem</span> 
     </span>
     <span class='ocr_line' id='line_1_8' title="bbox 618 598 1257 637; baseline 0.003 -4"><span class='ocrx_word' id='word_1_70' title='bbox 618 599 661 634; x_wconf 90' lang='lat' dir='ltr'>iis</span> <span class='ocrx_word' id='word_1_71' title='bbox 680 598 795 636; x_wconf 86' lang='lat' dir='ltr'>facere</span> <span class='ocrx_word' id='word_1_72' title='bbox 812 600 908 636; x_wconf 89' lang='lat' dir='ltr'>haud</span> <span class='ocrx_word' id='word_1_73' title='bbox 922 600 1048 637; x_wconf 89' lang='lat' dir='ltr'>leviter</span> <span class='ocrx_word' id='word_1_74' title='bbox 1066 598 1257 635; x_wconf 83' lang='lat' dir='ltr'>annitatur.</span> 
     </span>
    </p>

    <p class='ocr_par' dir='ltr' id='par_1_3' title="bbox 602 648 2003 1434">
     <span class='ocr_line' id='line_1_9' title="bbox 667 648 2003 699; baseline 0.001 -15"><span class='ocrx_word' id='word_1_75' title='bbox 667 649 718 685; x_wconf 90' lang='lat' dir='ltr'>At</span> <span class='ocrx_word' id='word_1_76' title='bbox 734 662 840 699; x_wconf 90' lang='lat' dir='ltr'>quam</span> <span class='ocrx_word' id='word_1_77' title='bbox 859 650 967 686; x_wconf 83' lang='lat' dir='ltr'>fidem</span> <span class='ocrx_word' id='word_1_78' title='bbox 992 648 1158 686; x_wconf 89' lang='lat' dir='ltr'>obtinere</span> <span class='ocrx_word' id='word_1_79' title='bbox 1175 649 1309 685; x_wconf 88' lang='lat' dir='ltr'>debent</span> <span class='ocrx_word' id='word_1_80' title='bbox 1323 649 1387 686; x_wconf 85' lang='lat' dir='ltr'>illa</span> <span class='ocrx_word' id='word_1_81' title='bbox 1399 649 1603 699; x_wconf 71' lang='lat' dir='ltr'>Vespasiani</span> <span class='ocrx_word' id='word_1_82' title='bbox 1619 650 1791 687; x_wconf 88' lang='lat' dir='ltr'>miracula</span> <span class='ocrx_word' id='word_1_83' title='bbox 1811 651 1823 687; x_wconf 71' lang='grc' dir='ltr'><strong><em>ἓ</em></strong></span> <span class='ocrx_word' id='word_1_84' title='bbox 1844 651 1978 687; x_wconf 87' lang='lat' dir='ltr'>nullam</span> <span class='ocrx_word' id='word_1_85' title='bbox 1991 677 2003 694; x_wconf 89' lang='lat'>,</span> 
     </span>
     <span class='ocr_line' id='line_1_10' title="bbox 618 698 2002 750; baseline 0.002 -16"><span class='ocrx_word' id='word_1_86' title='bbox 618 709 658 735; x_wconf 91' lang='lat' dir='ltr'>ut</span> <span class='ocrx_word' id='word_1_87' title='bbox 674 700 818 748; x_wconf 81' lang='lat' dir='ltr'>opinor,</span> <span class='ocrx_word' id='word_1_88' title='bbox 841 700 959 749; x_wconf 84' lang='lat' dir='ltr'>Atque</span> <span class='ocrx_word' id='word_1_89' title='bbox 974 727 982 741; x_wconf 88' lang='lat'>‚</span> <span class='ocrx_word' id='word_1_90' title='bbox 1001 709 1040 734; x_wconf 89' lang='lat' dir='ltr'>ut</span> <span class='ocrx_word' id='word_1_91' title='bbox 1059 698 1150 734; x_wconf 88' lang='lat' dir='ltr'>alios</span> <span class='ocrx_word' id='word_1_92' title='bbox 1169 699 1301 736; x_wconf 88' lang='lat' dir='ltr'>multos</span> <span class='ocrx_word' id='word_1_93' title='bbox 1317 699 1434 736; x_wconf 86' lang='lat' dir='ltr'>sileam</span> <span class='ocrx_word' id='word_1_94' title='bbox 1447 729 1455 743; x_wconf 95' lang='lat'>‚</span> <span class='ocrx_word' id='word_1_95' title='bbox 1474 701 1524 737; x_wconf 90' lang='lat' dir='ltr'>ita</span> <span class='ocrx_word' id='word_1_96' title='bbox 1568 714 1688 750; x_wconf 90' lang='lat' dir='ltr'>uoque</span> <span class='ocrx_word' id='word_1_97' title='bbox 1710 700 1812 737; x_wconf 86' lang='lat' dir='ltr'>sensit</span> <span class='ocrx_word' id='word_1_98' title='bbox 1839 700 2002 737; x_wconf 86' lang='lat' dir='ltr'>Illustris-</span> 
     </span>
     <span class='ocr_line' id='line_1_11' title="bbox 616 749 2002 799; baseline 0.002 -16"><span class='ocrx_word' id='word_1_99' title='bbox 616 749 718 784; x_wconf 88' lang='lat' dir='ltr'>simus</span> <span class='ocrx_word' id='word_1_100' title='bbox 742 750 894 786; x_wconf 85' lang='lat' dir='ltr'>Huetius</span> <span class='ocrx_word' id='word_1_101' title='bbox 915 778 922 792; x_wconf 85' lang='lat'>‚</span> <span class='ocrx_word' id='word_1_102' title='bbox 949 749 1166 796; x_wconf 80' lang='lat' dir='ltr'>Demonstrat.</span> <span class='ocrx_word' id='word_1_103' title='bbox 1193 751 1380 798; x_wconf 61' lang='lat' dir='ltr'>Evangelia</span> <span class='ocrx_word' id='word_1_104' title='bbox 1413 750 1534 799; x_wconf 84' lang='lat' dir='ltr'>Propo</span> <span class='ocrx_word' id='word_1_105' title='bbox 1551 763 1588 788; x_wconf 87' lang='lat' dir='ltr'>it.</span> <span class='ocrx_word' id='word_1_106' title='bbox 1609 752 1672 788; x_wconf 89' lang='lat' dir='ltr'>VI.</span> <span class='ocrx_word' id='word_1_107' title='bbox 1698 764 1795 786; x_wconf 83' lang='lat' dir='ltr'>num.</span> <span class='ocrx_word' id='word_1_108' title='bbox 1821 751 1854 787; x_wconf 90' lang='lat'>6.</span> <span class='ocrx_word' id='word_1_109' title='bbox 1874 750 2002 788; x_wconf 86' lang='lat' dir='ltr'>Nemi-</span> 
     </span>
     <span class='ocr_line' id='line_1_12' title="bbox 615 798 2002 849; baseline 0.001 -15"><span class='ocrx_word' id='word_1_110' title='bbox 615 811 699 835; x_wconf 88' lang='lat' dir='ltr'>nem</span> <span class='ocrx_word' id='word_1_111' title='bbox 730 812 874 848; x_wconf 87' lang='lat' dir='ltr'>quoque</span> <span class='ocrx_word' id='word_1_112' title='bbox 895 798 1123 835; x_wconf 74' lang='lat' dir='ltr'>diliensiirum</span> <span class='ocrx_word' id='word_1_113' title='bbox 1142 811 1222 835; x_wconf 92' lang='lat' dir='ltr'>reor</span> <span class='ocrx_word' id='word_1_114' title='bbox 1238 828 1245 840; x_wconf 92' lang='lat'>‚</span> <span class='ocrx_word' id='word_1_115' title='bbox 1270 799 1331 849; x_wconf 88' lang='lat' dir='ltr'>qui</span> <span class='ocrx_word' id='word_1_116' title='bbox 1347 801 1577 848; x_wconf 86' lang='lat' dir='ltr'>perpenderit</span> <span class='ocrx_word' id='word_1_117' title='bbox 1592 814 1670 849; x_wconf 87' lang='lat' dir='ltr'>quae</span> <span class='ocrx_word' id='word_1_118' title='bbox 1691 801 1823 837; x_wconf 88' lang='lat' dir='ltr'>fuerint</span> <span class='ocrx_word' id='word_1_119' title='bbox 1846 800 1908 836; x_wconf 86' lang='lat' dir='ltr'>illa</span> <span class='ocrx_word' id='word_1_120' title='bbox 1936 801 2002 836; x_wconf 89' lang='lat' dir='ltr'>mi-</span> 
     </span>
     <span class='ocr_line' id='line_1_13' title="bbox 616 847 2000 900; baseline 0.003 -17"><span class='ocrx_word' id='word_1_121' title='bbox 616 848 757 889; x_wconf 82' lang='lat' dir='ltr'>racula,</span> <span class='ocrx_word' id='word_1_122' title='bbox 783 847 911 897; x_wconf 88' lang='lat' dir='ltr'>quoin</span> <span class='ocrx_word' id='word_1_123' title='bbox 935 848 1022 884; x_wconf 91' lang='lat' dir='ltr'>loco</span> <span class='ocrx_word' id='word_1_124' title='bbox 1039 877 1048 892; x_wconf 89' lang='lat'><em>,</em></span> <span class='ocrx_word' id='word_1_125' title='bbox 1077 852 1111 885; x_wconf 68' lang='grc' dir='ltr'>ὃς</span> <span class='ocrx_word' id='word_1_126' title='bbox 1139 862 1159 884; x_wconf 90' lang='lat' dir='ltr'>a</span> <span class='ocrx_word' id='word_1_127' title='bbox 1205 861 1254 886; x_wconf 94' lang='lat' dir='ltr'>uo</span> <span class='ocrx_word' id='word_1_128' title='bbox 1281 849 1346 885; x_wconf 91' lang='lat' dir='ltr'>sint</span> <span class='ocrx_word' id='word_1_129' title='bbox 1371 850 1479 887; x_wconf 88' lang='lat' dir='ltr'>edita.</span> <span class='ocrx_word' id='word_1_130' title='bbox 1496 850 1551 886; x_wconf 88' lang='lat' dir='ltr'>Ac</span> <span class='ocrx_word' id='word_1_131' title='bbox 1566 851 1681 899; x_wconf 78' lang='lat' dir='ltr'>primo</span> <span class='ocrx_word' id='word_1_132' title='bbox 1696 850 1841 900; x_wconf 88' lang='lat' dir='ltr'>quidem</span> <span class='ocrx_word' id='word_1_133' title='bbox 1864 851 1902 886; x_wconf 91' lang='lat' dir='ltr'>in</span> <span class='ocrx_word' id='word_1_134' title='bbox 1930 851 2000 887; x_wconf 91' lang='lat' dir='ltr'>illis</span> 
     </span>
     <span class='ocr_line' id='line_1_14' title="bbox 615 863 2000 949; baseline 0.003 -16"><span class='ocrx_word' id='word_1_135' title='bbox 615 897 817 946; x_wconf 83' lang='lat' dir='ltr'>Vespasiani</span> <span class='ocrx_word' id='word_1_136' title='bbox 841 898 1020 934; x_wconf 81' lang='lat' dir='ltr'>miraculis</span> <span class='ocrx_word' id='word_1_137' title='bbox 1043 898 1136 934; x_wconf 87' lang='lat' dir='ltr'>nihil</span> <span class='ocrx_word' id='word_1_138' title='bbox 1156 863 1204 935; x_wconf 67' lang='lat' dir='ltr'>esi</span> <span class='ocrx_word' id='word_1_139' title='bbox 1219 927 1228 942; x_wconf 92' lang='lat'>‚</span> <span class='ocrx_word' id='word_1_140' title='bbox 1257 899 1359 949; x_wconf 91' lang='lat' dir='ltr'>quod</span> <span class='ocrx_word' id='word_1_141' title='bbox 1385 901 1460 936; x_wconf 87' lang='lat' dir='ltr'>vim</span> <span class='ocrx_word' id='word_1_142' title='bbox 1489 900 1651 937; x_wconf 85' lang='lat' dir='ltr'>divinam</span> <span class='ocrx_word' id='word_1_143' title='bbox 1675 900 1927 936; x_wconf 85' lang='lat' dir='ltr'>miraculorum</span> <span class='ocrx_word' id='word_1_144' title='bbox 1946 901 2000 937; x_wconf 84' lang='lat' dir='ltr'>ef-</span> 
     </span>
     <span class='ocr_line' id='line_1_15' title="bbox 612 947 1998 995; baseline 0.002 -11"><span class='ocrx_word' id='word_1_145' title='bbox 612 947 790 984; x_wconf 67' lang='lat' dir='ltr'>fet‘hicem</span> <span class='ocrx_word' id='word_1_146' title='bbox 806 947 969 984; x_wconf 86' lang='lat' dir='ltr'>adstruat.</span> <span class='ocrx_word' id='word_1_147' title='bbox 999 948 1148 984; x_wconf 83' lang='lat' dir='ltr'>Sanatur</span> <span class='ocrx_word' id='word_1_148' title='bbox 1171 949 1267 985; x_wconf 91' lang='lat' dir='ltr'>enim</span> <span class='ocrx_word' id='word_1_149' title='bbox 1293 950 1433 986; x_wconf 78' lang='lat' dir='ltr'>caecitas</span> <span class='ocrx_word' id='word_1_150' title='bbox 1453 951 1632 995; x_wconf 88' lang='lat' dir='ltr'>hominis,</span> <span class='ocrx_word' id='word_1_151' title='bbox 1651 950 1727 994; x_wconf 90' lang='lat' dir='ltr'>cui,</span> <span class='ocrx_word' id='word_1_152' title='bbox 1743 950 1828 987; x_wconf 84' lang='lat' dir='ltr'>teste</span> <span class='ocrx_word' id='word_1_153' title='bbox 1838 950 1998 994; x_wconf 87' lang='lat' dir='ltr'>Tacito,</span> 
     </span>
     <span class='ocr_line' id='line_1_16' title="bbox 610 999 1999 1048; baseline 0.002 -15"><span class='ocrx_word' id='word_1_154' title='bbox 610 1001 659 1033; x_wconf 62' lang='lat' dir='ltr'>vis</span> <span class='ocrx_word' id='word_1_155' title='bbox 680 1000 808 1033; x_wconf 75' lang='lat' dir='ltr'>luminis</span> <span class='ocrx_word' id='word_1_156' title='bbox 825 1011 885 1032; x_wconf 86' lang='lat' dir='ltr'>non</span> <span class='ocrx_word' id='word_1_157' title='bbox 906 1010 980 1034; x_wconf 85' lang='lat' dir='ltr'>erat</span> <span class='ocrx_word' id='word_1_158' title='bbox 998 999 1101 1046; x_wconf 82' lang='lat' dir='ltr'>exesa.</span> <span class='ocrx_word' id='word_1_159' title='bbox 1120 1000 1275 1034; x_wconf 85' lang='lat' dir='ltr'>Curatur</span> <span class='ocrx_word' id='word_1_160' title='bbox 1289 1001 1412 1036; x_wconf 62' lang='lat' dir='ltr'>mansis</span> <span class='ocrx_word' id='word_1_161' title='bbox 1426 1000 1591 1037; x_wconf 84' lang='lat' dir='ltr'>debilitas</span> <span class='ocrx_word' id='word_1_162' title='bbox 1607 1029 1615 1044; x_wconf 89' lang='lat'><strong><em>‚</em></strong></span> <span class='ocrx_word' id='word_1_163' title='bbox 1650 1014 1729 1048; x_wconf 85' lang='lat' dir='ltr'>quae</span> <span class='ocrx_word' id='word_1_164' title='bbox 1744 1031 1752 1043; x_wconf 85' lang='lat'><em>‚</em></span> <span class='ocrx_word' id='word_1_165' title='bbox 1780 999 1911 1036; x_wconf 90' lang='lat' dir='ltr'>eodem</span> <span class='ocrx_word' id='word_1_166' title='bbox 1933 1013 1999 1036; x_wconf 88' lang='lat' dir='ltr'>au-</span> 
     </span>
     <span class='ocr_line' id='line_1_17' title="bbox 611 1047 1996 1099; baseline 0.002 -16"><span class='ocrx_word' id='word_1_167' title='bbox 611 1049 705 1083; x_wconf 66' lang='lat' dir='ltr'>store</span> <span class='ocrx_word' id='word_1_168' title='bbox 726 1076 735 1090; x_wconf 92' lang='lat'>‚</span> <span class='ocrx_word' id='word_1_169' title='bbox 776 1047 814 1082; x_wconf 89' lang='lat' dir='ltr'>in</span> <span class='ocrx_word' id='word_1_170' title='bbox 839 1060 990 1096; x_wconf 89' lang='lat' dir='ltr'>pravum</span> <span class='ocrx_word' id='word_1_171' title='bbox 1029 1049 1149 1097; x_wconf 84' lang='lat' dir='ltr'>elapsa</span> <span class='ocrx_word' id='word_1_172' title='bbox 1178 1077 1187 1092; x_wconf 90' lang='lat'>‚</span> <span class='ocrx_word' id='word_1_173' title='bbox 1213 1060 1357 1097; x_wconf 86' lang='lat' dir='ltr'>poterat</span> <span class='ocrx_word' id='word_1_174' title='bbox 1386 1051 1567 1099; x_wconf 80' lang='lat' dir='ltr'>integrari.</span> <span class='ocrx_word' id='word_1_175' title='bbox 1608 1050 1724 1097; x_wconf 86' lang='lat' dir='ltr'>Quod</span> <span class='ocrx_word' id='word_1_176' title='bbox 1743 1050 1862 1086; x_wconf 89' lang='lat' dir='ltr'>adhuc</span> <span class='ocrx_word' id='word_1_177' title='bbox 1887 1063 1996 1099; x_wconf 78' lang='lat' dir='ltr'>argu-</span> 
     </span>
     <span class='ocr_line' id='line_1_18' title="bbox 608 1096 1996 1149; baseline 0.001 -16"><span class='ocrx_word' id='word_1_178' title='bbox 608 1108 766 1133; x_wconf 81' lang='lat' dir='ltr'>mentum</span> <span class='ocrx_word' id='word_1_179' title='bbox 784 1096 832 1134; x_wconf 90' lang='lat' dir='ltr'>est</span> <span class='ocrx_word' id='word_1_180' title='bbox 848 1097 1020 1135; x_wconf 82' lang='lat' dir='ltr'>incertam</span> <span class='ocrx_word' id='word_1_181' title='bbox 1039 1099 1138 1135; x_wconf 74' lang='lat' dir='ltr'>fuisse</span> <span class='ocrx_word' id='word_1_182' title='bbox 1158 1099 1304 1135; x_wconf 86' lang='lat' dir='ltr'>illorum</span> <span class='ocrx_word' id='word_1_183' title='bbox 1324 1100 1580 1137; x_wconf 80' lang='lat' dir='ltr'>miraculorum</span> <span class='ocrx_word' id='word_1_184' title='bbox 1595 1100 1724 1135; x_wconf 82' lang='lat' dir='ltr'>famam</span> <span class='ocrx_word' id='word_1_185' title='bbox 1737 1128 1746 1143; x_wconf 86' lang='lat'>‚</span> <span class='ocrx_word' id='word_1_186' title='bbox 1767 1113 1872 1149; x_wconf 86' lang='lat' dir='ltr'>quem</span> <span class='ocrx_word' id='word_1_187' title='bbox 1888 1113 1996 1136; x_wconf 87' lang='lat' dir='ltr'>manu</span> 
     </span>
     <span class='ocr_line' id='line_1_19' title="bbox 609 1147 1991 1198; baseline 0.003 -16"><span class='ocrx_word' id='word_1_188' title='bbox 609 1147 764 1183; x_wconf 84' lang='lat' dir='ltr'>debilem</span> <span class='ocrx_word' id='word_1_189' title='bbox 797 1147 884 1184; x_wconf 88' lang='lat' dir='ltr'>facit</span> <span class='ocrx_word' id='word_1_190' title='bbox 907 1149 1057 1185; x_wconf 84' lang='lat' dir='ltr'>Tacitus</span> <span class='ocrx_word' id='word_1_191' title='bbox 1073 1180 1081 1192; x_wconf 89' lang='lat'>‚</span> <span class='ocrx_word' id='word_1_192' title='bbox 1105 1162 1187 1186; x_wconf 90' lang='lat' dir='ltr'>eum</span> <span class='ocrx_word' id='word_1_193' title='bbox 1213 1149 1381 1185; x_wconf 90' lang='lat' dir='ltr'>claudum</span> <span class='ocrx_word' id='word_1_194' title='bbox 1404 1151 1494 1187; x_wconf 91' lang='lat' dir='ltr'>dicit</span> <span class='ocrx_word' id='word_1_195' title='bbox 1515 1150 1706 1187; x_wconf 87' lang='lat' dir='ltr'>Suetonius</span> <span class='ocrx_word' id='word_1_196' title='bbox 1728 1150 1766 1185; x_wconf 92' lang='lat' dir='ltr'>in</span> <span class='ocrx_word' id='word_1_197' title='bbox 1789 1149 1991 1198; x_wconf 87' lang='lat' dir='ltr'>Vespasian.</span> 
     </span>
     <span class='ocr_line' id='line_1_20' title="bbox 607 1197 1995 1247; baseline 0.003 -15"><span class='ocrx_word' id='word_1_198' title='bbox 607 1197 679 1232; x_wconf 80' lang='lat' dir='ltr'>VH</span> <span class='ocrx_word' id='word_1_199' title='bbox 694 1209 757 1233; x_wconf 88' lang='lat' dir='ltr'>:ea</span> <span class='ocrx_word' id='word_1_200' title='bbox 774 1211 920 1247; x_wconf 89' lang='lat' dir='ltr'>quoque</span> <span class='ocrx_word' id='word_1_201' title='bbox 937 1209 1077 1247; x_wconf 85' lang='lat' dir='ltr'>patrata</span> <span class='ocrx_word' id='word_1_202' title='bbox 1097 1199 1269 1235; x_wconf 89' lang='lat' dir='ltr'>miracula</span> <span class='ocrx_word' id='word_1_203' title='bbox 1283 1200 1433 1236; x_wconf 87' lang='lat' dir='ltr'>Tacitus</span> <span class='ocrx_word' id='word_1_204' title='bbox 1445 1229 1454 1244; x_wconf 86' lang='lat'>‚</span> <span class='ocrx_word' id='word_1_205' title='bbox 1471 1201 1596 1236; x_wconf 80' lang='lat' dir='ltr'>medicis</span> <span class='ocrx_word' id='word_1_206' title='bbox 1614 1229 1624 1244; x_wconf 89' lang='lat'>‚</span> <span class='ocrx_word' id='word_1_207' title='bbox 1644 1200 1836 1236; x_wconf 87' lang='lat' dir='ltr'>Suetonius</span> <span class='ocrx_word' id='word_1_208' title='bbox 1850 1227 1859 1243; x_wconf 83' lang='lat'><strong>,</strong></span> <span class='ocrx_word' id='word_1_209' title='bbox 1885 1203 1995 1236; x_wconf 84' lang='lat' dir='ltr'>amicis</span> 
     </span>
     <span class='ocr_line' id='line_1_21' title="bbox 605 1249 1996 1293; baseline 0.004 -11"><span class='ocrx_word' id='word_1_210' title='bbox 605 1249 803 1282; x_wconf 76' lang='lat' dir='ltr'>hortantibus</span> <span class='ocrx_word' id='word_1_211' title='bbox 816 1275 825 1290; x_wconf 89' lang='lat'>‚</span> <span class='ocrx_word' id='word_1_212' title='bbox 851 1259 979 1284; x_wconf 68' lang='lat' dir='ltr'>narrat,</span> <span class='ocrx_word' id='word_1_213' title='bbox 1007 1249 1060 1285; x_wconf 90' lang='lat' dir='ltr'>Ut</span> <span class='ocrx_word' id='word_1_214' title='bbox 1075 1261 1115 1286; x_wconf 90' lang='lat' dir='ltr'>ut</span> <span class='ocrx_word' id='word_1_215' title='bbox 1130 1249 1178 1286; x_wconf 90' lang='lat' dir='ltr'>est</span> <span class='ocrx_word' id='word_1_216' title='bbox 1192 1278 1201 1293; x_wconf 86' lang='lat'>‚</span> <span class='ocrx_word' id='word_1_217' title='bbox 1228 1250 1353 1287; x_wconf 78' lang='lat' dir='ltr'>haecne</span> <span class='ocrx_word' id='word_1_218' title='bbox 1369 1251 1541 1287; x_wconf 86' lang='lat' dir='ltr'>miracula</span> <span class='ocrx_word' id='word_1_219' title='bbox 1555 1250 1568 1287; x_wconf 70' lang='grc' dir='ltr'><strong><em>ἲ</em></strong></span> <span class='ocrx_word' id='word_1_220' title='bbox 1583 1250 1799 1287; x_wconf 85' lang='lat' dir='ltr'>Curationes</span> <span class='ocrx_word' id='word_1_221' title='bbox 1821 1249 1881 1285; x_wconf 82' lang='lat' dir='ltr'>vix</span> <span class='ocrx_word' id='word_1_222' title='bbox 1900 1249 1996 1287; x_wconf 85' lang='lat' dir='ltr'>dixe-</span> 
     </span>
     <span class='ocr_line' id='line_1_22' title="bbox 604 1296 1995 1350; baseline 0.004 -19"><span class='ocrx_word' id='word_1_223' title='bbox 604 1297 659 1331; x_wconf 86' lang='lat' dir='ltr'>ris.</span> <span class='ocrx_word' id='word_1_224' title='bbox 679 1296 754 1332; x_wconf 89' lang='lat' dir='ltr'>Ubi</span> <span class='ocrx_word' id='word_1_225' title='bbox 769 1297 864 1334; x_wconf 88' lang='lat' dir='ltr'>enirn</span> <span class='ocrx_word' id='word_1_226' title='bbox 883 1298 921 1334; x_wconf 89' lang='lat' dir='ltr'>in</span> <span class='ocrx_word' id='word_1_227' title='bbox 940 1298 1043 1335; x_wconf 90' lang='lat' dir='ltr'>rebus</span> <span class='ocrx_word' id='word_1_228' title='bbox 1069 1299 1248 1336; x_wconf 84' lang='lat' dir='ltr'>leviffimis</span> <span class='ocrx_word' id='word_1_229' title='bbox 1267 1299 1526 1350; x_wconf 82' lang='lat' dir='ltr'>fallacibusque</span> <span class='ocrx_word' id='word_1_230' title='bbox 1546 1301 1700 1349; x_wconf 87' lang='lat' dir='ltr'>operosa</span> <span class='ocrx_word' id='word_1_231' title='bbox 1732 1299 1781 1336; x_wconf 88' lang='lat' dir='ltr'>est</span> <span class='ocrx_word' id='word_1_232' title='bbox 1804 1299 1995 1336; x_wconf 87' lang='lat' dir='ltr'>miraculo-</span> 
     </span>
     <span class='ocr_line' id='line_1_23' title="bbox 602 1346 1993 1394; baseline 0.004 -13"><span class='ocrx_word' id='word_1_233' title='bbox 602 1359 679 1382; x_wconf 90' lang='lat' dir='ltr'>rum</span> <span class='ocrx_word' id='word_1_234' title='bbox 699 1346 891 1384; x_wconf 80' lang='lat' dir='ltr'>ostentatio</span> <span class='ocrx_word' id='word_1_235' title='bbox 911 1376 920 1392; x_wconf 86' lang='lat'>,</span> <span class='ocrx_word' id='word_1_236' title='bbox 947 1362 1023 1385; x_wconf 88' lang='lat' dir='ltr'>non</span> <span class='ocrx_word' id='word_1_237' title='bbox 1046 1349 1095 1386; x_wconf 88' lang='lat' dir='ltr'>est</span> <span class='ocrx_word' id='word_1_238' title='bbox 1116 1349 1327 1386; x_wconf 85' lang='lat' dir='ltr'>miraculum</span> <span class='ocrx_word' id='word_1_239' title='bbox 1340 1379 1351 1394; x_wconf 87' lang='lat'><strong>,</strong></span> <span class='ocrx_word' id='word_1_240' title='bbox 1375 1350 1437 1388; x_wconf 90' lang='lat' dir='ltr'>sed</span> <span class='ocrx_word' id='word_1_241' title='bbox 1457 1350 1672 1387; x_wconf 89' lang='lat' dir='ltr'>histrionum</span> <span class='ocrx_word' id='word_1_242' title='bbox 1689 1349 1993 1387; x_wconf 85' lang='lat' dir='ltr'>circulatorumve</span> 
     </span>
     <span class='ocr_line' id='line_1_24' title="bbox 602 1396 1020 1434; baseline 0.007 -3"><span class='ocrx_word' id='word_1_243' title='bbox 602 1396 695 1431; x_wconf 89' lang='lat' dir='ltr'>fraus</span> <span class='ocrx_word' id='word_1_244' title='bbox 721 1409 762 1432; x_wconf 89' lang='lat' dir='ltr'>ac</span> <span class='ocrx_word' id='word_1_245' title='bbox 781 1398 1020 1434; x_wconf 80' lang='lat' dir='ltr'>mendacium.</span> 
     </span>
    </p>

    <p class='ocr_par' dir='ltr' id='par_1_4' title="bbox 598 1446 1993 1647">
     <span class='ocr_line' id='line_1_25' title="bbox 649 1446 1991 1493; baseline 0.002 -12"><span class='ocrx_word' id='word_1_246' title='bbox 649 1446 758 1483; x_wconf 88' lang='lat' dir='ltr'>Adde</span> <span class='ocrx_word' id='word_1_247' title='bbox 772 1447 850 1483; x_wconf 75' lang='lat' dir='ltr'>hcec</span> <span class='ocrx_word' id='word_1_248' title='bbox 867 1448 1039 1484; x_wconf 87' lang='lat' dir='ltr'>miracula</span> <span class='ocrx_word' id='word_1_249' title='bbox 1052 1448 1205 1485; x_wconf 80' lang='lat' dir='ltr'>evenisse</span> <span class='ocrx_word' id='word_1_250' title='bbox 1221 1475 1229 1490; x_wconf 91' lang='lat'><strong>‚</strong></span> <span class='ocrx_word' id='word_1_251' title='bbox 1253 1449 1484 1485; x_wconf 76' lang='lat' dir='ltr'>Alexandriae</span> <span class='ocrx_word' id='word_1_252' title='bbox 1498 1478 1507 1493; x_wconf 92' lang='lat'>,</span> <span class='ocrx_word' id='word_1_253' title='bbox 1534 1450 1571 1485; x_wconf 88' lang='lat' dir='ltr'>in</span> <span class='ocrx_word' id='word_1_254' title='bbox 1594 1449 1681 1485; x_wconf 84' lang='lat' dir='ltr'>urbe</span> <span class='ocrx_word' id='word_1_255' title='bbox 1698 1449 1882 1485; x_wconf 66' lang='lat' dir='ltr'>vanissima</span> <span class='ocrx_word' id='word_1_256' title='bbox 1897 1476 1906 1492; x_wconf 89' lang='lat'>‚</span> <span class='ocrx_word' id='word_1_257' title='bbox 1945 1448 1991 1484; x_wconf 88' lang='lat' dir='ltr'>ad</span> 
     </span>
     <span class='ocr_line' id='line_1_26' title="bbox 601 1496 1993 1547; baseline 0.002 -17"><span class='ocrx_word' id='word_1_258' title='bbox 601 1508 710 1532; x_wconf 88' lang='lat' dir='ltr'>omne</span> <span class='ocrx_word' id='word_1_259' title='bbox 737 1496 1027 1545; x_wconf 87' lang='lat' dir='ltr'>superstitionum</span> <span class='ocrx_word' id='word_1_260' title='bbox 1055 1510 1166 1546; x_wconf 87' lang='lat' dir='ltr'>genus</span> <span class='ocrx_word' id='word_1_261' title='bbox 1190 1498 1459 1546; x_wconf 62' lang='lat' dir='ltr'>projeciissirna,</span> <span class='ocrx_word' id='word_1_262' title='bbox 1488 1499 1666 1547; x_wconf 84' lang='lat' dir='ltr'>Serapidis</span> <span class='ocrx_word' id='word_1_263' title='bbox 1686 1499 1926 1546; x_wconf 82' lang='lat' dir='ltr'>religionibus</span> <span class='ocrx_word' id='word_1_264' title='bbox 1942 1498 1993 1533; x_wconf 89' lang='lat' dir='ltr'>in-</span> 
     </span>
     <span class='ocr_line' id='line_1_27' title="bbox 598 1545 1992 1596; baseline 0.003 -16"><span class='ocrx_word' id='word_1_265' title='bbox 598 1545 683 1581; x_wconf 70' lang='lat' dir='ltr'>sana</span> <span class='ocrx_word' id='word_1_266' title='bbox 700 1574 707 1587; x_wconf 85' lang='lat'><strong>‚</strong></span> <span class='ocrx_word' id='word_1_267' title='bbox 739 1546 808 1582; x_wconf 87' lang='lat' dir='ltr'>suis</span> <span class='ocrx_word' id='word_1_268' title='bbox 831 1547 867 1582; x_wconf 92' lang='lat' dir='ltr'>in</span> <span class='ocrx_word' id='word_1_269' title='bbox 890 1547 1075 1596; x_wconf 89' lang='lat' dir='ltr'>Principes</span> <span class='ocrx_word' id='word_1_270' title='bbox 1089 1547 1359 1583; x_wconf 84' lang='lat' dir='ltr'>adulationibus</span> <span class='ocrx_word' id='word_1_271' title='bbox 1376 1547 1587 1592; x_wconf 70' lang='lat' dir='ltr'>vaferrima,</span> <span class='ocrx_word' id='word_1_272' title='bbox 1606 1548 1659 1583; x_wconf 84' lang='lat' dir='ltr'>uti</span> <span class='ocrx_word' id='word_1_273' title='bbox 1685 1547 1777 1583; x_wconf 84' lang='lat' dir='ltr'>testis</span> <span class='ocrx_word' id='word_1_274' title='bbox 1801 1547 1848 1583; x_wconf 91' lang='lat' dir='ltr'>est</span> <span class='ocrx_word' id='word_1_275' title='bbox 1866 1548 1992 1584; x_wconf 88' lang='lat' dir='ltr'>ocula-</span> 
     </span>
     <span class='ocr_line' id='line_1_28' title="bbox 600 1595 1448 1647; baseline 0.002 -16"><span class='ocrx_word' id='word_1_276' title='bbox 600 1606 655 1631; x_wconf 87' lang='lat' dir='ltr'>tus</span> <span class='ocrx_word' id='word_1_277' title='bbox 668 1595 796 1639; x_wconf 85' lang='lat' dir='ltr'>Philo,</span> <span class='ocrx_word' id='word_1_278' title='bbox 821 1596 858 1632; x_wconf 90' lang='lat' dir='ltr'>in</span> <span class='ocrx_word' id='word_1_279' title='bbox 875 1598 988 1645; x_wconf 73' lang='lat' dir='ltr'>Legat.</span> <span class='ocrx_word' id='word_1_280' title='bbox 1010 1598 1052 1632; x_wconf 84' lang='lat' dir='ltr'>ad</span> <span class='ocrx_word' id='word_1_281' title='bbox 1069 1599 1182 1633; x_wconf 80' lang='lat' dir='ltr'>Caium</span> <span class='ocrx_word' id='word_1_282' title='bbox 1197 1625 1206 1641; x_wconf 89' lang='lat'>‚</span> <span class='ocrx_word' id='word_1_283' title='bbox 1230 1610 1312 1647; x_wconf 86' lang='lat' dir='ltr'>pag.</span> <span class='ocrx_word' id='word_1_284' title='bbox 1334 1609 1448 1643; x_wconf 90' lang='lat'>1017.</span> 
     </span>
    </p>

    <p class='ocr_par' dir='ltr' id='par_1_5' title="bbox 593 1645 1991 2247">
     <span class='ocr_line' id='line_1_29' title="bbox 651 1645 1991 1696; baseline 0.003 -16"><span class='ocrx_word' id='word_1_285' title='bbox 651 1645 760 1682; x_wconf 86' lang='lat' dir='ltr'>Nunc</span> <span class='ocrx_word' id='word_1_286' title='bbox 786 1647 872 1683; x_wconf 78' lang='lat' dir='ltr'>vero</span> <span class='ocrx_word' id='word_1_287' title='bbox 903 1648 982 1696; x_wconf 89' lang='lat' dir='ltr'>quis</span> <span class='ocrx_word' id='word_1_288' title='bbox 1016 1648 1095 1683; x_wconf 81' lang='lat' dir='ltr'>haec</span> <span class='ocrx_word' id='word_1_289' title='bbox 1119 1647 1290 1683; x_wconf 88' lang='lat' dir='ltr'>miracula</span> <span class='ocrx_word' id='word_1_290' title='bbox 1317 1647 1418 1683; x_wconf 86' lang='lat' dir='ltr'>ausus</span> <span class='ocrx_word' id='word_1_291' title='bbox 1437 1646 1485 1684; x_wconf 90' lang='lat' dir='ltr'>est</span> <span class='ocrx_word' id='word_1_292' title='bbox 1503 1646 1785 1696; x_wconf 78' lang='lat' dir='ltr'>?Vespasianu3‚</span> <span class='ocrx_word' id='word_1_293' title='bbox 1811 1658 1930 1683; x_wconf 86' lang='lat' dir='ltr'>novus</span> <span class='ocrx_word' id='word_1_294' title='bbox 1956 1650 1991 1684; x_wconf 86' lang='lat'>&amp;</span> 
     </span>
     <span class='ocr_line' id='line_1_30' title="bbox 598 1694 1990 1746; baseline 0.003 -17"><span class='ocrx_word' id='word_1_295' title='bbox 598 1694 807 1744; x_wconf 85' lang='lat' dir='ltr'>inopinatus</span> <span class='ocrx_word' id='word_1_296' title='bbox 823 1696 990 1746; x_wconf 83' lang='lat' dir='ltr'>Princeps</span> <span class='ocrx_word' id='word_1_297' title='bbox 1004 1724 1013 1740; x_wconf 90' lang='lat'>‚</span> <span class='ocrx_word' id='word_1_298' title='bbox 1035 1697 1095 1733; x_wconf 88' lang='lat' dir='ltr'>cui</span> <span class='ocrx_word' id='word_1_299' title='bbox 1112 1699 1285 1733; x_wconf 63' lang='lat' dir='ltr'>anaoritas</span> <span class='ocrx_word' id='word_1_300' title='bbox 1316 1699 1353 1733; x_wconf 78' lang='lat'>&amp;¹</span> <span class='ocrx_word' id='word_1_301' title='bbox 1379 1698 1468 1746; x_wconf 80' lang='lat' dir='ltr'>quast</span> <span class='ocrx_word' id='word_1_302' title='bbox 1486 1698 1634 1745; x_wconf 81' lang='lat' dir='ltr'>majestas</span> <span class='ocrx_word' id='word_1_303' title='bbox 1665 1696 1896 1733; x_wconf 86' lang='lat' dir='ltr'>concilianda</span> <span class='ocrx_word' id='word_1_304' title='bbox 1910 1725 1919 1740; x_wconf 83' lang='grc'>,</span> <span class='ocrx_word' id='word_1_305' title='bbox 1948 1708 1990 1734; x_wconf 87' lang='lat' dir='ltr'>ut</span> 
     </span>
     <span class='ocr_line' id='line_1_31' title="bbox 596 1745 1988 1796; baseline 0.001 -16"><span class='ocrx_word' id='word_1_306' title='bbox 596 1745 725 1782; x_wconf 84' lang='lat' dir='ltr'>fatetur</span> <span class='ocrx_word' id='word_1_307' title='bbox 737 1747 947 1790; x_wconf 84' lang='lat' dir='ltr'>Suetonius,</span> <span class='ocrx_word' id='word_1_308' title='bbox 974 1747 1047 1783; x_wconf 88' lang='lat' dir='ltr'>loc.</span> <span class='ocrx_word' id='word_1_309' title='bbox 1064 1747 1125 1783; x_wconf 89' lang='lat' dir='ltr'>cit.</span> <span class='ocrx_word' id='word_1_310' title='bbox 1141 1747 1375 1796; x_wconf 83' lang='lat' dir='ltr'>Vespasianus</span> <span class='ocrx_word' id='word_1_311' title='bbox 1388 1775 1397 1790; x_wconf 89' lang='lat'><strong><em>,</em></strong></span> <span class='ocrx_word' id='word_1_312' title='bbox 1426 1747 1488 1796; x_wconf 89' lang='lat' dir='ltr'>qui</span> <span class='ocrx_word' id='word_1_313' title='bbox 1512 1747 1551 1782; x_wconf 90' lang='lat' dir='ltr'>in</span> <span class='ocrx_word' id='word_1_314' title='bbox 1576 1759 1701 1782; x_wconf 87' lang='lat' dir='ltr'>omnes</span> <span class='ocrx_word' id='word_1_315' title='bbox 1725 1746 1906 1782; x_wconf 77' lang='lat' dir='ltr'>firmandae</span> <span class='ocrx_word' id='word_1_316' title='bbox 1922 1746 1988 1782; x_wconf 93' lang='lat' dir='ltr'>do-</span> 
     </span>
     <span class='ocr_line' id='line_1_32' title="bbox 598 1795 1987 1847; baseline 0.002 -17"><span class='ocrx_word' id='word_1_317' title='bbox 598 1795 808 1832; x_wconf 80' lang='lat' dir='ltr'>minationis</span> <span class='ocrx_word' id='word_1_318' title='bbox 827 1807 916 1833; x_wconf 92' lang='lat' dir='ltr'>artes</span> <span class='ocrx_word' id='word_1_319' title='bbox 936 1798 1092 1833; x_wconf 84' lang='lat' dir='ltr'>intentus</span> <span class='ocrx_word' id='word_1_320' title='bbox 1107 1826 1115 1840; x_wconf 94' lang='lat'><strong>‚</strong></span> <span class='ocrx_word' id='word_1_321' title='bbox 1133 1797 1310 1847; x_wconf 84' lang='lat' dir='ltr'>religione</span> <span class='ocrx_word' id='word_1_322' title='bbox 1325 1797 1479 1833; x_wconf 77' lang='lat' dir='ltr'>maxime</span> <span class='ocrx_word' id='word_1_323' title='bbox 1502 1797 1724 1833; x_wconf 88' lang='lat' dir='ltr'>abutebatur.</span> <span class='ocrx_word' id='word_1_324' title='bbox 1750 1797 1840 1833; x_wconf 91' lang='lat' dir='ltr'>Inde</span> <span class='ocrx_word' id='word_1_325' title='bbox 1856 1809 1987 1846; x_wconf 88' lang='lat' dir='ltr'>accep-</span> 
     </span>
     <span class='ocr_line' id='line_1_33' title="bbox 598 1845 1987 1897; baseline 0.003 -18"><span class='ocrx_word' id='word_1_326' title='bbox 598 1845 742 1882; x_wconf 80' lang='lat' dir='ltr'>tissiuius</span> <span class='ocrx_word' id='word_1_327' title='bbox 777 1846 809 1883; x_wconf 93' lang='lat' dir='ltr'>ei</span> <span class='ocrx_word' id='word_1_328' title='bbox 842 1847 909 1882; x_wconf 89' lang='lat' dir='ltr'>fuit</span> <span class='ocrx_word' id='word_1_329' title='bbox 940 1847 1116 1895; x_wconf 87' lang='lat' dir='ltr'>Josephus</span> <span class='ocrx_word' id='word_1_330' title='bbox 1134 1875 1143 1890; x_wconf 87' lang='lat'>‚</span> <span class='ocrx_word' id='word_1_331' title='bbox 1166 1847 1266 1897; x_wconf 80' lang='lat' dir='ltr'>quod</span> <span class='ocrx_word' id='word_1_332' title='bbox 1292 1847 1447 1884; x_wconf 86' lang='lat' dir='ltr'>mendax</span> <span class='ocrx_word' id='word_1_333' title='bbox 1467 1846 1527 1883; x_wconf 85' lang='lat' dir='ltr'>ille</span> <span class='ocrx_word' id='word_1_334' title='bbox 1554 1846 1695 1884; x_wconf 76' lang='lat' dir='ltr'>Jiidaeus</span> <span class='ocrx_word' id='word_1_335' title='bbox 1716 1846 1862 1883; x_wconf 86' lang='lat' dir='ltr'>oracula</span> <span class='ocrx_word' id='word_1_336' title='bbox 1877 1874 1886 1890; x_wconf 87' lang='lat'><strong>,</strong></span> <span class='ocrx_word' id='word_1_337' title='bbox 1907 1859 1987 1896; x_wconf 83' lang='lat' dir='ltr'>quae</span> 
     </span>
     <span class='ocr_line' id='line_1_34' title="bbox 599 1893 1988 1947; baseline 0.001 -18"><span class='ocrx_word' id='word_1_338' title='bbox 599 1893 776 1931; x_wconf 79' lang='lat' dir='ltr'>Christum</span> <span class='ocrx_word' id='word_1_339' title='bbox 806 1910 926 1947; x_wconf 83' lang='lat' dir='ltr'>regem</span> <span class='ocrx_word' id='word_1_340' title='bbox 951 1897 1094 1947; x_wconf 84' lang='lat' dir='ltr'>ejusque</span> <span class='ocrx_word' id='word_1_341' title='bbox 1121 1897 1311 1946; x_wconf 89' lang='lat' dir='ltr'>imperium</span> <span class='ocrx_word' id='word_1_342' title='bbox 1335 1897 1664 1946; x_wconf 74' lang='lat' dir='ltr'>prcenuntiaverant</span> <span class='ocrx_word' id='word_1_343' title='bbox 1688 1924 1698 1940; x_wconf 90' lang='lat'><strong>,</strong></span> <span class='ocrx_word' id='word_1_344' title='bbox 1737 1896 1774 1932; x_wconf 91' lang='lat' dir='ltr'>in</span> <span class='ocrx_word' id='word_1_345' title='bbox 1806 1909 1886 1933; x_wconf 88' lang='lat' dir='ltr'>eum</span> <span class='ocrx_word' id='word_1_346' title='bbox 1913 1906 1988 1931; x_wconf 86' lang='lat' dir='ltr'>tra-</span> 
     </span>
     <span class='ocr_line' id='line_1_35' title="bbox 598 1944 1986 1997; baseline 0.004 -19"><span class='ocrx_word' id='word_1_347' title='bbox 598 1944 707 1981; x_wconf 79' lang='lat' dir='ltr'>xiffet.</span> <span class='ocrx_word' id='word_1_348' title='bbox 722 1947 867 1995; x_wconf 85' lang='lat' dir='ltr'>Joseph.</span> <span class='ocrx_word' id='word_1_349' title='bbox 893 1949 978 1984; x_wconf 82' lang='lat' dir='ltr'>Bell.</span> <span class='ocrx_word' id='word_1_350' title='bbox 999 1948 1073 1983; x_wconf 82' lang='lat' dir='ltr'>Jud.</span> <span class='ocrx_word' id='word_1_351' title='bbox 1092 1946 1168 1989; x_wconf 92' lang='lat' dir='ltr'>III,</span> <span class='ocrx_word' id='word_1_352' title='bbox 1187 1950 1221 1984; x_wconf 87' lang='lat'>8.</span> <span class='ocrx_word' id='word_1_353' title='bbox 1242 1948 1379 1984; x_wconf 91' lang='lat' dir='ltr'>Omnes</span> <span class='ocrx_word' id='word_1_354' title='bbox 1394 1960 1557 1997; x_wconf 88' lang='lat' dir='ltr'>quoque,</span> <span class='ocrx_word' id='word_1_355' title='bbox 1571 1947 1677 1996; x_wconf 87' lang='lat' dir='ltr'>quise</span> <span class='ocrx_word' id='word_1_356' title='bbox 1687 1946 1869 1983; x_wconf 71' lang='lat' dir='ltr'>Davidica</span> <span class='ocrx_word' id='word_1_357' title='bbox 1880 1945 1986 1994; x_wconf 87' lang='lat' dir='ltr'>stirpe</span> 
     </span>
     <span class='ocr_line' id='line_1_36' title="bbox 597 1994 1984 2046; baseline 0.003 -18"><span class='ocrx_word' id='word_1_358' title='bbox 597 1994 772 2031; x_wconf 88' lang='lat' dir='ltr'>oriundos</span> <span class='ocrx_word' id='word_1_359' title='bbox 789 1997 942 2040; x_wconf 84' lang='lat' dir='ltr'>ferrent,</span> <span class='ocrx_word' id='word_1_360' title='bbox 971 1996 1105 2046; x_wconf 89' lang='lat' dir='ltr'>inquiri</span> <span class='ocrx_word' id='word_1_361' title='bbox 1126 1998 1318 2046; x_wconf 86' lang='lat' dir='ltr'>necarique</span> <span class='ocrx_word' id='word_1_362' title='bbox 1332 1997 1434 2046; x_wconf 84' lang='lat' dir='ltr'>jussit.</span> <span class='ocrx_word' id='word_1_363' title='bbox 1453 1997 1581 2034; x_wconf 90' lang='lat' dir='ltr'>Euseb.</span> <span class='ocrx_word' id='word_1_364' title='bbox 1604 1997 1687 2041; x_wconf 74' lang='lat' dir='ltr'>Hisz‘.</span> <span class='ocrx_word' id='word_1_365' title='bbox 1708 1996 1882 2044; x_wconf 58' lang='lat' dir='ltr'>Ecclefiast.</span> <span class='ocrx_word' id='word_1_366' title='bbox 1903 1995 1984 2039; x_wconf 91' lang='lat' dir='ltr'>III,</span> 
     </span>
     <span class='ocr_line' id='line_1_37' title="bbox 601 2044 1982 2097; baseline 0.001 -18"><span class='ocrx_word' id='word_1_367' title='bbox 601 2056 616 2079; x_wconf 92' lang='lat'>1</span> <span class='ocrx_word' id='word_1_368' title='bbox 630 2056 660 2080; x_wconf 89' lang='lat'>1.</span> <span class='ocrx_word' id='word_1_369' title='bbox 674 2044 904 2093; x_wconf 74' lang='lat' dir='ltr'>Vespasianus</span> <span class='ocrx_word' id='word_1_370' title='bbox 925 2047 1066 2084; x_wconf 89' lang='lat' dir='ltr'>demum</span> <span class='ocrx_word' id='word_1_371' title='bbox 1083 2075 1091 2090; x_wconf 88' lang='lat'>,</span> <span class='ocrx_word' id='word_1_372' title='bbox 1107 2047 1188 2097; x_wconf 89' lang='lat' dir='ltr'>qui,</span> <span class='ocrx_word' id='word_1_373' title='bbox 1215 2058 1302 2083; x_wconf 89' lang='lat' dir='ltr'>tunc</span> <span class='ocrx_word' id='word_1_374' title='bbox 1317 2047 1489 2096; x_wconf 87' lang='lat' dir='ltr'>temporis</span> <span class='ocrx_word' id='word_1_375' title='bbox 1504 2075 1514 2090; x_wconf 88' lang='lat'>‚</span> <span class='ocrx_word' id='word_1_376' title='bbox 1544 2045 1742 2095; x_wconf 81' lang='lat' dir='ltr'>Apollonii</span> <span class='ocrx_word' id='word_1_377' title='bbox 1760 2045 1955 2095; x_wconf 87' lang='lat' dir='ltr'>Tyanensis</span> <span class='ocrx_word' id='word_1_378' title='bbox 1972 2071 1982 2087; x_wconf 87' lang='lat'>‚</span> 
     </span>
     <span class='ocr_line' id='line_1_38' title="bbox 594 2093 1983 2147; baseline 0.001 -19"><span class='ocrx_word' id='word_1_379' title='bbox 594 2093 785 2130; x_wconf 86' lang='lat' dir='ltr'>hominum</span> <span class='ocrx_word' id='word_1_380' title='bbox 811 2124 819 2137; x_wconf 92' lang='lat'>‚</span> <span class='ocrx_word' id='word_1_381' title='bbox 851 2108 1034 2146; x_wconf 86' lang='lat' dir='ltr'>quotquot</span> <span class='ocrx_word' id='word_1_382' title='bbox 1057 2110 1225 2147; x_wconf 87' lang='lat' dir='ltr'>umquam</span> <span class='ocrx_word' id='word_1_383' title='bbox 1250 2097 1410 2134; x_wconf 88' lang='lat' dir='ltr'>exstitere</span> <span class='ocrx_word' id='word_1_384' title='bbox 1428 2125 1437 2141; x_wconf 86' lang='lat'>‚</span> <span class='ocrx_word' id='word_1_385' title='bbox 1459 2096 1765 2133; x_wconf 75' lang='lat' dir='ltr'>fraudulentissimi</span> <span class='ocrx_word' id='word_1_386' title='bbox 1786 2124 1795 2139; x_wconf 91' lang='lat'><strong><em>‚</em></strong></span> <span class='ocrx_word' id='word_1_387' title='bbox 1832 2095 1983 2131; x_wconf 88' lang='lat' dir='ltr'>familia-</span> 
     </span>
     <span class='ocr_line' id='line_1_39' title="bbox 594 2143 1981 2197; baseline 0.003 -19"><span class='ocrx_word' id='word_1_388' title='bbox 594 2143 698 2180; x_wconf 86' lang='lat' dir='ltr'>ritate</span> <span class='ocrx_word' id='word_1_389' title='bbox 723 2145 949 2196; x_wconf 81' lang='lat' dir='ltr'>consiliisque</span> <span class='ocrx_word' id='word_1_390' title='bbox 982 2147 1146 2184; x_wconf 87' lang='lat' dir='ltr'>utebatur</span> <span class='ocrx_word' id='word_1_391' title='bbox 1161 2175 1171 2192; x_wconf 91' lang='lat'>‚</span> <span class='ocrx_word' id='word_1_392' title='bbox 1194 2158 1234 2184; x_wconf 91' lang='lat' dir='ltr'>ut</span> <span class='ocrx_word' id='word_1_393' title='bbox 1257 2147 1379 2184; x_wconf 81' lang='lat' dir='ltr'>videre</span> <span class='ocrx_word' id='word_1_394' title='bbox 1406 2147 1454 2184; x_wconf 87' lang='lat' dir='ltr'>est</span> <span class='ocrx_word' id='word_1_395' title='bbox 1478 2146 1575 2197; x_wconf 88' lang='lat' dir='ltr'>apud</span> <span class='ocrx_word' id='word_1_396' title='bbox 1599 2145 1853 2183; x_wconf 81' lang='lat' dir='ltr'>Pliilostratum</span> <span class='ocrx_word' id='word_1_397' title='bbox 1875 2173 1884 2189; x_wconf 85' lang='lat'>‚</span> <span class='ocrx_word' id='word_1_398' title='bbox 1906 2145 1981 2183; x_wconf 85' lang='lat' dir='ltr'>Vit.</span> 
     </span>
     <span class='ocr_line' id='line_1_40' title="bbox 593 2193 1092 2247; baseline 0.012 -19"><span class='ocrx_word' id='word_1_399' title='bbox 593 2193 777 2242; x_wconf 87' lang='lat' dir='ltr'>Apollon.</span> <span class='ocrx_word' id='word_1_400' title='bbox 794 2196 844 2238; x_wconf 85' lang='lat' dir='ltr'>V,</span> <span class='ocrx_word' id='word_1_401' title='bbox 872 2209 930 2243; x_wconf 85' lang='lat'>27.</span> <span class='ocrx_word' id='word_1_402' title='bbox 947 2200 979 2233; x_wconf 68' lang='grc' dir='ltr'>ὃς</span> <span class='ocrx_word' id='word_1_403' title='bbox 994 2197 1092 2247; x_wconf 90' lang='lat' dir='ltr'>seqq.</span> 
     </span>
    </p>

    <p class='ocr_par' dir='ltr' id='par_1_6' title="bbox 590 2244 1980 2496">
     <span class='ocr_line' id='line_1_41' title="bbox 603 2244 1980 2296; baseline 0.001 -17"><span class='ocrx_word' id='word_1_404' title='bbox 603 2251 605 2253; x_wconf 84' lang='grc'><strong>’</strong></span> <span class='ocrx_word' id='word_1_405' title='bbox 645 2244 737 2279; x_wconf 72' lang='lat' dir='ltr'>Hcec</span> <span class='ocrx_word' id='word_1_406' title='bbox 760 2244 840 2280; x_wconf 89' lang='lat' dir='ltr'>saris</span> <span class='ocrx_word' id='word_1_407' title='bbox 865 2246 1037 2296; x_wconf 89' lang='lat' dir='ltr'>superque</span> <span class='ocrx_word' id='word_1_408' title='bbox 1058 2247 1158 2291; x_wconf 83' lang='lat' dir='ltr'>sunt,</span> <span class='ocrx_word' id='word_1_409' title='bbox 1177 2257 1217 2284; x_wconf 87' lang='lat' dir='ltr'>ut</span> <span class='ocrx_word' id='word_1_410' title='bbox 1239 2247 1379 2284; x_wconf 88' lang='lat' dir='ltr'>constet</span> <span class='ocrx_word' id='word_1_411' title='bbox 1401 2246 1604 2296; x_wconf 82' lang='lat' dir='ltr'>Vespasiani</span> <span class='ocrx_word' id='word_1_412' title='bbox 1632 2246 1803 2281; x_wconf 83' lang='lat' dir='ltr'>miracula</span> <span class='ocrx_word' id='word_1_413' title='bbox 1823 2244 1922 2281; x_wconf 77' lang='lat' dir='ltr'>fuisse</span> <span class='ocrx_word' id='word_1_414' title='bbox 1942 2246 1980 2280; x_wconf 89' lang='lat' dir='ltr'>in</span> 
     </span>
     <span class='ocr_line' id='line_1_42' title="bbox 593 2293 1976 2346; baseline 0.001 -18"><span class='ocrx_word' id='word_1_415' title='bbox 593 2293 776 2342; x_wconf 70' lang='lat' dir='ltr'>AEgyptiis</span> <span class='ocrx_word' id='word_1_416' title='bbox 801 2306 889 2332; x_wconf 88' lang='lat' dir='ltr'>artes</span> <span class='ocrx_word' id='word_1_417' title='bbox 908 2297 1117 2346; x_wconf 87' lang='lat' dir='ltr'>fraudesque</span> <span class='ocrx_word' id='word_1_418' title='bbox 1132 2326 1140 2340; x_wconf 87' lang='lat'><strong>‚</strong></span> <span class='ocrx_word' id='word_1_419' title='bbox 1161 2298 1198 2333; x_wconf 85' lang='lat' dir='ltr'>in</span> <span class='ocrx_word' id='word_1_420' title='bbox 1218 2297 1432 2346; x_wconf 77' lang='lat' dir='ltr'>Vespasiano</span> <span class='ocrx_word' id='word_1_421' title='bbox 1451 2297 1615 2346; x_wconf 58' lang='lat' dir='ltr'>politica?</span> <span class='ocrx_word' id='word_1_422' title='bbox 1630 2297 1711 2332; x_wconf 86' lang='lat' dir='ltr'>artis</span> <span class='ocrx_word' id='word_1_423' title='bbox 1725 2295 1951 2331; x_wconf 76' lang='lat' dir='ltr'>instrumenta</span> <span class='ocrx_word' id='word_1_424' title='bbox 1965 2322 1976 2336; x_wconf 90' lang='lat'><em>‚</em></span> 
     </span>
     <span class='ocr_line' id='line_1_43' title="bbox 592 2343 1977 2426; baseline 0 -48"><span class='ocrx_word' id='word_1_425' title='bbox 592 2343 721 2426; x_wconf 73' lang='lat' dir='ltr'>quibus</span> <span class='ocrx_word' id='word_1_426' title='bbox 741 2345 883 2394; x_wconf 77' lang='lat' dir='ltr'>quaesita</span> <span class='ocrx_word' id='word_1_427' title='bbox 897 2359 998 2382; x_wconf 85' lang='lat' dir='ltr'>novo</span> <span class='ocrx_word' id='word_1_428' title='bbox 1013 2348 1232 2395; x_wconf 74' lang='lat' dir='ltr'>principatui</span> <span class='ocrx_word' id='word_1_429' title='bbox 1249 2347 1437 2384; x_wconf 66' lang='lat' dir='ltr'>aii&amp;oritas</span> <span class='ocrx_word' id='word_1_430' title='bbox 1460 2360 1501 2383; x_wconf 85' lang='lat' dir='ltr'>ac</span> <span class='ocrx_word' id='word_1_431' title='bbox 1527 2346 1738 2383; x_wconf 86' lang='lat' dir='ltr'>reverentia.</span> <span class='ocrx_word' id='word_1_432' title='bbox 1767 2344 1878 2381; x_wconf 82' lang='lat' dir='ltr'>Addit</span> <span class='ocrx_word' id='word_1_433' title='bbox 1902 2343 1977 2393; x_wconf 90' lang='lat' dir='ltr'>qui-</span> 
     </span>
     <span class='ocr_line' id='line_1_44' title="bbox 592 2394 1977 2445; baseline 0.001 -18"><span class='ocrx_word' id='word_1_434' title='bbox 592 2406 603 2426; x_wconf 83' lang='lat'>(</span> <span class='ocrx_word' id='word_1_435' title='bbox 617 2406 671 2428; x_wconf 85' lang='lat' dir='ltr'>eni</span> <span class='ocrx_word' id='word_1_436' title='bbox 693 2394 842 2431; x_wconf 89' lang='lat' dir='ltr'>Tacitus</span> <span class='ocrx_word' id='word_1_437' title='bbox 858 2408 1021 2445; x_wconf 79' lang='lat' dir='ltr'>utrumque</span> <span class='ocrx_word' id='word_1_438' title='bbox 1046 2396 1136 2432; x_wconf 87' lang='lat' dir='ltr'>istud</span> <span class='ocrx_word' id='word_1_439' title='bbox 1150 2397 1361 2434; x_wconf 86' lang='lat' dir='ltr'>miraculum</span> <span class='ocrx_word' id='word_1_440' title='bbox 1383 2398 1427 2432; x_wconf 93' lang='lat' dir='ltr'>ab</span> <span class='ocrx_word' id='word_1_441' title='bbox 1449 2397 1491 2432; x_wconf 90' lang='lat' dir='ltr'>iis</span> <span class='ocrx_word' id='word_1_442' title='bbox 1511 2400 1563 2443; x_wconf 76' lang='lat' dir='ltr'>qui</span> <span class='ocrx_word' id='word_1_443' title='bbox 1580 2397 1749 2441; x_wconf 67' lang='lat' dir='ltr'>interficere</span> <span class='ocrx_word' id='word_1_444' title='bbox 1765 2407 1844 2428; x_wconf 80' lang='lat' dir='ltr'>nunc</span> <span class='ocrx_word' id='word_1_445' title='bbox 1859 2407 1977 2440; x_wconf 83' lang='lat' dir='ltr'>quoque</span> 
     </span>
     <span class='ocr_line' id='line_1_45' title="bbox 590 2443 1973 2496; baseline 0.004 -18"><span class='ocrx_word' id='word_1_446' title='bbox 590 2445 798 2490; x_wconf 85' lang='lat' dir='ltr'>memorari,</span> <span class='ocrx_word' id='word_1_447' title='bbox 811 2446 977 2496; x_wconf 76' lang='lat' dir='ltr'>postquam</span> <span class='ocrx_word' id='word_1_448' title='bbox 992 2448 1117 2483; x_wconf 79' lang='lat' dir='ltr'>nullum</span> <span class='ocrx_word' id='word_1_449' title='bbox 1134 2447 1293 2484; x_wconf 83' lang='lat' dir='ltr'>mendacio</span> <span class='ocrx_word' id='word_1_450' title='bbox 1313 2450 1465 2493; x_wconf 78' lang='lat' dir='ltr'>pretium.</span> <span class='ocrx_word' id='word_1_451' title='bbox 1487 2445 1614 2496; x_wconf 86' lang='lat' dir='ltr'>Neque</span> <span class='ocrx_word' id='word_1_452' title='bbox 1630 2444 1670 2482; x_wconf 84' lang='lat' dir='ltr'>id</span> <span class='ocrx_word' id='word_1_453' title='bbox 1687 2444 1825 2480; x_wconf 80' lang='lat' dir='ltr'>mirum·</span> <span class='ocrx_word' id='word_1_454' title='bbox 1844 2443 1973 2480; x_wconf 76' lang='lat' dir='ltr'>Excisa</span> 
     </span>
    </p>
   </div>
  </div>
 </body>
</html>
