2230 3047
467 286 582 300 a

467 320 496 344 A.
510 322 536 343 U.
549 322 578 344 C.

487 367 558 394 322.

491 425 513 447 J.
526 425 554 448 C.

498 470 548 502 69.

613 191 663 223 62
839 182 887 222 C.
954 182 1376 224 CORNELII
1440 183 1742 245 TACIVTI

604 278 648 304 ut
662 262 823 316 aliquod
838 264 1032 303 exercitui
1050 257 1295 305 Germanico
1313 263 1618 304 delinimentum
1641 269 1668 304 ¹.
1683 266 1873 319 ,Iungitur
1885 268 1981 308 Ver-

605 327 717 380 ginio
739 326 953 381 Pompeius
967 326 1186 382 Vopiscus,
1205 340 1395 382 praetextu
1409 327 1552 366 veteris
1580 328 1782 374 amicitiae3
1801 326 1979 383 plerique

604 388 888 431 Viennensium
918 390 1062 430 honori
1094 393 1107 410 ²
1137 390 1271 430 datum
1309 388 1679 445 interpretabantur.
1713 390 1849 431 Ceteri
1879 407 1979 432 con-

603 452 750 493 sulatus
769 466 820 492 ex
841 452 1100 493 destinatione
1117 454 1317 502 Neronis,
1341 466 1408 493 aut
1443 451 1602 502 Galbae‚
1634 453 1825 494 mansere.
1853 453 1978 494 Caelio

602 531 649 556 ac
674 515 817 557 Flavio
854 514 1008 556 Sabinis
1025 545 1039 566 ,
1077 517 1119 555 in
1155 514 1304 561 Julias3
1343 516 1461 555 Arrio
1495 515 1706 557 Antonino
1734 521 1743 544 ³
1771 520 1811 557 ὃ(
1844 517 1978 557 Mario

602 577 750 628 Celso,
775 579 816 617 in
846 578 1122 634 Septembres:
1151 593 1320 632 quorum
1347 580 1494 619 honori
1524 593 1573 618 ne
1601 577 1791 620 Vitellius
1817 580 1979 633 quidem

601 643 726 684 vinitor
741 641 966 682 intercessit.
982 642 1061 681 Sed
1080 642 1195 682 Otho
1207 671 1220 691 ,
1248 642 1504 696 pontificatus
1522 642 1810 696 auguratusque
1824 649 1840 670 4
1855 644 1980 683 hono-

602 707 694 746 ratis
713 704 793 758 jam
815 704 972 745 senibus
987 734 1000 754 ,
1029 703 1236 745 cumulum
1255 704 1458 758 dignitatis
1472 733 1484 754 ‚
1508 705 1684 751 addidit3
1711 709 1750 746 &
1771 706 1910 746 recens
1931 705 1977 746 ab

602 768 740 809 exfilio
764 767 940 808 reversos
965 765 1120 807 nobiles
1141 765 1462 808 adolescentulos
1478 797 1490 817 ,
1522 769 1636 808 avitis
1657 783 1703 808 ac
1725 769 1896 823 paternis
1918 769 1977 810 sa-

603 832 791 873 cerdotiis
812 832 855 870 in
877 829 1063 871 solatium
1080 828 1265 870 recoluit.
1282 830 1479 871 Redditus
1502 830 1630 871 Cadio
1649 831 1760 871 Rufo
1784 835 1796 862 5
1814 860 1827 881 ,
1853 831 1977 872 Pedio

601 894 728 936 Blaeso
743 925 756 945 ‚
776 895 925 934 Sevino
947 894 1163 948 Pomptino
1186 893 1402 934 senatorius
1423 892 1535 934 locus
1549 924 1562 943 ‚
1586 895 1653 947 qui
1670 893 1978 950 repetundarum

604 958 835 998 criminibus
848 986 860 1006 ,
877 956 947 996 sub
965 954 1137 996 Claudio
1151 971 1197 996 ac
1212 958 1378 996 Nerone
1389 985 1402 1006 ,
1423 957 1665 997 ceciderant.
1680 957 1836 997 Placuit
1849 958 1979 1011 ignos-

605 1021 785 1062 centibus
810 1019 827 1041 ⁶
842 1049 854 1069 ,
875 1018 989 1059 verso
1007 1020 1170 1059 nomine
1183 1049 1195 1068 ‚
1220 1019 1328 1072 quod
1349 1020 1510 1059 avaritia
1525 1019 1678 1069 fuerat,
1698 1020 1824 1060 videri
1844 1018 1980 1072 majes-

603 1097 751 1124 tatem:
781 1081 893 1133 cujus
912 1095 998 1122 tum
1018 1081 1136 1131 odio,
1164 1082 1284 1122 etiam
1305 1081 1419 1122 bonae
1441 1080 1550 1136 leges
1571 1081 1765 1137 peribant.

665 1145 940 1188 LXXVIII.
974 1144 1149 1184 EADEM
1174 1143 1386 1198 largitione
1409 1146 1618 1185 civitatum
1637 1160 1795 1200 quoque
1816 1161 1862 1186 ac
1884 1162 1978 1202 pro-

604 1211 825 1250 vinciarum
843 1209 994 1249 animos
1018 1207 1235 1262 adgressus,
1250 1206 1564 1262 Hispalienfibus
1584 1212 1623 1248 ὅ(
1640 1208 1946 1251 Emeritensibus
1964 1216 1979 1238 ⁷

604 1271 845 1313 familiarum
858 1270 1098 1322 adjectiones
1114 1267 1128 1291 ‘⁰'
1138 1300 1150 1320 ‚
1165 1269 1416 1325 Lingonibus
1430 1270 1618 1311 univerfis
1638 1275 1654 1299 9
1676 1273 1881 1312 civitatem
1898 1274 1981 1314 Ro-

605 1350 763 1376 manam
776 1366 789 1386 ,
805 1335 1020 1392 provinciae
1039 1334 1192 1374 Baeticae
1210 1334 1447 1374 Maurorum
1468 1335 1648 1374 civitates
1668 1339 1701 1357 ¹0
1717 1335 1826 1375 dono
1847 1336 1978 1377 dedit:

646 1457 654 1469 ¹
680 1451 956 1487 Dummsxwu]
973 1448 1131 1478 Exercitus
1147 1449 1273 1479 Germa-

606 1489 671 1520 nici
697 1490 730 1519 in
747 1489 930 1529 Verginium
953 1487 1211 1518 benevolentiam
1225 1488 1273 1517 vi-

606 1529 706 1558 dimus
734 1529 820 1568 supra
847 1528 880 1558 in
908 1528 1130 1566 supplemento
1159 1527 1272 1557 Annal.

607 1569 678 1598 XVI
691 1591 699 1603 ‚
715 1579 765 1605 79.

646 1610 656 1622 ²
680 1609 897 1637 VIENNENSlUM
914 1615 1035 1636 nouom
1048 1609 1058 1639 ]
1072 1604 1272 1640 Viennenses,

606 1646 747 1676 Vindicis
767 1654 865 1684 partes
885 1644 998 1678 secuti,
1011 1652 1045 1674 ut
1065 1643 1179 1673 dictum
1192 1644 1271 1674 estin

605 1686 829 1724 Supplemento
859 1684 970 1713 Annal.
997 1684 1088 1713 XVI,
1111 1686 1173 1720 78,
1198 1692 1272 1714 tunc

606 1725 774 1763 plurimum
799 1723 945 1754 valebant
966 1722 998 1752 in
1026 1722 1151 1759 Galli&
1170 1722 1273 1752 afflicti

606 1766 717 1794 contra
738 1762 967 1802 Lugdunenses.
996 1761 1075 1793 Vide
1104 1761 1190 1800 supra
1206 1772 1271 1801 cap.

632 1814 657 1868 5³
681 1844 785 1872 Annio
814 1841 1006 1877 ANTONINO]
1033 1839 1192 1869 Antonini
1210 1839 1272 1875 Pii,

607 1881 709 1920 postea
729 1880 923 1920 Imperatoris
938 1879 1068 1918 optimi,
1092 1889 1160 1907 avus
1173 1888 1274 1907 mater-

607 1930 660 1949 nus
681 1920 782 1949 Arrius
805 1919 982 1953 Antoninus,
1009 1918 1050 1947 bis
1068 1917 1177 1955 consid,
1199 1917 1273 1947 homo

597 1959 732 1999 sandius,
752 1959 812 1989 Jul.
831 1958 1004 2002 Capitolin.
1027 1957 1060 1987 in
1080 1957 1232 1988 Antonin.
1249 1959 1273 1988 I.

607 1999 731 2038 Egregii
753 2000 787 2030 ὃς
806 1997 919 2028 literati
941 1997 1001 2027 viri
1025 1997 1128 2027 laudes
1151 1996 1224 2026 vide
1240 1996 1274 2026 in

608 2038 742 2077 epistolis
759 2062 768 2074 ‚
793 2047 866 2076 quas
882 2037 921 2067 ad
939 2046 1009 2067 eum
1027 2035 1140 2074 scripsit
1158 2035 1273 2066 Plinius

608 2079 670 2114 lv,
694 2078 757 2114 3&
779 2080 824 2107 18.
840 2079 887 2110 V,
908 2087 957 2106 10.

646 2122 662 2140 ⁴
682 2117 909 2146 Pom-lucianus
933 2125 1186 2150 AUGURATUSQUE
1198 2115 1212 2151 ]
1225 2116 1274 2144 In-

608 2156 647 2186 de
671 2155 704 2185 in
732 2155 889 2185 veteribus
916 2154 1170 2194 Inscriptionibus
1194 2154 1273 2184 inter

607 2195 836 2225 honoratorum
868 2194 1007 2224 virorum
1036 2194 1144 2224 titulos
1172 2194 1273 2231 passim

608 2242 775 2265 occurrunt
795 2234 1015 2264 PONTIFEX.
1035 2234 1186 2263 AVGVR.
1207 2235 1273 2263 SA-

648 2318 656 2339 5
681 2314 788 2343 Cimo
810 2312 922 2348 Rufo]
939 2310 985 2340 De
999 2309 1098 2340 Cadio
1117 2310 1199 2341 Rufo
1210 2311 1273 2340 dic-

607 2360 674 2381 tum
699 2351 784 2390 supra
809 2351 919 2380 Annal.
942 2350 1019 2386 XII,
1039 2360 1088 2379 22.
1110 2350 1157 2380 De
1177 2350 1271 2380 Pedio

607 2390 722 2427 Blaeso,
747 2390 859 2420 Annal.
880 2391 968 2423 XIV,
990 2391 1036 2418 18.

645 2432 658 2449 ⁶
680 2431 818 2462 Pmcuu·
848 2438 1086 2461 renoscenruws
1109 2429 1124 2466 ]
1155 2428 1274 2460 Placuit

1311 1447 1451 1484 Othoni,
1472 1447 1507 1479 &
1524 1447 1716 1479 senatoribus
1727 1448 1981 1488 ignoscentibus,

1311 1487 1428 1517 crimen
1449 1497 1593 1523 reorum,
1615 1488 1705 1518 verso
1732 1489 1863 1519 nomine
1876 1513 1885 1523 ,
1905 1500 1979 1520 mu<

1311 1526 1386 1563 tari3
1411 1526 1461 1562 &‚
1481 1527 1568 1565 quod
1585 1527 1715 1557 avaritia
1730 1527 1830 1558 fuerat
1842 1552 1850 1564 ‚
1865 1528 1887 1557 fi
1907 1529 1980 1568 qui-

1311 1565 1382 1595 dem
1399 1566 1637 1603 repetundarum
1652 1566 1834 1597 criminibus
1854 1568 1979 1598 cecide-

1311 1612 1378 1634 rant
1390 1626 1398 1638 ‚
1420 1605 1607 1642 majestatem
1624 1606 1781 1644 appellari.
1794 1607 1890 1644 Quod
1906 1607 1979 1646 qui-

1313 1644 1382 1673 dem
1405 1644 1567 1681 majestatis
1585 1644 1702 1675 crimen
1719 1653 1807 1676 tanto
1823 1646 1899 1676 odio
1914 1654 1979 1678 erat

1312 1690 1436 1721 propter
1449 1691 1498 1713 tot
1509 1683 1692 1714 innocentes
1709 1684 1786 1714 olim
1797 1685 1978 1723 damnatos,

1312 1729 1345 1752 ut
1357 1721 1449 1751 etiam
1460 1723 1552 1752 bonae
1570 1722 1652 1762 leges
1670 1723 1817 1762 perirent.
1830 1724 1978 1764 Quisquis

1313 1760 1397 1791 enim
1421 1760 1582 1799 majestatis
1620 1762 1816 1793 accusabatur
1835 1785 1844 1798 ‚
1874 1763 1979 1795 insons

1312 1799 1476 1830 videbatur
1485 1824 1494 1836 ‚
1509 1801 1582 1831 licet
1590 1802 1761 1832 multorum
1770 1802 1906 1833 aliorum
1918 1803 1979 1833 cri-

1312 1839 1433 1868 minum
1453 1839 1535 1870 foret
1549 1850 1629 1870 reus.

1350 1884 1363 1903 7
1384 1879 1638 1910 HISPAUENSIEUS
1657 1890 1695 1909 ετ
1709 1881 1979 1917 Eunu-nmmos]

1312 1917 1442 1956 Hispalis
1455 1942 1464 1955 ,
1483 1928 1566 1948 nunc
1577 1917 1680 1947 Seville
1699 1918 1771 1947 dans
1785 1919 1933 1950 l'Andalou
1945 1931 1981 1951 ze.
2001 1921 2009 1925 ”

1311 1957 1447 2024 {merita
1458 1981 1468 1995 ,
1486 1967 1570 1988 nunc
1596 1957 1705 1986 Μέτὶᾱα
1730 1957 1802 1987 dans
1817 1958 1979 1998 Z'Estrama-

1331 2006 1402 2026 oure.

1352 2036 1364 2054 ⁸
1396 2037 1611 2066 FAmmmm
1643 2048 1852 2069 ADJECTIONES
1877 2038 1892 2075 ]
1927 2038 1978 2070 Sic

1312 2075 1393 2113 apud
1411 2075 1540 2105 Livium
1554 2076 1677 2113 XLIII,
1704 2087 1750 2115 17.
1772 2076 1978 2116 Postulantihus

1312 2113 1520 2153 Aquileiensium
1542 2114 1663 2154 legatis,
1683 2124 1712 2143 ut
1743 2126 1882 2145 numerum
1903 2116 1978 2146 colo-

1311 2154 1420 2182 niarum
1441 2163 1554 2194 augeret
1580 2155 1592 2190 (
1611 2154 1720 2184 melius
1732 2178 1741 2191 ‚
1759 2165 1885 2184 numerus
1896 2178 1903 2185 .
1919 2178 1926 2186 .
1942 2179 1950 2186 .
1966 2179 1975 2187 .

1312 2196 1475 2232 augeretur)
1488 2217 1497 2229 ‚
1512 2192 1584 2222 mille
1596 2192 1626 2222 &-
1637 2194 1792 2233 quingentae
1805 2194 1924 2232 familiae
1939 2206 1976 2225 eae

1303 2232 1535 2271 finazufi‘onficlto
1545 2232 1668 2271 scriptae.

1352 2277 1364 2295 9
1386 2273 1579 2302 leeomssus
1607 2283 1773 2303 umvmzsis
1795 2277 1806 2306 ]
1835 2274 1880 2303 Ita
1903 2273 1975 2303 libri

1313 2321 1432 2342 omnes.
1449 2311 1587 2349 Suspecta
1607 2320 1710 2342 tamen
1725 2312 1774 2342 hic
1794 2311 1976 2351 Lingonum

1311 2350 1442 2380 mentio.
1463 2350 1543 2381 Vide
1564 2352 1662 2381 Notas
1677 2352 1712 2382 δε
1734 2352 1976 2382 Emendationes

1311 2390 1349 2421 ad
1368 2389 1442 2419 Hist.
1462 2391 1492 2423 1,
1512 2392 1562 2427 78.

1351 2435 1379 2449 ¹0
1404 2430 1598 2460 mmmmm
1627 2431 1805 2463 Clvrruts
1828 2433 1840 2464 ]
1866 2429 1978 2461 Voluit

2015 846 2064 872 10

2014 1159 2062 1198 15
