2230 3047
616 204 675 249 76

594 274 745 340 fhlvit
762 311 775 332 ,
809 273 1147 341 Cremonamque
1163 273 1297 340 petit.
1319 272 1486 320 XXIII.
1506 269 1723 337 Prospera
1757 268 1984 318 Othonia·

611 360 681 408 nis
713 361 773 407 ad
787 360 1039 409 Cremonam
1052 379 1221 428 pugna.
1240 361 1417 406 XXIV.
1439 355 1610 405 Caecina
1629 355 1809 422 irfidias
1818 355 1982 420 struit,

612 464 722 513 quas
758 446 807 493 in
839 445 980 512 ipsum
1006 446 1139 493 vertit
1174 444 1414 493 Suetonius
1446 442 1701 491 Paullinus.
1733 441 1840 489 Rex
1867 440 1984 508 Epi-

603 533 774 598 phanes
792 568 805 589 ,
821 550 907 598 pro
944 530 1123 579 Othone
1150 549 1362 598 pugnares
1379 566 1392 586 ,
1425 529 1692 577 vulneratur.
1722 530 1900 576 XXVI.
1924 527 1982 576 In

611 618 803 684 urgendo
836 616 952 684 hoste
981 616 1100 665 haud
1107 617 1228 681 stitis
1258 636 1358 664 acer
1386 615 1640 663 Paullinus.
1664 617 1863 663 XXVII.
1890 613 1940 662 V
1937 633 1983 660 a-

616 703 707 750 lens
725 703 772 750 in
805 701 990 750 Italiam
1025 703 1164 750 yenit.
1202 701 1368 749 Gravis
1393 700 1440 748 in
1473 700 1567 766 ejus
1603 700 1800 748 exercitu
1833 700 1983 748 Bata-

611 808 764 837 vorum
801 788 972 856 seditio
1002 823 1016 847 ,
1071 788 1270 855 Alpheni
1324 786 1440 835 Vari
1498 784 1677 851 constlio
1731 784 1982 851 compostta.

611 874 789 924 Junchs
823 875 984 931 armis,
1028 873 1196 922 Valens
1234 874 1275 923 ἐξ)
1311 873 1482 921 Caecina
1518 872 1758 921 Vitellium
1786 870 1984 936 fovent,

602 961 850 1030 probraque
895 960 1068 1009 Othoni
1104 959 1329 1027 objec'iant.
1372 961 1570 1008 XXXI.
1624 957 1810 1008 Vitellii
1853 976 1985 1027 atque

615 1045 812 1095 Othonis
845 1047 1129 1113 comparatio.
1179 1045 1305 1094 Otho
1337 1047 1389 1093 de
1422 1063 1578 1112 genere
1609 1043 1713 1091 belli
1750 1044 1981 1110 consultat.

612 1133 774 1181 NIoras
789 1133 875 1180 alii
891 1170 903 1191 ‚
941 1133 1027 1180 olii
1045 1131 1377 1203 festinationem
1403 1131 1539 1204 stulte
1569 1130 1843 1190 suadent‚&
1863 1150 1985 1198 prce-

608 1221 770 1268 valent.
811 1223 1025 1269 XXXIII.
1058 1219 1313 1287 Funestiore
1335 1219 1480 1266 adhuc
1510 1216 1719 1281 consilio,
1745 1215 1870 1265 Otho
1886 1235 1984 1265 cum

608 1306 763 1354 valida*
795 1306 1020 1374 copiarum
1045 1326 1177 1355 manu
1212 1304 1473 1354 Brixellum
1508 1303 1717 1352 concedit.
1756 1306 1981 1353 XXXIV.

613 1391 857 1442 Vitelliani
910 1391 1136 1458 transitum
1183 1390 1303 1440 Padi
1341 1390 1574 1456 simulant.
1618 1393 1822 1439 XXXV.
1863 1390 1982 1439 Leve

599 1480 812 1546 praelium
855 1476 1132 1529 Othonianis
1163 1476 1406 1544 adversum.
1440 1479 1685 1525 XXXVII.
1722 1476 1881 1526 Vanus
1912 1497 1982 1526 ru-

609 1584 726 1624 mor,
752 1585 919 1632 pavore
939 1564 1073 1621 belli,
1097 1561 1346 1629 fastidiove
1367 1563 1632 1630 Principum
1651 1600 1665 1621 ‚
1683 1564 1816 1631 pacis
1850 1564 1982 1631 corfi-

608 1650 673 1698 lia
696 1650 809 1699 inter
837 1651 1056 1700 exercitus
1065 1646 1211 1719 fuiſje
1241 1650 1427 1718 agitata.
1459 1652 1679 1699 XXXIX.
1703 1649 1907 1698 Titianus
1937 1649 1979 1699 ἃ

606 1737 823 1787 Proculus
854 1740 916 1786 ad
948 1756 1149 1805 quartum
1184 1756 1212 1785 a
1246 1737 1466 1786 Bebriaco
1497 1735 1632 1803 castra
1657 1736 1856 1802 imperite
1877 1756 1983 1803 pro-

606 1843 814 1885 movent,
863 1825 904 1874 6}
950 1826 1002 1874 de
1032 1824 1200 1893 praello
1243 1825 1458 1874 dubitant.
1500 1827 1616 1872 XL.
1657 1821 1813 1882 Otho,
1857 1824 1982 1873 morsi¹

606 1929 720 1977 aeger
739 1949 751 1968 ‚
770 1909 880 1977 spei
908 1911 1143 1979 impatiens
1161 1948 1174 1970 ,
1219 1931 1307 1959 rem
1334 1911 1382 1958 in
1420 1909 1652 1977 disbrimen
1691 1909 1810 1958 mitti
1832 1910 1977 1976 jubet.

605 2000 727 2045 XLI.
751 1997 1052 2064 Bebriacensis
1066 2017 1235 2066 pugna.
1254 1999 1423 2046 XLIV.
1454 1994 1814 2046 Othonianorum
1817 1996 1944 2066 fitgd
1960 2038 1976 2059 ‚

607 2082 645 2131 ἃ
683 2086 889 2133 adversus
916 2088 1045 2134 duces
1049 2084 1161 2151 sitos
1193 2085 1275 2132 ira.
1305 2084 1455 2130 XLV.
1483 2081 1726 2130 Vitelliani
1747 2081 1864 2130 νίἑῖα
1879 2082 1978 2149 cas-

602 2186 670 2215 tra
688 2169 882 2218 intrant:
907 2171 1014 2219 vic‘ii
1037 2169 1296 2238 vifforefiue
1315 2204 1328 2227 ‚
1351 2168 1399 2216 in
1418 2168 1621 2216 lacrimas
1641 2166 1764 2236 ff‘st
1778 2200 1794 2221 ,
1815 2168 1976 2217 civilia

601 2256 711 2304 bella
739 2257 1011 2325 detestamur.
1045 2261 1196 2307 XLV.
1230 2257 1425 2323 Accepto
1450 2254 1588 2304 cladis
1611 2254 1764 2303 nuntio
1779 2292 1792 2313 ‚
1820 2254 1972 2314 Otlzo,

600 2343 774 2412 confilii
792 2362 958 2406 certus,
989 2344 1154 2394 milites
1185 2345 1431 2410 amicosque
1449 2342 1624 2409 stylatia
1652 2358 1861 2390 tentantes
1891 2340 1972 2388 ad-
