2230 3047
532 316 563 339 A.
577 318 605 339 U.
617 317 647 342 C·

554 364 625 392 822.

557 415 579 438 J.
592 416 621 439 C.

564 464 614 498 69.

673 194 752 239 178
917 187 966 228 c,
1026 187 1448 245 CORNELII
1501 186 1812 231 TACITI

668 267 768 309 culis
791 268 1002 308 hortorum
1021 274 1030 290 ¹
1051 268 1205 311 abditus
1220 300 1233 321 ,
1251 284 1296 311 ut
1311 272 1456 325 ignava
1479 267 1691 319 animalia,
1705 268 1849 323 quibus
1864 269 1891 309 si
1907 269 2042 313 cibum

669 331 855 386 suggeras
870 361 884 382 ,
899 329 1034 384 jacent
1048 346 1287 390 torpentque
1301 363 1314 384 ‚
1340 333 1534 389 praeterita
1548 361 1562 383 ,
1584 333 1788 383 instantia,
1806 332 1938 374 futura
1961 335 2046 389 pari

669 394 878 436 oblivione
900 396 1111 438 dimiserat.
1126 399 1259 451 Atque
1272 395 1388 436 illum
1397 426 1410 446 ‚
1431 397 1473 436 in
1497 410 1661 437 nemore
1676 397 1845 437 Aricino
1871 396 2044 437 desidem

668 463 709 500 &
726 472 992 510 marcentem,
1008 462 1186 517 proditio
1201 459 1351 501 Lucilii
1372 460 1472 500 Baffi
1488 464 1524 510 ²,
1551 475 1598 501 ac
1623 459 1793 501 defeffio
1817 458 1940 500 claffis
1961 460 2045 500 Ra-

665 524 848 564 vennatis
871 523 1055 580 perculit.
1081 527 1174 566 Nec
1201 523 1332 564 multo
1360 525 1445 580 post
1460 523 1510 564 de
1526 522 1686 565 Caecina
1701 523 1876 564 adfertur
1896 524 2045 564 mixtus

667 586 816 642 gaudio
846 586 965 628 dolor
977 618 990 638 ,
1007 605 1028 625 «
1044 592 1082 629 ὅ(
1103 587 1307 628 descivisse
1320 617 1333 638 ,
1355 591 1395 628 ὅ(
1411 587 1460 628 ab
1474 589 1654 629 exercitu
1668 589 1845 628 vinetum
1863 591 1872 615 ³
1887 604 1908 624 >›
1931 604 1938 626 :
1955 586 2045 643 plus

667 650 772 706 apud
796 650 1006 692 socordem
1020 653 1197 692 animum
1213 651 1348 692 laetitia
1360 681 1374 702 ‚
1396 650 1514 706 quam
1528 666 1622 693 cura
1636 651 1777 693 valuit.
1796 647 1932 692 Multa
1951 665 2047 691 cum

667 712 933 755 exsultatione
957 716 998 754 in
1014 714 1162 755 Urbem
1187 716 1364 756 revefims
1378 745 1391 766 ,
1408 715 1606 769 frequenti
1627 716 1856 766 concione,
1881 731 1904 751 <c
1920 715 2048 770 pieta-

665 793 688 814 »
699 789 778 818 tem
807 777 978 818 militum
994 796 1015 815 2>
1038 777 1220 819 laudibus
1249 777 1442 820 cumulat.
1477 795 1498 815 «
1518 779 1560 818 P.
1581 778 1774 820 Sabinum
1789 784 1807 807 4
1822 808 1835 829 ,
1872 777 2045 834 praetorii

665 857 687 877 2>
698 841 922 896 praefecium
936 871 949 891 ‚
964 841 1014 882 ob
1035 843 1253 883 amicitiam
1266 842 1433 883 Caecinae
1445 871 1459 892 ,
1474 842 1654 882 vinciri»
1676 840 1788 895 jubet
1800 871 1813 892 ,
1834 841 2043 882 substituto

663 904 705 943 in
725 903 862 945 locum
892 902 975 956 ejus
1000 904 1192 961 Alpheno
1214 907 1339 948 Varo.

728 967 982 1009 XXXVII.
1012 969 1061 1008 M
1076 982 1102 1009 o
1116 981 1140 1009 x
1167 969 1347 1010 senatum
1362 998 1374 1019 ,
1400 965 1619 1024 composita
1640 969 1681 1007 in
1703 966 2047 1022 magnificentiam

667 1031 875 1080 oratione,
896 1029 1132 1082 adlocutus,
1157 1032 1356 1085 exquisitis
1381 1046 1539 1087 patrum
1564 1030 1860 1072 adulationibus
1891 1029 2047 1071 attolli-

665 1105 740 1132 tur.
757 1093 922 1133 Initium
939 1096 1084 1135 atrocis
1109 1096 1152 1134 in
1186 1095 1388 1136 Caecinam
1416 1095 1619 1135 sententiae
1647 1094 1732 1134 aL.
1747 1092 1919 1135 Vitellio
1935 1093 2047 1134 ⁵fac-

666 1167 773 1196 tum:
806 1156 898 1196 dein
936 1159 1059 1198 ceteri
1075 1187 1088 1208 ‚
1124 1157 1343 1214 composita
1381 1158 1660 1213 indignatione
1701 1174 1722 1194 «
1751 1157 1860 1211 quod
1902 1155 2046 1198 consul

665 1218 989 1275 »rempublicam
1008 1251 1021 1271 ,
1045 1220 1127 1261 dux
1152 1221 1440 1278 Imperatorem
1455 1251 1468 1271 ‚
1493 1222 1614 1262 tantis
1633 1220 1803 1277 opibus,
1828 1233 1890 1261 tot
1915 1222 2047 1261 hono-

664 1282 803 1324 »ribus
831 1282 1056 1325 cumulatus
1069 1315 1081 1335 ,
1108 1286 1281 1326 amicum
1295 1315 1308 1336 ,
1329 1284 1560 1341 prodidisset
1573 1302 1594 1321 »
1611 1314 1623 1334 ‚
1645 1283 1758 1325 velut
1777 1299 1850 1340 pro
1873 1282 2047 1325 Vitellio

666 1360 986 1400 conquerentes,
1013 1347 1126 1388 suum
1153 1347 1334 1389 dolorem
1354 1347 1622 1404 proferebant.
1650 1346 1805 1398 Nulla,
1831 1348 1872 1387 in
1897 1348 2048 1388 oratio-

663 1423 716 1449 ne
743 1407 976 1464 cujusquam
993 1440 1007 1461 ‚
1029 1425 1121 1466 erga
1137 1410 1352 1453 Flavianos
1380 1411 1501 1452 duces
1525 1410 1785 1452 obtremtio:
1821 1427 1843 1446 «
1870 1424 2046 1451 errorem

662 1472 1084 1528 »imprudentiamque
1122 1476 1372 1516 exercituum
1385 1491 1407 1512 »
1442 1474 1650 1531 culpantes
1665 1505 1677 1525 ,
1710 1473 1940 1530 Vespasiani
1972 1488 2046 1514 no·

662 1548 757 1575 men
778 1536 948 1592 suspensi
973 1542 1013 1578 ὃ(
1043 1536 1250 1578 vitabundi
1266 1537 1545 1580 circumibant.
1559 1540 1651 1579 Nec
1666 1536 1818 1588 defuit,
1839 1538 1906 1591 qui
1920 1551 2047 1576 unum

663 1598 895 1641 consulatus
909 1601 1014 1641 diem
1031 1603 1091 1652 (is
1100 1603 1207 1642 enim
1221 1631 1234 1652 ‚
1251 1602 1293 1641 in
1308 1601 1447 1643 locum
1463 1601 1631 1642 Caecinae
1646 1631 1659 1651 ‚
1680 1601 1880 1656 supererat
1896 1604 1930 1651 ),
1942 1614 2048 1655 mag-

663 1676 718 1702 no
745 1677 836 1702 cum
870 1664 990 1703 inrisu
1015 1664 1224 1705 tribuentis
1242 1664 1582 1721 accipientisque,
1606 1662 1890 1705 eblandiretur.
1915 1663 2047 1704 Pridie

664 1723 864 1766 Calendas
880 1726 1128 1768 Novembris
1142 1728 1285 1769 Rosius
1307 1727 1489 1783 Regulus
1506 1726 1523 1749 ⁶
1538 1728 1629 1768 iniit
1641 1758 1654 1778 ‚
1678 1725 1940 1781 ejuravitque.
1963 1726 2047 1767 Ad-

663 1787 857 1829 notabant
872 1791 988 1845 periti
1002 1820 1015 1841 ‚
1037 1808 1058 1827 ‹<
1073 1806 1289 1845 numquam
1314 1805 1429 1833 antea
1440 1821 1453 1843 ,
1478 1806 1560 1832 non
1578 1790 1771 1845 abrogato
1791 1791 2020 1845 magistratu
2032 1819 2045 1840 ‚

661 1867 823 1905 »neque
850 1852 940 1908 lege
957 1852 1062 1905 lata,
1084 1854 1206 1895 alium
1235 1855 1442 1905 suffecium
1462 1872 1502 1894 »ι
1529 1869 1621 1895 nam
1648 1852 1789 1895 consul
1811 1869 1894 1895 uno
1916 1853 1980 1895 die
2004 1857 2046 1894 ὃ(

660 1915 755 1955 ante
789 1915 918 1957 fuerat
943 1917 1137 1959 Caninius
1166 1917 1337 1960 Rebilus
1363 1924 1404 1971 ⁷,
1436 1918 1484 1960 C.
1517 1917 1669 1959 Caesare
1701 1917 1919 1970 diEtatore‚
1951 1919 2044 1959 cum

662 1976 761 2019 belli
783 1979 914 2020 civilis
933 1982 1092 2037 praemia
1108 1981 1398 2023 festinarentur.

701 2098 711 2112 ¹
735 2094 940 2126 UMBRACULIS
962 2100 1257 2133 nom-onniassnter
1266 2099 1332 2129 Ari·
1370 2098 1418 2134 Π,
1434 2107 1485 2133 92.

659 2131 760 2169 ciam,
774 2144 855 2164 nunc
870 2134 897 2163 la
913 2135 1028 2173 Rima,
1047 2138 1080 2168 &
1098 2148 1204 2168 nemus
1228 2138 1330 2169 Arici·
1412 2142 1420 2163 5
1446 2137 1485 2166 L.
1505 2136 1689 2173 Virizzuo]
1714 2134 1914 2174 Imperatoris
1936 2133 2044 2166 Vitel-

659 2182 735 2202 num
750 2196 759 2209 ‚
783 2174 879 2203 multa
895 2175 992 2206 adhuc
1006 2177 1122 2207 exstant
1138 2187 1329 2208 monumen-
1371 2175 1404 2205 lii
1423 2175 1526 2206 fratrc.
2032 2211 2041 2218 ‚

659 2220 765 2256 torum
794 2213 937 2257 vestigia:
961 2215 1005 2244 ibi
1031 2215 1116 2246 fuisse
1140 2217 1248 2247 villam
1273 2218 1331 2247 Vi-
1410 2217 1423 2234 ⁶
1445 2216 1558 2246 Rosius
1582 2215 1758 2252 Rscums]
1783 2215 1831 2245 De
1858 2213 1946 2251 hujus
1967 2222 2042 2257 anm

658 2251 739 2280 tellii
761 2250 923 2289 suspicatur
945 2255 992 2284 CI.
1012 2256 1221 2293 Corradinus,
1243 2256 1332 2287 Vetus
1371 2255 1549 2285 consulibus
1565 2254 1638 2285 vide
1667 2255 1766 2286 Notas
1785 2255 1819 2286 &
1841 2253 2043 2283 Emendatio-

657 2289 790 2325 Larium,
803 2293 897 2322 Tom.
917 2294 942 2322 ll
960 2317 968 2329 ‚
986 2304 1051 2333 pag.
1072 2305 1138 2330 ¹92·
1370 2305 1423 2325 nes
1445 2295 1483 2324 ad
1507 2294 1580 2324 Hist.
1602 2295 1636 2331 Ι,
1653 2304 1705 2333 77.
2017 2330 2022 2335 ¹

699 2333 709 2346 ²
735 2331 862 2361 Lucirii
885 2333 1001 2367 Bassi]
1032 2334 1111 2365 Vide
1141 2334 1227 2374 supra
1254 2334 1328 2366 Hist.
1409 2339 1422 2358 7
1444 2335 1596 2364 CANINIUS
1627 2334 1791 2370 Remi-us]
1824 2334 1916 2362 Anno
1949 2331 2040 2361 Urbis

657 2370 686 2398 ll
700 2392 708 2405 ‚
732 2380 789 2399 100
809 2372 842 2400 ὅ(
866 2373 925 2406 111,
949 2383 995 2402 iz.
1369 2373 1504 2404 conditae
1516 2383 1611 2403 oceix
1623 2395 1631 2407 ‚
1647 2381 1718 2402 ante
1730 2372 1881 2402 Christum
1894 2381 1950 2410 45,
1966 2380 2042 2401 con-

698 2414 708 2434 3
732 2411 910 2447 VINCTUM]
934 2412 1007 2441 Hist.
1026 2413 1086 2449 m,
1111 2423 1157 2450 ¹4-
1369 2412 1412 2442 sul
1431 2412 1491 2443 fuit
1510 2412 1605 2442 Julius
1632 2411 1730 2441 Caesar
1749 2413 1791 2441 IV
1814 2410 1876 2441 fine
1895 2409 2039 2449 collega:

695 2453 710 2470 ⁴
730 2449 761 2479 P.
781 2451 923 2481 SABmUM
942 2455 955 2487 ]
976 2452 1024 2482 De
1053 2461 1117 2491 quo
1146 2451 1233 2492 supra
1253 2451 1327 2483 Hist.
1368 2452 1482 2483 eodem
1499 2461 1583 2484 anno
1602 2451 1718 2484 suffecti
1738 2450 1808 2483 sunt
1833 2449 1977 2482 consules
1999 2449 2041 2488 Q·

2076 851 2126 880 10

2071 1481 2129 1511 20

2070 1798 2123 1838 25
