2209 3047
595 239 683 280 534
788 218 1005 261 NOTAE
1048 215 1136 256 ET
1174 213 1781 259 EMENDATIONES

590 297 721 336 XLIII.
755 308 852 331 num.
897 306 928 329 1.
963 292 1086 329 videre
1109 291 1158 329 est
1179 291 1358 340 Serapidis
1385 302 1495 339 caput
1521 291 1708 328 barbatum
1725 323 1734 336 ,
1764 302 1979 340 cornutum,

592 348 767 386 radiatum
797 373 806 387 ‚
845 356 927 380 cum
951 343 1080 379 modio
1113 342 1151 378 in
1172 344 1306 378 vertice
1331 355 1340 378 :
1369 340 1463 377 adest
1487 344 1520 377 ὃς
1546 342 1680 378 tridens
1703 371 1714 386 ,
1747 343 1807 378 cui
1842 344 1979 393 serpens

594 394 904 434 circumvolvitur.
943 393 1086 440 Quibus
1122 392 1317 441 infignibus
1349 402 1448 440 patet
1483 392 1690 441 Serapidem
1727 392 1793 429 ess'e
1814 393 1942 430 Jovem
1967 421 1979 436 ‚

590 448 711 484 Solem
738 474 746 488 ‚
785 443 916 480 Osirim
947 471 958 487 ‚
996 445 1204 492 Neptunum
1243 444 1277 477 &
1310 441 1571 490 AEsculapium.
1622 441 1715 478 Vide
1757 455 1835 492 quae
1869 443 1914 478 ad
1942 443 1981 480 id

591 494 881 534 confirmandum
914 496 1088 543 congetiit
1125 490 1282 527 Oiselius
1310 519 1320 535 ,
1360 491 1432 527 loc.
1468 491 1528 527 cit.
1565 504 1647 541 pag.
1681 494 1770 528 218.
1798 495 1852 528 At
1877 504 1980 528 natu-

591 559 665 583 ram
713 544 921 594 cultumque
960 542 1138 590 serapidis
1165 554 1272 577 nemo
1300 542 1500 578 accuratius
1529 541 1692 590 expressit
1715 570 1726 586 ‚
1769 543 1874 592 quam
1898 543 1981 578 Ma-

590 596 736 634 crobius
759 593 934 631 saturnal.
962 593 998 635 l,
1024 605 1086 628 20.
1111 591 1331 627 Alexandria
1355 594 1453 628 eidem
1477 593 1621 641 AEgypto
1651 593 1798 640 adjacens
1831 596 1947 627 civitas
1970 620 1980 634 ,

588 661 657 696 quas
693 646 883 682 conditorem
917 643 1141 678 Alexandrum
1171 643 1375 677 Macedonem
1401 644 1587 691 gloriatur,
1618 643 1755 689 Sarapin
1791 654 1884 691 atque
1916 642 1981 690 Ifin

589 698 680 732 cultu
709 709 798 743 paene
829 697 973 730 attonitae
1000 694 1214 727 venerationis
1249 692 1392 737 observat
1416 707 1430 726 :
1459 705 1580 727 omnem
1605 704 1710 728 tamen
1733 693 1826 727 illam
1846 705 1982 728 venera-

587 750 704 783 tionem
728 747 796 781 Soli·
836 746 863 787 [ἓ
882 744 940 790 fich
964 743 1053 776 illius
1079 745 1202 776 nomine
1227 741 1360 788 testatur
1383 742 1558 788 impendere
1582 770 1592 786 ‚
1634 743 1686 777 vel
1711 742 1785 777 dum
1814 744 1977 778 calathum

589 800 689 843 capiti
710 798 776 843 ejus
798 787 958 842 infigunt,
988 793 1041 827 vel
1064 792 1138 826 dum
1153 791 1473 840 stmulacrofignum
1498 794 1647 838 tricipitis
1671 795 1845 827 animantis
1866 793 1982 840 adjun-

587 859 694 896 gunt,·
725 845 804 893 quod
830 845 982 888 exprimit
1007 842 1108 877 medio
1127 842 1290 890 eodemque
1312 844 1454 876 maximo
1482 845 1582 888 capite
1601 843 1700 876 leonis
1722 842 1878 890 effigiem;
1900 843 1982 876 dex-

589 897 659 933 terd
679 907 770 942 parte
790 904 884 939 caput
907 894 992 926 canis
1016 895 1162 926 exoritur
1187 892 1349 938 mansuetd
1363 892 1466 938 specie
1487 891 1709 932 blandienti53
1729 904 1807 938 pars
1831 896 1905 927 νενὸ
1929 893 1983 926 lae-

590 960 634 982 va
655 946 782 980 cervicis
801 945 922 988 rapacis
942 943 1009 988 lupi
1027 944 1128 988 capite
1141 941 1291 988 finitur:
1319 944 1428 989 easque
1438 941 1565 988 formas
1586 942 1776 977 animalium
1795 941 1889 976 draco
1907 954 1982 976 con-

589 998 684 1031 nec‘lit
715 994 874 1028 volumine
889 992 948 1038 suo
975 995 1078 1038 capite
1111 991 1257 1026 redeunte
1286 992 1329 1026 ad
1369 992 1418 1026 dei
1453 991 1619 1026 dexteram
1639 1018 1650 1034 ‚
1691 991 1753 1040 qud
1782 992 1984 1038 compefiitur

592 1045 775 1092 monstrum.
803 1043 890 1090 Ergo
916 1043 1012 1076 leonis
1045 1044 1146 1088 capite
1175 1040 1370 1089 monstratur
1388 1042 1524 1088 pra-sens
1556 1053 1675 1087 tempus
1694 1054 1708 1082 ,-
1743 1044 1816 1090 quia
1846 1042 1984 1076 conditio

590 1098 657 1143 ejus
685 1098 767 1129 inter
790 1095 987 1138 praeteritum
1002 1091 1215 1139 futurumque
1239 1093 1310 1126 aaa
1330 1092 1478 1137 praesenti
1503 1091 1617 1126 salida
1637 1092 1824 1139 fervensque
1846 1091 1900 1138 est.
1923 1092 1984 1127 Sed

592 1147 629 1180 ὅ
649 1145 847 1190 pratericum
871 1154 991 1188 tempus
1017 1143 1085 1188 lupi
1112 1144 1213 1187 capite
1225 1140 1406 1189 stgnatur3
1431 1141 1512 1189 quod
1534 1143 1686 1176 memoria
1710 1154 1813 1176 rerum
1839 1141 1984 1188 transac-

591 1207 696 1230 tarum
721 1195 871 1238 rapitur,
902 1192 938 1226 ξφ
958 1191 1116 1237 aufertur.
1142 1193 1223 1226 Item
1246 1193 1331 1226 canis
1353 1192 1544 1226 blandientis
1572 1190 1689 1239 effigies
1705 1190 1815 1238 futuri
1837 1194 1985 1237 temporis

589 1243 731 1290 defignat
747 1254 918 1282 eventu1n;
933 1241 969 1276 de
997 1254 1054 1289 quo
1073 1241 1160 1276 nobis
1177 1241 1271 1288 spes,
1296 1241 1369 1275 licet
1383 1244 1525 1284 incerta,
1550 1241 1726 1276 blanditur.
1753 1241 1904 1287 Tempora
1922 1254 1985 1276 au-

590 1306 652 1330 tem
677 1296 727 1328 cui
751 1291 810 1338 nifi
829 1294 958 1338 proprio
976 1291 1220 1338 famularentur
1241 1292 1394 1326 auclori?
1422 1294 1510 1338 cujus
1533 1303 1670 1334 vertex,
1704 1290 1870 1338 insignitus
1896 1292 1986 1326 cala-

590 1345 665 1383 tho,
696 1344 731 1377 ξφ
755 1342 959 1377 altitudinem
974 1340 1091 1388 fider-is
1120 1340 1299 1388 monstrat,
1328 1342 1364 1376 ξς·
1384 1344 1561 1387 potentiam
1595 1343 1781 1386 capacitatis
1811 1340 1945 1388 ostentat
1967 1355 1984 1376 .·

590 1397 667 1442 quia
689 1396 722 1427 in
743 1405 812 1426 eum
837 1394 943 1426 omnia
968 1403 1092 1426 terrena
1110 1391 1260 1433 redeunt,
1286 1391 1361 1425 dum
1381 1392 1512 1439 immiff)
1535 1393 1637 1425 calore
1661 1394 1842 1436 rapiuntur.
1872 1394 1984 1436 Accipe

589 1456 672 1478 nunc
697 1441 771 1490 quid
791 1441 828 1476 de
847 1441 920 1476 Sole
934 1465 944 1482 ‚
974 1442 1025 1475 vel
1048 1441 1183 1486 Sarapi,
1203 1443 1427 1486 pronuntietur
1444 1442 1582 1476 oraculo.
1609 1442 1696 1475 Nam
1714 1441 1844 1486 Sarapis
1861 1467 1870 1483 ,
1895 1453 1985 1488 quem

590 1493 742 1541 AEgyptii
765 1492 856 1526 deum
878 1492 1056 1524 maximum
1075 1489 1286 1536 prodiderunt
1306 1515 1314 1529 ‚
1367 1502 1475 1523 oratus
1497 1504 1515 1524 a
1538 1492 1742 1524 Nicocreonte
1756 1517 1765 1531 ‚
1796 1491 1986 1537 Cypriorum

590 1545 749 1591 rege‚quis
765 1541 893 1577 deorum
908 1540 1074 1575 haberetur
1085 1566 1095 1582 ‚
1116 1540 1162 1574 his
1176 1538 1314 1587 vetfibus
1323 1539 1501 1586 sollicitam
1518 1541 1701 1587 religionem
1717 1541 1797 1586 regis
1816 1539 1985 1586 instruxit.

790 1621 862 1665 Eis-ci
887 1624 946 1659 θεὸς
973 1623 1083 1658 wiese
1105 1623 1212 1663 μαθεῖν
1229 1648 1237 1661 ,
1264 1619 1320 1654 dior
1345 1622 1372 1654 κ’
1399 1618 1456 1663 ἐγὼ
1480 1621 1563 1655 εἴπω.

789 1668 932 1718 Οὐραῖιλιος
960 1673 1068 1714 ›icio-[uos
1095 1671 1210 1713 κεφαλὴ
1226 1696 1236 1710 ,
1264 1671 1363 1717 ‘pecc-»ip
1389 1673 1420 1704 se
1441 1669 1582 1704 θάλασσαι
1601 1699 1609 1710 ,

790 1725 869 1756 Γαῖα
896 1724 927 1755 δέ
955 1737 1008 1759 μοι
1035 1723 1122 1758 πόδες
1147 1720 1225 1760 εἰσὶ,
1253 1719 1295 1754 wi
1321 1722 1350 1754 δ’
1373 1718 1446 1754 ἕατ’
1475 1726 1500 1755 ἐν
1527 1724 1628 1768 αἰθέρι
1653 1721 1779 1761 κεῖται,

791 1769 903 1814 ἅμμα
929 1787 960 1805 τε
987 1772 1139 1813 τηλαυγὲς
1155 1797 1166 1811 ,
1194 1772 1333 1818 λαμπρ-ὲν
1355 1768 1431 1813 φαίος
1457 1773 1573 1806 afflicto.

595 1837 648 1871 Ex
688 1837 735 1872 his
769 1849 902 1883 apparet
925 1838 1056 1883 Sarapis
1081 1837 1118 1872 Εἴ
1141 1836 1222 1872 Solis
1256 1850 1352 1872 unarn
1377 1837 1412 1872 Ετ
1439 1837 1641 1872 individuam
1667 1837 1721 1885 effi
1742 1847 1905 1871 naturam.
1928 1834 1985 1882 Isis

587 1887 704 1935 juncia
727 1888 878 1933 religione
901 1888 1077 1922 celebratur
1092 1913 1102 1930 ,
1130 1900 1197 1934 quae
1223 1887 1266 1934 cst
1288 1889 1340 1922 vel
1364 1899 1476 1931 terra,
1502 1889 1556 1922 rel
1577 1899 1695 1921 natura
1719 1899 1822 1921 rerum
1838 1913 1847 1928 ‚
1868 1886 1985 1932 subja-

597 1948 662 1970 cens
679 1938 754 1983 soli.
778 1939 861 1972 Hinc
885 1936 927 1984 est
951 1937 1031 1986 quod
1060 1940 1250 1971 continuatis
1285 1938 1427 1972 uberibus
1456 1951 1565 1984 corpus
1588 1937 1651 1972 deae
1684 1950 1772 1972 omne
1804 1936 1945 1982 densetur
1971 1961 1985 1977 ‚

596 1989 670 2035 quia
691 1998 780 2022 terro:
795 2014 804 2029 ,
829 1988 883 2021 vel
896 2001 1002 2022 rerum
1021 1999 1166 2030 naturae,
1191 1988 1260 2022 altu
1280 1990 1424 2022 nutritur
1449 1987 1647 2034 universitas.

646 2035 757 2072 Hunc
783 2037 964 2073 Macrobii
987 2036 1112 2073 locum
1131 2036 1374 2086 Tacitumque
1403 2037 1546 2086 egregie
1576 2035 1750 2071 illustrant
1774 2034 1987 2084 praestantis-

598 2083 675 2120 fimi
695 2085 768 2122 duo
791 2088 926 2122 nummi
946 2086 1152 2136 Vespasiani
1172 2089 1205 2122 &
1225 2087 1452 2129 Domitiani,
1481 2099 1572 2136 quos
1592 2085 1707 2123 edidit
1724 2085 1781 2122 Cl.
1806 2085 1958 2122 Pellerin
1973 2111 1986 2128 ‚

599 2136 752 2183 Melange
777 2137 812 2171 de
836 2138 970 2184 diverses
995 2137 1179 2174 Medailles.
1206 2138 1315 2173 Torn.
1341 2137 1370 2173 Ι.
1395 2149 1476 2185 pag.
1502 2149 1592 2184 224.
1615 2136 1654 2172 ln
1681 2148 1829 2171 nummo
1851 2135 1986 2184 Vespa-

599 2183 685 2221 fiani
700 2213 708 2229 ,
730 2198 868 2223 ATTOK.
891 2199 991 2223 KAIE.
1016 2199 1146 2224 ΣΕΒΑΣ.
1171 2198 1487 2223 οτΕΣΠΑΣΙΑΝοΥ.
1514 2186 1552 2222 id
1574 2185 1640 2230 est,
1660 2188 1862 2232 Imperatoris
1879 2186 1987 2232 Caefiz-

601 2238 645 2270 ris
670 2235 808 2284 Augusti
830 2238 1035 2284 Vespa,‘?ani;
1058 2248 1169 2286 caput
1190 2236 1392 2286 Vespasiani
1420 2236 1627 2273 laureatum.
1650 2235 1691 2271 In
1714 2237 1838 2272 aversa
1857 2246 1957 2284 parte
1971 2261 1983 2278 ,

602 2295 710 2321 ΖΕΥΣ.
742 2297 918 2323 ΣΑΡΑΠΙΣ.
948 2298 982 2323 L.
1009 2298 1124 2323 ENAT.
1147 2286 1184 2322 id
1210 2286 1281 2331 est,
1309 2288 1432 2332 Jupiter
1457 2288 1582 2333 Swapis
1599 2312 1607 2327 ‚
1634 2299 1716 2322 anno
1741 2299 1820 2321 nono
1842 2283 1982 2334 imperii

600 2334 815 2383 Vespasiani.
845 2337 921 2371 Stat
948 2337 1087 2384 Serapis
1109 2364 1118 2379 ‚
1156 2336 1287 2373 sinistra
1312 2335 1418 2372 hastae
1450 2336 1618 2379 innixus,
1655 2336 1798 2372 extenta
1831 2334 1952 2371 dextra
1970 2361 1981 2377 ‚

601 2385 671 2432 qua
693 2384 888 2421 monstrum
907 2385 1037 2433 triceps
1053 2414 1061 2428 ,
1089 2386 1132 2422 de
1154 2398 1227 2435 quo
1251 2386 1478 2429 Macrobius,
1507 2385 1736 2434 compescere
1763 2384 1915 2420 videtur.
1937 2384 1982 2420 In

601 2434 735 2473 vertice
758 2435 961 2480 calathum,
989 2435 1221 2479 modiumve,
1249 2435 1369 2473 habet.
1392 2436 1437 2472 In
1457 2447 1606 2472 nummo
1631 2433 1860 2478 Domitiani,
1893 2444 1984 2470 Αγτ.
