2230 3047
463 317 494 340 A.
507 317 535 339 U.
547 315 575 339 C.

482 362 555 389 822.

485 417 506 440 J.
521 417 552 440 C.

489 464 541 498 69.

599 194 659 230 24
867 176 916 217 C.
982 176 1386 219 CORNELII
1450 178 1735 220 TACITI

597 259 677 313 jam
705 262 744 298 ὃς
766 255 924 298 sceleris
951 257 1151 300 instin&or
1181 265 1191 281 ¹
1210 288 1224 311 ,
1257 259 1307 300 ad
1342 258 1449 313 quod
1476 257 1671 300 facillime
1698 257 1746 300 ab
1776 257 1974 312 ejusmodi

597 336 695 364 voto
715 321 909 362 transitur.

657 384 843 426 XXIII.
874 385 968 426 SED
1004 382 1163 426 sceleris
1205 385 1428 439 cogitatio,
1454 384 1654 425 incertum
1684 400 1733 426 an
1760 400 1902 442 repens
1928 390 1970 427 ²:

594 449 718 490 studia
745 447 918 489 rnilitum
940 445 1019 499 jam
1045 448 1225 504 pridem,
1251 448 1318 503 spe
1349 447 1600 489 succeffionis
1614 478 1627 499 ‚
1655 461 1722 489 aut
1747 463 1884 504 paratu
1908 449 1969 490 fa·-

594 513 742 553 cinoris
757 541 770 562 ,
801 511 1084 552 adfectaverat:
1112 512 1152 550 in
1192 511 1333 551 itinere
1351 540 1364 560 ,
1393 512 1435 550 in
1459 512 1618 566 agmine
1649 516 1659 539 ³
1675 541 1689 562 ,
1715 512 1756 551 in
1792 512 1968 553 stationi-

591 575 693 626 bus,
721 574 1016 615 vetustissimum
1052 587 1248 627 quemque
1289 572 1464 613 militum
1501 575 1666 615 nomine
1705 590 1884 624 vocans,
1920 589 1969 615 ac

589 635 783 679 memoria
792 638 1017 678 Neroniani
1034 636 1267 685 comitatus,
1282 639 1581 677 contubernales
1592 636 1848 693 appellando:
1867 636 1968 678 alios

591 701 836 757 agnoscere,
863 699 1054 754 quosdam
1078 699 1304 752 requirere,
1333 703 1374 739 δε
1402 699 1597 755 pecunia,
1624 714 1691 740 aut
1715 698 1841 755 gratia
1855 729 1868 750 ‚
1905 698 1968 751 ju-

590 779 705 806 vare:
732 763 941 805 inserendo
966 762 1102 817 saepius
1129 760 1336 815 querelas,
1365 767 1405 802 ὅ(
1432 762 1639 817 ambiguos
1665 763 1714 804 de
1743 762 1873 804 Galba
1894 763 1967 803 ser-

590 843 760 878 mones,
790 840 950 880 quaeque
991 825 1067 865 alia
1090 823 1339 866 turbamenta
1374 824 1500 880 vulgi.
1532 824 1708 867 Labores
1737 827 1924 867 itinerum
1953 854 1967 875 ,

590 893 727 947 inopia
763 900 1087 937 commeatuum,
1122 887 1267 927 duritia
1296 889 1480 944 imperii,
1508 890 1680 929 atrocius
1712 888 1967 944 accipieban-

590 967 676 994 tur:
704 956 793 994 cum
817 952 1042 1007 Campaniae
1063 949 1173 990 lacus
1197 955 1238 991 &
1262 951 1424 991 Achaia:
1443 950 1558 991 urbes
1580 950 1758 992 claffibus
1779 951 1885 991 adire
1906 951 1966 991 so-

589 1016 653 1057 liti
679 1021 697 1045 4
713 1045 725 1066 ‚
757 1017 973 1056 Pirenaeum
989 1043 1002 1064 ,
1031 1017 1072 1054 ὃς
1085 1012 1208 1069 Alpes
1221 1042 1236 1065 ,
1264 1017 1304 1053 ὃς
1319 1014 1512 1054 immensa
1526 1015 1680 1055 viarum
1693 1014 1817 1070 spatia
1829 1043 1843 1064 ,
1866 1028 1967 1069 aegre

592 1079 662 1120 sub
688 1080 803 1119 armis
834 1079 1090 1118 eniterentur.

653 1142 829 1183 XXIV.
863 1143 1249 1182 FLAGRANTIBUS
1278 1137 1357 1192 jam
1380 1137 1555 1179 militum
1577 1139 1746 1190 animis,
1775 1138 1888 1180 velut
1915 1138 1968 1179 fa-

591 1220 657 1246 ces
683 1204 886 1245 addiderat
910 1204 1079 1244 Maevius
1106 1203 1262 1243 Pudens
1277 1233 1291 1254 ,
1320 1217 1341 1242 e
1365 1203 1556 1258 proximis
1580 1200 1800 1256 Tigellini:
1828 1203 1860 1243 is
1883 1217 1967 1243 mo·-

590 1266 817 1308 bilissimum
851 1281 1049 1321 quemque
1085 1267 1275 1321 ingenio,
1303 1277 1370 1305 aut
1401 1266 1579 1321 pecunia:
1609 1265 1821 1319 indigum,
1860 1268 1901 1305 ὃ(
1925 1266 1969 1306 in

590 1346 715 1372 novas
739 1330 975 1386 cupiditates
1000 1330 1243 1385 praecipitem
1266 1327 1512 1378 alliciendo,
1543 1329 1592 1368 eo
1620 1327 1829 1383 paullatim
1868 1342 1966 1384 pro-

589 1393 736 1448 greffus
757 1394 810 1434 est
824 1423 836 1443 ‚
859 1406 928 1443 ut,
951 1407 1021 1448 per
1042 1392 1216 1448 speciem
1237 1392 1416 1433 convivii
1436 1396 1449 1422 5
1467 1420 1480 1441 ,
1502 1391 1686 1446 quotiens
1709 1390 1840 1432 Galba
1859 1391 1966 1447 apud

587 1457 799 1497 Othonem
820 1454 1045 1512 epularetur
1061 1484 1073 1505 ,
1095 1456 1278 1505 cohorti,
1300 1454 1489 1495 excubias
1511 1455 1676 1508 agenti,
1697 1455 1847 1495 viritim
1870 1469 1965 1494 cen-

587 1533 703 1561 tenos
728 1534 913 1560 nummos
944 1518 961 1540 ⁶
985 1518 1201 1559 divideret:
1241 1533 1358 1572 quam
1395 1516 1508 1558 velut
1541 1515 1745 1573 publicam
1782 1516 1966 1572 largitio-

630 1647 638 1661 ¹
663 1643 811 1672 SCELERIS
847 1642 1059 1678 ms‘rruc'ron]
1086 1640 1256 1678 Eamdem,

589 1688 624 1711 ut
641 1681 764 1711 videtur
779 1703 788 1715 ‚
812 1691 879 1711 rem
906 1679 1033 1710 mollitis
1061 1688 1162 1710 narrat
1180 1681 1257 1710 Sue-

590 1720 696 1750 tonius
718 1720 751 1750 in
768 1720 916 1755 Othone,
931 1722 983 1750 IV.
1004 1718 1090 1749 Otho
1115 1718 1257 1752 conatibus

589 1759 689 1788 Galboe
704 1759 810 1796 primus
829 1758 955 1798 acceffit:
977 1757 1116 1796 eodemque
1137 1767 1255 1787 momen-

588 1807 615 1827 to
638 1798 668 1827 O*
684 1798 736 1837 iffi?
745 1799 821 1836 spem
846 1797 951 1834 imperii
963 1797 1190 1836 cepit:magnam
1200 1797 1257 1835 qui-

589 1836 649 1866 dem
666 1837 695 1866 {⁸7
714 1847 747 1866 ex
772 1835 924 1867 conditione
948 1845 1110 1872 temporum,
1125 1835 1176 1875 secl
1200 1836 1256 1865 ali-

588 1879 688 1915 quanto
714 1877 841 1914 majorem
876 1886 911 1906 ex
938 1875 1119 1914 affirmatione
1148 1874 1256 1904 Seleuci

589 1915 782 1945 Mathematici
799 1925 812 1951 ;
832 1915 877 1954 qui
894 1915 953 1943 ciam
971 1925 1030 1943 eum
1054 1913 1115 1943 olim
1128 1914 1256 1952 ficpersii-

588 1964 642 1984 tem
663 1955 771 1984 Neroni
789 1954 853 1991 fbre
871 1953 1072 1993 spopondzffit,
1095 1961 1159 1982 tunc
1185 1953 1254 1983 ultro

588 1994 747 2031 inopinatus
771 1993 943 2030 advenerat,
969 1993 1162 2030 imperaturum
1190 2003 1255 2032 quo-

585 2044 635 2073 que
656 2033 730 2063 Brevi
746 2033 944 2070 repromittens.

626 2076 637 2089 ²
659 2075 706 2103 AN
728 2084 840 2103 nereus
856 2075 870 2111 ]
888 2074 938 2102 An
965 2081 1071 2102 recens
1085 2094 1095 2109 ‚
1121 2079 1156 2103 ut
1177 2071 1253 2111 saepe

588 2111 706 2142 difium
730 2113 780 2142 est.

627 2157 636 2177 3
662 2153 695 2181 ΙΝ
718 2162 836 2182 ΛΟΜΙΝΕ
856 2153 870 2189 ]
898 2152 970 2182 Haec
988 2149 1103 2188 respuit
1125 2149 1175 2180 Cl.
1199 2151 1253 2180 Er-

585 2190 704 2227 nestus‚
726 2192 811 2230 quod
832 2191 939 2221 eadem
961 2190 989 2220 ei
1011 2190 1196 2225 videantur,
1217 2200 1252 2220 ac

585 2230 615 2259 in
631 2230 737 2259 itinere.
760 2233 875 2261 Verum
902 2231 984 2260 bene
1012 2228 1204 2265 Davanzati,
1224 2229 1253 2258 in

584 2270 718 2298 cammino
730 2291 738 2305 ‚
759 2269 787 2298 in
805 2269 955 2308 ordinanza
966 2293 974 2306 ‚
1001 2268 1028 2297 in
1042 2267 1170 2306 guardie.

621 2313 636 2332 ⁴
657 2311 764 2339 Annua
795 2320 898 2340 soum
927 2310 942 2346 ]
977 2309 1106 2338 Nerone
1141 2306 1253 2337 Princi-

586 2358 636 2387 pe.

627 2393 636 2414 5
661 2388 722 2417 PER
744 2397 874 2418 specim
896 2397 1050 2419 couvivn
1066 2387 1080 2423 ]
1095 2387 1178 2416 Bene
1199 2396 1253 2424 per

1294 1639 1378 1670 loco.
1392 1639 1543 1677 Sportulae
1557 1639 1661 1676 enim,
1677 1639 1728 1670 seu
1747 1638 1827 1674 cibi,
1850 1638 1965 1669 daban-

1293 1687 1359 1709 tur:
1377 1689 1486 1709 eorum
1505 1679 1578 1710 loco
1593 1688 1739 1709 nummos
1757 1679 1849 1708 dabat
1865 1678 1965 1709 Otho.

1293 1718 1342 1748 Sic
1375 1718 1532 1748 Marmora
1569 1717 1753 1748 Pisaurenfia
1768 1740 1777 1752 ‚
1807 1727 1874 1756 pag.
1911 1727 1963 1748 20.

1293 1767 1379 1787 num.
1404 1769 1454 1794 44.
1477 1758 1723 1788 SPORTULAS.
1742 1757 1892 1787 DECUR.
1922 1757 1962 1787 X.

1293 1799 1330 1827 V.
1351 1797 1498 1834 ITEMQ.
1511 1798 1745 1827 COLLEGIIS.
1763 1797 1801 1826 X.
1819 1797 1858 1825 11.
1870 1796 1963 1825 PLE-

1293 1836 1367 1865 BEI.
1386 1837 1424 1865 X.
1441 1837 1464 1865 Ι.
1487 1836 1522 1865 ld
1537 1836 1577 1866 est
1596 1835 1742 1872 Sportulas
1753 1834 1962 1871 decurionibus,

1293 1874 1420 1903 denarios
1447 1874 1552 1913 quinos.
1590 1875 1710 1919 Itemque
1736 1874 1857 1914 collegiis
1880 1872 1963 1903 dena-

1294 1913 1348 1942 rios
1365 1913 1462 1949 binos,
1479 1913 1551 1950 plebi
1572 1913 1712 1943 denarium
1733 1923 1825 1943 unum.

1331 1954 1345 1972 ⁶
1366 1954 1532 1984 Gauranos
1554 1954 1718 1989 nummos]
1739 1952 1868 1983 Gallicae
1891 1962 1964 1984 mo·

1293 2000 1371 2023 netae
1385 1992 1501 2029 libras,
1521 2003 1530 2020 x
1536 2003 1565 2028 9.
1592 1992 1724 2024 Videtur
1741 2000 1848 2022 tamen
1871 1992 1963 2022 Taci-

1294 2039 1359 2062 tum
1385 2031 1436 2062 hle
1457 2031 1595 2062 rotundo
1625 2041 1756 2062 numero
1785 2031 1842 2061 uti.
1862 2031 1964 2062 Aliter

1294 2071 1377 2101 enim
1395 2071 1562 2102 Suetonius
1577 2070 1611 2101 in
1632 2070 1761 2101 Othone
1775 2094 1784 2107 ‚
1800 2072 1854 2101 IV.
1875 2070 1962 2100 Nullo

1293 2110 1374 2149 officii
1399 2119 1447 2139 aut
1468 2110 1624 2142 ambitionis
1640 2110 1669 2139 in
1691 2120 1846 2149 quemquam
1861 2119 1964 2148 genere

1293 2149 1395 2190 onusti),
1411 2150 1514 2189 quoties
1540 2150 1608 2179 cenni
1631 2149 1788 2186 Principem
1807 2150 1964 2186 acciperet,

1293 2198 1390 2218 aureos
1404 2189 1551 2219 excubanti
1574 2188 1675 2218 cohorti
1691 2189 1795 2218 viritim
1812 2187 1965 2218 dividebat.

1294 2230 1388 2259 Porro
1409 2239 1534 2266 aureus,
1555 2228 1696 2267 Principe
1716 2229 1864 2264 Nerone,
1881 2227 1965 2258 vale-

1291 2268 1345 2298 bat
1361 2268 1487 2299 Gallicae
1515 2275 1650 2298 monetae
1676 2267 1767 2298 libras
1792 2277 1842 2297 21.
1864 2267 1962 2297 Forte

1292 2315 1396 2338 tamen
1411 2309 1475 2346 ejus
1491 2307 1625 2346 pretium
1638 2307 1836 2337 imminuerat
1850 2306 1964 2337 Galba.

1292 2349 1332 2378 Ut
1354 2354 1387 2377 ut
1411 2347 1471 2384 est,
1501 2349 1571 2377 cum
1594 2354 1744 2377 centenos
1768 2346 1840 2376 illos
1872 2355 1962 2374 num-

1292 2396 1359 2416 mos
1378 2386 1464 2417 Otho
1478 2386 1562 2416 daret
1576 2385 1721 2422 cohorti,
1738 2385 1862 2424 quoties
1876 2383 1960 2427 apud

583 2425 717 2465 speciem
733 2426 895 2465 convivii3
918 2436 1030 2466 nempe
1048 2425 1253 2466 sportularum
1292 2435 1362 2457 eum
1389 2426 1491 2458 Galba
1518 2425 1714 2465 epulabatur,
1734 2424 1768 2455 in
1788 2424 1834 2454 his
1863 2423 1958 2462 largi-

1838 2481 1930 2508 nem
1943 2494 1959 2517 ,

2000 838 2050 867 10

1998 1148 2048 1189 ¹5

1992 1403 2052 1436 20'
