2230 3047
371 177 850 221 HISTORIARUM
887 175 1082 218 LIBER
1121 175 1472 220 SECUNDUS.

242 256 381 301 inesset
399 260 573 301 consiliis
587 290 599 310 ,
626 260 653 299 fi
674 260 817 301 seditio
840 258 1079 299 mitesceret.

309 323 439 364 XIX.
469 325 751 371 POSTQUAM
768 325 809 363 in
827 322 1042 378 conspecTtu
1061 321 1190 362 Padus
1203 351 1215 371 ‚
1239 326 1278 362 ὃς
1296 338 1377 365 nox
1393 323 1632 381 appetebat,

246 385 386 426 vallari
407 388 529 427 castra
549 385 714 442 placuit.
731 387 769 427 Is
789 385 902 426 labor
916 384 1078 426 Urbano
1099 384 1220 425 militi
1242 386 1424 428 insolitus
1447 390 1633 430 contudit

247 450 416 490 animos.
447 450 553 490 Tum
589 449 862 490 vetustissimus
900 448 1064 503 quisque
1088 449 1276 502 castigare
1303 466 1324 485 t<
1355 451 1634 493 credulitatem

195 521 218 562 5
248 511 389 552 »suam
405 542 418 562 ,
448 525 599 552 metum
621 527 667 553 ac
688 511 902 553 discrimen
923 529 944 549 »
972 511 1203 561 ostendere,
1231 528 1254 548 (ε
1278 511 1306 550 sl
1334 527 1426 552 cum
1455 518 1636 558 exercitu

248 574 468 626 »Caecina,
493 574 719 630 patentibus
741 577 892 631 campis
905 604 917 625 ,
942 590 1025 615 tam
1041 589 1186 630 paucas
1204 576 1393 616 cohortes
1416 577 1634 620 circumfu-

247 637 396 679 »diffet
416 655 458 679 >›.
480 639 649 692 Jamque
670 639 766 679 totis
789 639 920 680 castris
938 637 1104 679 modesti
1120 638 1348 688 sermones,
1371 643 1434 689 &,
1458 641 1634 684 inseren-

247 699 354 742 tibus
369 701 409 741 se
426 699 729 743 centurionibus
743 701 990 755 tribunisque
1004 731 1017 751 ,
1036 699 1197 742 laudare
1217 718 1239 738 (ε
1255 702 1549 757 providentiam
1564 706 1635 746 du-

246 779 269 799 »
281 765 359 814 εἰς,
380 765 488 818 quod
506 763 711 806 coloniam
734 770 744 787 ¹
761 794 774 815 ,
798 766 944 805 virium
966 769 1007 805 &
1023 779 1147 821 opum
1165 763 1362 815 validam,
1382 765 1502 806 robur
1519 783 1565 808 ac
1582 769 1635 809 se-

247 842 270 863 »
281 826 372 867 dem
391 826 502 868 bello
523 826 678 882 legisset
701 846 744 868 2).
763 828 854 883 Ipse
876 829 1075 884 postremo
1092 829 1291 883 Spurinna
1307 858 1320 878 ,
1346 843 1428 870 non
1451 842 1533 870 tarn
1554 831 1636 872 cul-

246 905 340 948 pam
374 889 616 947 exprobrans
631 920 643 941 ,
664 890 782 945 quam
797 893 952 932 ratione
989 891 1197 932 ostendens
1210 921 1223 941 ‚
1244 890 1389 933 reliCtis
1412 893 1636 948 explorato-

248 952 355 994 ribus
371 984 383 1004 ,
409 967 563 996 ceteros
584 953 833 995 Placentiam
852 955 1035 1004 reduxit,
1058 956 1189 994 minus
1206 954 1385 996 turbidos
1401 985 1415 1006 ,
1445 961 1484 997 &
1504 958 1635 1014 impe-

247 1019 305 1057 ria
318 1019 575 1073 accipientes.
591 1017 762 1059 Solidati
777 1019 879 1057 muri
892 1047 905 1068 ,
929 1016 1235 1074 propugnacula
1251 1018 1402 1069 addita,
1419 1021 1536 1061 auCtae
1552 1036 1634 1062 tur-

247 1094 335 1130 res,
362 1081 519 1136 provisa
539 1094 751 1136 parataque
767 1096 849 1122 non
871 1096 978 1122 arma
994 1081 1116 1121 modo
1130 1111 1143 1131 ,
1167 1080 1235 1120 sed
1255 1080 1488 1136 obsequium
1506 1088 1545 1125 ὅ(
1563 1100 1635 1141 pa-

248 1144 361 1184 rendi
381 1159 520 1195 amor,
546 1144 655 1198 quod
686 1144 817 1185 solum
840 1143 919 1185 illis
945 1143 1120 1200 partibus
1143 1147 1157 1164 ²
1185 1143 1336 1195 defuit,
1363 1147 1455 1187 cum
1476 1149 1634 1190 virtutis

248 1207 355 1248 haud
375 1209 579 1263 paeniteret
601 1213 629 1248 ³.

308 1270 413 1312 XX.
447 1272 520 1311 AT
544 1271 706 1312 Caecina
720 1301 733 1321 ,
761 1270 873 1312 velut
893 1268 1027 1312 relic'ta
1049 1271 1134 1327 post
1156 1269 1280 1328 Alpes
1295 1277 1313 1301 4
1346 1272 1492 1315 saevitia
1516 1290 1562 1316 ac
1581 1273 1633 1315 Ii·

245 1333 378 1376 centia
391 1364 405 1385 ‚
427 1334 606 1376 modesto
625 1337 785 1390 agmine
807 1350 877 1391 per
898 1334 1057 1375 Italiam
1075 1335 1241 1376 incessit.
1265 1336 1465 1377 Ornatum
1484 1339 1600 1393 ipslus
1618 1368 1634 1389 ,

244 1399 466 1453 municipia
488 1402 529 1439 &
556 1397 725 1439 coloniae
745 1400 786 1439 in
814 1397 1038 1454 superbiam
1061 1397 1295 1439 trahebant:
1324 1401 1433 1453 quod
1459 1402 1634 1442 versico-

160 1473 218 1502 20
246 1458 333 1501 lore
354 1460 494 1516 sagulo
518 1465 531 1492 5
546 1491 559 1511 ,
586 1460 749 1503 braccas
771 1460 815 1512 ⁶,
839 1475 1001 1516 tegmen
1030 1460 1239 1502 barbarum
1255 1492 1268 1512 ‚
1295 1463 1456 1504 indutus
1471 1494 1483 1514 ,
1516 1479 1635 1520 toga-

244 1536 309 1565 tos
323 1523 618 1579 adloqueretur.
631 1526 808 1567 Uxorem
823 1539 982 1579 quoque
996 1522 1079 1576 ejus
1089 1554 1101 1574 ‚
1120 1523 1375 1577 Saloninam,
1393 1542 1633 1582 quamquam

242 1588 287 1627 in
308 1586 456 1629 nullius
476 1586 660 1639 injuriam
674 1619 687 1639 ‚
714 1589 874 1643 insignis
897 1603 1001 1642 equo
1024 1588 1207 1641 ostroque
1229 1593 1243 1615 ⁷
1266 1591 1504 1641 veheretur,
1528 1605 1633 1632 tam-

242 1665 363 1704 quam
379 1650 453 1690 laefi
469 1651 747 1705 gravabantur.
760 1649 880 1692 Infita
892 1650 1127 1692 mortalibus
1142 1651 1280 1692 natura
1290 1682 1302 1702 ‚
1318 1667 1521 1694 recentem
1537 1654 1632 1697 alio-

241 1728 331 1754 rum
350 1713 588 1756 felicitatem
608 1716 718 1770 aegris
739 1714 868 1756 oculis
884 1714 1145 1770 introspicere
1159 1744 1171 1765 ,
1201 1716 1446 1770 modumque
1461 1717 1629 1759 fortunae

159 1783 187 1817 '2
194 1788 215 1828 5
245 1792 267 1819 a
286 1776 408 1819 nullis
430 1779 555 1833 magis
587 1780 773 1834 exigere,
797 1777 915 1833 quam
938 1792 1037 1832 quos
1061 1778 1103 1818 in
1128 1793 1238 1832 aequo
1261 1779 1410 1821 videre.
1435 1780 1594 1822 Caecina
1614 1811 1630 1834 ,

1572 194 1629 231 93

166 837 219 865 10

166 1144 217 1188 ¹5

286 1921 298 1938 ¹
322 1919 420 1956 Quon
443 1920 634 1957 comtum]
651 1918 809 1950 Placentia
825 1918 918 1950 colo-
956 1917 1035 1948 velis
1058 1916 1126 1948 usos
1140 1919 1272 1948 Batavos
1289 1917 1469 1948 videbimus
1489 1919 1563 1950 Hist.
1581 1922 1629 1957 V,

245 1956 300 1988 nia
319 1968 402 1996 erat,
427 1966 461 1989 ut
491 1959 596 1990 videre
617 1959 657 1989 est
680 1959 760 1998 apud
784 1958 919 1990 Plinium
959 1968 1008 1994 23.
1025 1957 1117 1987 Tales
1127 1966 1231 1988 autern
1242 1957 1338 1988 ferme
1355 1968 1439 1988 nunc
1451 1958 1519 1989 sunt
1531 1960 1628 1991 vestes

246 1998 313 2036 ΙΙΙ,
337 2008 347 2027 1
378 2020 385 2028 .

285 2041 299 2056 ²
322 2008 403 2068 nius
425 2037 606 2074 marmus]
631 2036 832 2068 Othonianis.

289 2081 299 2102 3
323 2076 417 2106 foun
450 2078 663 2114 rmum-mm]
697 2078 781 2107 Bene
810 2076 919 2108 Illustr-

246 2114 396 2146 Huetius:
414 2117 484 2146 ciim
496 2115 576 2146 haud
586 2115 755 2154 spernenda
766 2139 775 2153 ‚
790 2117 842 2147 vel
858 2127 920 2156 poe-

247 2154 379 2185 nitentia⁴
393 2154 509 2185 virtute
523 2155 690 2194 pollerent.

286 2198 301 2217 4
322 2195 403 2224 Posr
424 2196 523 2224 Amas
544 2195 558 2230 ]
584 2196 669 2225 Bene
691 2218 700 2230 ‚
729 2193 784 2234 post
814 2194 920 2232 Alpcs;

247 2235 320 2264 clim
337 2232 464 2264 Tacitus
480 2234 587 2264 Romae
600 2256 610 2269 ‚
628 2234 680 2264 vel
694 2233 728 2263 in
744 2234 833 2264 Italia
845 2234 920 2264 scri-

248 2273 348 2304 beret.

290 2317 298 2338 5
323 2313 449 2343 SAcuzo
472 2313 485 2349 ]
510 2311 660 2342 Breviore
677 2311 758 2349 sago.
781 2312 865 2342 Infra
883 2312 921 2342 de

246 2350 388 2382 Moribus
406 2352 637 2382 Germanorum
666 2352 763 2382 XVII.
784 2350 920 2392 Tegumen

247 2390 371 2419 omnibus
382 2390 482 2430 fizgum
497 2415 505 2427 ‚
520 2390 611 2429 fibula
623 2414 631 2426 ‚
654 2400 702 2419 aur
716 2390 746 2430 fi
764 2389 828 2431 defit
842 2391 921 2429 ,βτί-

957 1996 1139 2027 Helveticae.

998 2037 1011 2055 ⁶
1032 2037 1177 2067 Baaccfxs
1200 2037 1364 2073 ]Fem0ra
1385 2038 1532 2076 tegebant
1544 2039 1630 2069 brac-

959 2086 1012 2105 cae.
1038 2077 1082 2105 Ex
1113 2077 1292 2106 braccarum
1320 2075 1373 2105 usu
1390 2100 1398 2112 ‚
1428 2087 1494 2115 pars
1518 2078 1629 2108 Galliae

959 2115 1039 2145 dieta
1052 2114 1111 2145 fuit
1123 2114 1268 2153 aliquando
1284 2115 1424 2144 Braccarcz
1438 2139 1447 2151 ‚
1467 2127 1541 2145 nunc
1552 2117 1631 2146 Nu-

960 2153 1099 2193 lmsqfir,
1128 2155 1210 2184 Mela
1233 2156 1282 2191 11,
1307 2165 1333 2194 5.
1360 2155 1469 2192 Galli,
1500 2156 1553 2195 qui
1576 2159 1631 2186 Ur-

958 2195 1032 2224 bem
1054 2193 1278 2229 incendcrunt‚
1293 2194 1487 2233 appellantur
1507 2206 1524 2226 a
1537 2197 1629 2227 Juve-

961 2234 1051 2267 nale‚
1072 2234 1163 2269 VIII,
1187 2244 1258 2270 234.

993 2273 1161 2297 Braccatorum
1179 2275 1263 2305 pueri,
1284 2273 1441 2306 Senonumque
1454 2274 1562 2298 minorex.

1000 2321 1013 2339 7
1035 2318 1207 2352 OSTROQUE
1224 2319 1236 2355 ]
1254 2318 1345 2356 Apud
1364 2319 1524 2348 Romanos
1547 2318 1631 2348 sum-

961 2365 1028 2385 mus
1047 2355 1149 2386 honos
1177 2367 1315 2396 purpurae
1331 2380 1340 2393 ,
1363 2367 1514 2395 omnemque
1538 2358 1634 2396 restem

962 2395 1181 2434 illuminabat,
1208 2404 1242 2427 ut
1264 2395 1405 2435 loquitur
1427 2396 1542 2428 Plinius
1569 2398 1635 2435 IX,

247 2429 449 2469 nciconsertum.
462 2429 709 2463 Verficoloribus
724 2430 833 2471 sagulis
845 2454 855 2471 ,
865 2440 921 2470 pto
965 2437 1016 2472 36.

1656 276 1774 291 Ξ

1658 314 1689 338 Α.
1701 315 1730 337 U.
1740 315 1771 338 C.

1678 363 1751 391 822.

1684 415 1750 439 J.C.
