2209 3047
371 181 454 223 AD
482 181 706 223 LIBRUM
730 181 803 223 IV.
833 179 977 222 HIST.
1007 181 1054 222 C.
1082 181 1490 226 CORNTACITI.
1545 199 1566 239 5
1577 199 1630 239 35

245 270 398 296 ΚΑΙΣΑΡ.
425 270 706 297 Δο...τ1ΑΝοΣ.
729 269 808 295 ΣΕΒ.
834 269 945 295 rEPM.
969 255 1008 292 id
1031 257 1079 293 est
1098 286 1107 301 ,
1140 261 1316 305 Imperator
1341 262 1449 309 Casar
1468 263 1636 300 Domitia-

246 323 304 344 nas
337 310 497 359 Augustas
532 310 738 345 Germanicas
762 323 776 351 ,-
808 318 917 357 caput
951 306 1155 344 Domitiani
1195 309 1405 348 laureatum.
1440 312 1484 348 ln
1514 317 1638 354 aversa

247 371 348 408 parte
373 388 382 404 ,
414 371 531 396 ΗΛΙοΣ
560 370 724 395 ΣΑΡΑΠΙΣ
749 371 819 396 mr.
848 359 885 394 id
917 357 988 401 est,
1019 359 1072 394 Sol
1090 362 1233 403 Serapis,
1257 374 1354 399 anno
1378 362 1636 404 tertiodecimo

245 410 387 459 imperii
411 409 629 447 Domitiani.
653 410 791 458 Serapis
815 407 906 444 stans
929 407 1061 445 hastam
1082 407 1214 445 finistra
1236 422 1356 457 tenet,
1387 412 1510 451 dextra
1529 416 1633 456 elata.

243 458 287 495 ln
313 472 432 498 vetere
457 472 574 497 autem
599 459 864 508 inscriptione,
895 472 974 509 quae
1002 457 1110 496 exstat
1133 459 1311 509 Ancyrae,
1337 476 1434 500 nunc
1463 470 1600 515 Angora
1626 499 1636 512 ,

245 509 330 547 teste
368 510 426 547 Cl.
452 510 700 552 Tournefort‚
729 511 855 557 Voyage
886 511 927 544 du
953 510 1089 546 Levant.
1115 509 1225 546 Tom.
1253 510 1300 545 Π.
1329 526 1412 564 pag.
1450 528 1541 564 449.
1578 530 1634 556 ΛΠ

244 571 345 596 nmo
367 572 526 598 MEI'AAQ
551 571 747 597 ΣΑΡΑΠΙΔΙ.
775 558 811 593 id
837 558 885 596 est
903 563 979 597 Jovi
1003 560 1070 594 Soli
1090 561 1212 608 Magno
1231 560 1386 608 Serapidi.
1416 564 1531 603 Porro
1550 567 1635 605 cum

245 610 441 646 Christiani
470 611 634 647 Etlinicae
667 607 851 658 religionis
883 609 970 645 deos
996 609 1206 654 horrerent,
1232 610 1338 661 seque
1355 612 1472 651 Deum
1497 629 1608 654 unum
1624 648 1634 663 ,

243 672 360 696 rerum
384 661 548 697 omnium
569 659 799 697 conditorem
815 687 823 703 ,
850 659 1013 696 venerari
1034 659 1312 708 profiterentur3
1337 662 1424 700 hinc
1438 693 1446 707 ,
1472 677 1511 702 ut
1529 669 1634 706 vide-

248 720 327 754 tur,
359 711 591 753 Hadrianus,
623 709 840 759 religionum
867 709 1109 754 conciliator,
1136 723 1198 746 eos
1224 711 1316 749 inter
1341 712 1543 762 Serapidis,
1575 719 1635 755 seu

243 760 302 796 dei
328 760 501 804 Panthei,
529 760 686 797 cultores
708 760 981 804 annumeravit,
1005 759 1089 797 teste
1114 762 1187 809 ejus
1209 762 1359 811 epistola
1383 765 1479 812 apud
1502 767 1635 817 Vopis-

243 822 347 854 cum,
377 810 612 847 in‘Saturnin.
636 823 714 860 cap.
744 813 778 847 8.
803 812 859 845 Illi
881 813 933 858 qui
958 814 1088 857 Serapin
1111 813 1218 847 colunt
1233 840 1243 856 ,
1274 813 1447 862 Christiani
1461 816 1539 862 sunt
1555 835 1568 853 .-
1594 819 1633 855 &²

241 861 438 909 devotifimc
463 863 597 908 Serapi,
625 862 727 909 quise
750 859 865 906 christi
888 862 1039 907 episcopos
1057 862 1243 899 dicunt....
1272 864 1360 899 Unus
1380 865 1470 908 illis,
1494 867 1634 919 AEgyp-

240 910 300 946 tiis
325 923 367 947 ac
395 911 548 948 maxime
575 909 853 952 Alexandrinis,
880 910 954 945 deas
978 910 1044 958 efl:
1070 913 1149 947 hunc
1174 912 1374 961 Christiani,
1399 916 1480 951 hunc
1502 918 1634 964 Judaei,

240 961 321 996 hunc
345 975 449 996 omnes
469 974 663 996 venerantur
691 962 728 996 &
757 972 875 1004 ¹gentes.

294 1010 330 1046 Si
348 1011 426 1061 quis
445 1022 563 1048 autern
582 1010 686 1061 plura
703 1010 862 1047 voluerit
881 1010 924 1047 de
940 1010 1029 1047 urbe
1046 1011 1183 1060 Sinope
1203 1015 1236 1049 &
1255 1012 1325 1050 deo
1335 1014 1517 1064 Serapide,
1529 1015 1633 1053 adeat

239 1060 296 1097 Cl.
321 1060 365 1097 de
388 1061 554 1098 Fontenu
569 1089 579 1105 ,
603 1063 774 1097 Memoires
796 1061 833 1097 de
856 1060 1050 1097 Z’Acade'mie
1070 1062 1193 1111 Royale
1212 1064 1262 1099 des
1282 1066 1498 1113 Infiriptions.
1519 1066 1630 1103 Tom-

238 1111 286 1147 X.
308 1124 391 1162 pag.
414 1112 491 1160 465
518 1114 551 1148 &
579 1111 677 1161 seqq.

287 1210 394 1247 CAP.
425 1210 602 1248 LXXXV.
628 1210 797 1247 Amnes
826 1222 1161 1254 PROPINQUARENT
1187 1217 1205 1260 ]
1243 1214 1311 1251 ΜΓ.
1346 1216 1459 1253 Corb.
1497 1217 1632 1264 Alpibus

238 1264 541 1310 appropinquarent.

289 1310 469 1348 Auni-rus
500 1323 593 1347 IDEO
620 1314 638 1356 ]
666 1309 732 1346 Ms.
759 1309 873 1346 Corb.
897 1311 1025 1346 auditus
1054 1313 1169 1359 igitur.

285 1360 405 1397 Ipsum
435 1372 664 1397 supernorum
690 1363 706 1405 ]
736 1359 814 1396 Mff.
840 1360 944 1396 Harl.
968 1360 1077 1397 Bodl.
1103 1362 1169 1399 Jes.
1195 1363 1295 1410 ipficm
1314 1363 1487 1412 judicium.
1513 1365 1633 1404 Addi-

237 1417 313 1445 tum
337 1410 375 1445 in
398 1411 558 1460 margine
586 1409 650 1446 ΜΓ.
678 1409 1005 1456 Bodl.fiipplicium.
1198 1420 1200 1423 ’

290 1459 539 1496 EXPROMPsrr
567 1463 585 1506 ]
613 1458 679 1495 Ms.
705 1458 818 1494 Corb.
844 1462 878 1495 δε
899 1459 1015 1496 editio
1042 1460 1234 1510 princeps,
1259 1463 1418 1508 exprefflt.

289 1508 461 1545 FRACTAE
492 1520 665 1545 HosTIUM
697 1520 804 1544 vas
830 1513 847 1555 ]
875 1508 930 1544 Ita
961 1508 1038 1545 ΜΠ.
1066 1509 1170 1546 Harl.
1205 1511 1313 1549 Bodl.
1347 1512 1414 1550 Jes.
1449 1514 1563 1552 Corb.
1595 1518 1630 1554 ὃς

233 1558 351 1595 editio
379 1559 557 1608 princeps.
587 1557 828 1600 Puteolanus,
847 1559 966 1605 fraflae
988 1561 1073 1594 vires
1098 1560 1244 1608 hostium.

291 1609 335 1645 ΙΝ
369 1621 595 1645 Drscmmimz
625 1619 887 1644 VERTERETUR
918 1612 937 1654 ]
963 1607 1022 1645 Sic
1048 1609 1124 1645 ΜΠ.
1151 1609 1247 1647 Flor.
1276 1610 1365 1662 Reg.
1389 1613 1490 1650 Harl.
1520 1614 1628 1653 Bodl.

233 1658 301 1696 Jes.
322 1659 434 1694 Corb.
453 1658 575 1695 Guelf.
595 1658 681 1708 Agr.
705 1658 820 1694 editio
840 1658 1008 1707 princeps
1022 1686 1031 1702 ,
1062 1658 1225 1696 Ernestus
1245 1664 1278 1698 ὃς
1299 1661 1541 1702 Recentiores.
1561 1664 1630 1702 Pu-

233 1709 400 1745 teolanus
414 1737 423 1752 ,
455 1712 487 1744 in
513 1710 689 1755 discrimen.
716 1707 854 1744 Frustra
876 1719 991 1745 tentat
1009 1708 1065 1744 Cl.
1088 1708 1272 1755 Ernestus,
1303 1715 1336 1747 in
1359 1714 1537 1760 discrimine
1553 1728 1629 1751 ver-

224 1759 367 1806 saretur.
394 1758 473 1796 Jam
494 1758 651 1796 vidimus
676 1758 778 1807 supra
801 1757 891 1795 Hist.
914 1759 976 1802 II,
1003 1761 1065 1796 28.
1091 1760 1149 1795 Sin
1174 1764 1319 1797 vicloriae
1334 1763 1463 1810 semitas
1479 1764 1629 1813 ,susten-

232 1811 374 1845 taculum
390 1837 400 1853 ‚
429 1810 571 1844 columen
597 1812 630 1844 in
655 1810 756 1844 Italici
779 1821 967 1845 verteretur.

288 1860 556 1896 OSTENTARET
584 1862 602 1905 ]
626 1858 815 1909 Perperam
837 1859 913 1895 Mss.
935 1858 1038 1896 Harl.
1069 1859 1177 1896 Bodl.
1198 1860 1266 1899 Jes.
1280 1865 1314 1899 δε
1337 1872 1475 1901 veteres
1493 1863 1629 1903 editio-

231 1920 317 1954 neS,
348 1910 512 1958 ostentare.

286 2007 391 2045 CAP.
419 2010 615 2047 LXXXVI.
645 2011 739 2058 QUA
769 2022 1101 2048 cocr‘rA’rroNE...
1128 2017 1404 2059 AGITAVERIT]
1429 2014 1527 2051 Bene
1548 2014 1626 2050 Mff,

231 2057 330 2095 Flor.
355 2059 468 2097 Corb.
494 2060 651 2097 Pichena
674 2064 708 2098 ὃς
728 2060 974 2099 Recentiores.
998 2061 1040 2096 In
1069 2061 1136 2097 Ms.
1166 2062 1252 2111 Reg.
1284 2065 1318 2099 δε
1343 2062 1505 2100 editione
1525 2064 1627 2112 prin-

233 2108 336 2157 cipe,
363 2111 426 2158 qud
453 2115 704 2160 contagione...
731 2115 933 2160 cogitaverit.
960 2111 1036 2148 Mss'.
1069 2110 1172 2146 Harl.
1200 2111 1308 2148 Eodl.
1336 2113 1404 2151 Jes.
1428 2116 1461 2150 ὃς
1491 2113 1626 2150 Puteo-

232 2158 357 2200 lanus,
385 2160 447 2208 qud
474 2165 726 2209 cogitatione...
753 2165 954 2210 cogitaverit.
980 2161 1200 2197 Tentaverat
1225 2160 1381 2211 Lipsius,
1410 2164 1472 2212 qud
1496 2165 1624 2198 ειιηὲἳα-

233 2211 329 2244 tione.
349 2209 522 2246 Gruterus
538 2239 547 2254 ‚
572 2212 634 2259 qud
659 2215 861 2259 rogitatione.
882 2211 1009 2248 Mallet
1027 2211 1084 2247 Cl.
1104 2210 1288 2256 Ernestus,
1310 2214 1372 2262 qud
1383 2214 1624 2261 sollicitatione.

281 2258 315 2294 A
342 2272 563 2296 sENlORlBUs
581 2265 597 2306 ]
629 2260 765 2297 Frustra
780 2273 894 2298 tentat
913 2261 1077 2297 Barthius
1091 2289 1099 2304 ,
1125 2275 1145 2296 a
1159 2264 1353 2306 ⁴sanioribus.
1371 2265 1510 2299 Seniores
1528 2263 1623 2300 enim

233 2320 473 2357 opponuntur
494 2312 676 2358 juventae,
700 2322 739 2347 ut
764 2313 855 2348 refrt}
880 2312 1047 2348 observat
1073 2310 1247 2360 Ryckius.

284 2361 341 2444 {T
371 2372 573 2396 usurzPATA
604 2372 735 2398 ANTEA
754 2374 882 2400 muruA
901 2366 918 2409 ]
938 2360 1095 2408 Et,abest
1116 2373 1135 2398 a
1153 2362 1219 2398 Ms.
1240 2362 1350 2399 Corb.
1370 2363 1413 2398 In
1430 2361 1507 2398 Mss‘.
1523 2360 1622 2399 Flor.

234 2409 268 2444 &
325 2421 377 2459 gr.
406 2422 479 2447 ante
504 2424 540 2448 ea
563 2413 684 2448 munia.
