<?xml version="1.0" encoding="UTF-8"?>
<!DOCTYPE html PUBLIC "-//W3C//DTD XHTML 1.0 Transitional//EN"
    "http://www.w3.org/TR/xhtml1/DTD/xhtml1-transitional.dtd">
<html xmlns="http://www.w3.org/1999/xhtml" xml:lang="en" lang="en">
 <head>
  <title>
</title>
<meta http-equiv="Content-Type" content="text/html;charset=utf-8" />
  <meta name='ocr-system' content='tesseract 3.04.00' />
  <meta name='ocr-capabilities' content='ocr_page ocr_carea ocr_par ocr_line ocrx_word'/>
</head>
<body>
  <div class='ocr_page' id='page_1' title='image "./operabro03taciuoft_0205.png"; bbox 0 0 2230 3047; ppageno 0'>
   <div class='ocr_carea' id='block_1_1' title="bbox 342 165 1565 219">
    <p class='ocr_par' dir='ltr' id='par_1_1' title="bbox 342 165 1565 219">
     <span class='ocr_line' id='line_1_1' title="bbox 342 165 1565 219; baseline -0.002 -6"><span class='ocrx_word' id='word_1_1' title='bbox 342 167 816 213; x_wconf 88' lang='lat' dir='ltr'>HISTORIARUM</span> <span class='ocrx_word' id='word_1_2' title='bbox 853 165 1052 209; x_wconf 89' lang='lat' dir='ltr'>LIBER</span> <span class='ocrx_word' id='word_1_3' title='bbox 1089 166 1384 211; x_wconf 87' lang='lat' dir='ltr'><strong>TERTIUS.</strong></span> <span class='ocrx_word' id='word_1_4' title='bbox 1486 184 1565 219; x_wconf 86' lang='lat'>191</span> 
     </span>
    </p>
   </div>
   <div class='ocr_carea' id='block_1_2' title="bbox 98 247 1708 2079">
    <p class='ocr_par' dir='ltr' id='par_1_2' title="bbox 181 247 1574 323">
     <span class='ocr_line' id='line_1_2' title="bbox 181 247 1574 323; baseline -0.001 -28"><span class='ocrx_word' id='word_1_5' title='bbox 181 251 325 295; x_wconf 85' lang='lat' dir='ltr'>crificii</span> <span class='ocrx_word' id='word_1_6' title='bbox 339 264 558 323; x_wconf 79' lang='lat' dir='ltr'>apparatu,</span> <span class='ocrx_word' id='word_1_7' title='bbox 577 248 701 305; x_wconf 75' lang='lat' dir='ltr'>longe</span> <span class='ocrx_word' id='word_1_8' title='bbox 713 278 727 300; x_wconf 87' lang='lat'><em>,</em></span> <span class='ocrx_word' id='word_1_9' title='bbox 749 263 824 290; x_wconf 93' lang='lat' dir='ltr'>nec</span> <span class='ocrx_word' id='word_1_10' title='bbox 839 247 908 289; x_wconf 89' lang='lat' dir='ltr'>ubi</span> <span class='ocrx_word' id='word_1_11' title='bbox 924 248 1033 289; x_wconf 91' lang='lat' dir='ltr'>feriri</span> <span class='ocrx_word' id='word_1_12' title='bbox 1047 249 1191 290; x_wconf 89' lang='lat' dir='ltr'>hostias</span> <span class='ocrx_word' id='word_1_13' title='bbox 1210 265 1297 291; x_wconf 90' lang='lat' dir='ltr'>mos</span> <span class='ocrx_word' id='word_1_14' title='bbox 1313 251 1392 301; x_wconf 90' lang='lat' dir='ltr'>est,</span> <span class='ocrx_word' id='word_1_15' title='bbox 1417 250 1574 293; x_wconf 89' lang='lat' dir='ltr'>confos-</span> 
     </span>
    </p>

    <p class='ocr_par' dir='ltr' id='par_1_3' title="bbox 182 299 1708 377">
     <span class='ocr_line' id='line_1_3' title="bbox 182 299 1708 377; baseline 0 -21"><span class='ocrx_word' id='word_1_16' title='bbox 182 317 259 358; x_wconf 83' lang='lat' dir='ltr'>sus.</span> <span class='ocrx_word' id='word_1_17' title='bbox 276 316 355 358; x_wconf 88' lang='lat' dir='ltr'>Sed</span> <span class='ocrx_word' id='word_1_18' title='bbox 372 317 614 372; x_wconf 86' lang='lat' dir='ltr'>praecipuum</span> <span class='ocrx_word' id='word_1_19' title='bbox 631 314 714 369; x_wconf 93' lang='lat' dir='ltr'>ipse</span> <span class='ocrx_word' id='word_1_20' title='bbox 744 308 933 355; x_wconf 89' lang='lat' dir='ltr'>Vitelhus</span> <span class='ocrx_word' id='word_1_21' title='bbox 950 312 1147 353; x_wconf 86' lang='lat' dir='ltr'>ostentum</span> <span class='ocrx_word' id='word_1_22' title='bbox 1168 327 1272 363; x_wconf 82' lang='lat' dir='ltr'>erat,</span> <span class='ocrx_word' id='word_1_23' title='bbox 1293 316 1453 369; x_wconf 85' lang='lat' dir='ltr'>ignarus</span> <span class='ocrx_word' id='word_1_24' title='bbox 1472 315 1575 357; x_wconf 86' lang='lat' dir='ltr'>mili—</span> <span class='ocrx_word' id='word_1_25' title='bbox 1595 299 1708 377; x_wconf 45' lang='lat' dir='ltr'>Ag?</span> 
     </span>
    </p>

    <p class='ocr_par' dir='ltr' id='par_1_4' title="bbox 181 375 1688 436">
     <span class='ocr_line' id='line_1_4' title="bbox 181 375 1688 436; baseline -0.001 -14"><span class='ocrx_word' id='word_1_26' title='bbox 181 381 271 430; x_wconf 82' lang='lat' dir='ltr'>tiae,</span> <span class='ocrx_word' id='word_1_27' title='bbox 291 379 539 435; x_wconf 87' lang='lat' dir='ltr'>improvidus</span> <span class='ocrx_word' id='word_1_28' title='bbox 557 375 735 419; x_wconf 85' lang='lat' dir='ltr'>confilii</span> <span class='ocrx_word' id='word_1_29' title='bbox 725 404 737 423; x_wconf 87' lang='lat'>‚</span> <span class='ocrx_word' id='word_1_30' title='bbox 761 393 782 412; x_wconf 88' lang='lat'><strong><em>«</em></strong></span> <span class='ocrx_word' id='word_1_31' title='bbox 799 377 885 430; x_wconf 87' lang='lat' dir='ltr'>quis</span> <span class='ocrx_word' id='word_1_32' title='bbox 903 375 1002 416; x_wconf 89' lang='lat' dir='ltr'>ordo</span> <span class='ocrx_word' id='word_1_33' title='bbox 1017 376 1206 430; x_wconf 82' lang='lat' dir='ltr'>agminis,</span> <span class='ocrx_word' id='word_1_34' title='bbox 1228 392 1310 430; x_wconf 87' lang='lat' dir='ltr'>quae</span> <span class='ocrx_word' id='word_1_35' title='bbox 1329 393 1422 419; x_wconf 86' lang='lat' dir='ltr'>cura</span> <span class='ocrx_word' id='word_1_36' title='bbox 1439 378 1576 436; x_wconf 86' lang='lat' dir='ltr'>explo-</span> <span class='ocrx_word' id='word_1_37' title='bbox 1618 400 1641 424; x_wconf 81' lang='lat' dir='ltr'>J</span> <span class='ocrx_word' id='word_1_38' title='bbox 1659 400 1688 423; x_wconf 87' lang='lat' dir='ltr'>c.</span> 
     </span>
    </p>

    <p class='ocr_par' dir='ltr' id='par_1_5' title="bbox 128 437 1680 561">
     <span class='ocr_line' id='line_1_5' title="bbox 183 437 1680 496; baseline 0.002 -14"><span class='ocrx_word' id='word_1_39' title='bbox 183 442 328 483; x_wconf 79' lang='lat' dir='ltr'>»randi</span> <span class='ocrx_word' id='word_1_40' title='bbox 341 472 353 493; x_wconf 86' lang='lat'><strong><em>,</em></strong></span> <span class='ocrx_word' id='word_1_41' title='bbox 380 455 549 496; x_wconf 86' lang='lat' dir='ltr'>quantus</span> <span class='ocrx_word' id='word_1_42' title='bbox 565 439 747 495; x_wconf 89' lang='lat' dir='ltr'>urgendo</span> <span class='ocrx_word' id='word_1_43' title='bbox 767 439 1015 480; x_wconf 84' lang='lat' dir='ltr'>trahendove</span> <span class='ocrx_word' id='word_1_44' title='bbox 1037 437 1146 479; x_wconf 91' lang='lat' dir='ltr'>bello</span> <span class='ocrx_word' id='word_1_45' title='bbox 1169 440 1311 481; x_wconf 89' lang='lat' dir='ltr'>modus</span> <span class='ocrx_word' id='word_1_46' title='bbox 1328 458 1349 478; x_wconf 91' lang='lat'>»</span> <span class='ocrx_word' id='word_1_47' title='bbox 1360 471 1373 491; x_wconf 84' lang='grc'>,</span> <span class='ocrx_word' id='word_1_48' title='bbox 1394 441 1494 484; x_wconf 90' lang='lat' dir='ltr'>alios</span> <span class='ocrx_word' id='word_1_49' title='bbox 1512 458 1577 484; x_wconf 89' lang='lat' dir='ltr'>ro·</span> <span class='ocrx_word' id='word_1_50' title='bbox 1627 449 1680 485; x_wconf 88' lang='lat'>69·</span> 
     </span>
     <span class='ocr_line' id='line_1_6' title="bbox 128 502 1576 561; baseline 0.002 -17"><span class='ocrx_word' id='word_1_51' title='bbox 128 517 155 557; x_wconf 89' lang='lat'><em>5</em></span> <span class='ocrx_word' id='word_1_52' title='bbox 186 506 315 560; x_wconf 87' lang='lat' dir='ltr'>gitans</span> <span class='ocrx_word' id='word_1_53' title='bbox 329 536 342 556; x_wconf 86' lang='lat'><em>‚</em></span> <span class='ocrx_word' id='word_1_54' title='bbox 363 509 401 546; x_wconf 75' lang='grc' dir='ltr'>ὅ(</span> <span class='ocrx_word' id='word_1_55' title='bbox 420 505 471 546; x_wconf 90' lang='lat' dir='ltr'>ad</span> <span class='ocrx_word' id='word_1_56' title='bbox 483 518 622 546; x_wconf 88' lang='lat' dir='ltr'>omnes</span> <span class='ocrx_word' id='word_1_57' title='bbox 637 504 799 543; x_wconf 90' lang='lat' dir='ltr'>nuntios</span> <span class='ocrx_word' id='word_1_58' title='bbox 813 533 825 552; x_wconf 89' lang='lat'><em>‚</em></span> <span class='ocrx_word' id='word_1_59' title='bbox 846 502 962 543; x_wconf 88' lang='lat' dir='ltr'>vultu</span> <span class='ocrx_word' id='word_1_60' title='bbox 976 517 1135 557; x_wconf 92' lang='lat' dir='ltr'>quoque</span> <span class='ocrx_word' id='word_1_61' title='bbox 1150 505 1189 542; x_wconf 73' lang='grc' dir='ltr'>ὅ(</span> <span class='ocrx_word' id='word_1_62' title='bbox 1206 503 1358 543; x_wconf 79' lang='lat' dir='ltr'>incessu</span> <span class='ocrx_word' id='word_1_63' title='bbox 1371 506 1547 561; x_wconf 89' lang='lat' dir='ltr'>trepidus</span> <span class='ocrx_word' id='word_1_64' title='bbox 1561 536 1576 558; x_wconf 87' lang='lat'><em>,</em></span> 
     </span>
    </p>

    <p class='ocr_par' dir='ltr' id='par_1_6' title="bbox 185 564 1575 616">
     <span class='ocr_line' id='line_1_7' title="bbox 185 564 1575 616; baseline 0.001 -7"><span class='ocrx_word' id='word_1_65' title='bbox 185 568 278 610; x_wconf 89' lang='lat' dir='ltr'>dein</span> <span class='ocrx_word' id='word_1_66' title='bbox 298 567 556 610; x_wconf 86' lang='lat' dir='ltr'>temulentus.</span> <span class='ocrx_word' id='word_1_67' title='bbox 571 567 775 607; x_wconf 82' lang='lat' dir='ltr'>Postremo</span> <span class='ocrx_word' id='word_1_68' title='bbox 791 566 909 606; x_wconf 84' lang='lat' dir='ltr'>taedio</span> <span class='ocrx_word' id='word_1_69' title='bbox 929 567 1144 607; x_wconf 88' lang='lat' dir='ltr'>castrorum</span> <span class='ocrx_word' id='word_1_70' title='bbox 1157 595 1170 616; x_wconf 88' lang='lat'><em>,</em></span> <span class='ocrx_word' id='word_1_71' title='bbox 1186 569 1226 606; x_wconf 73' lang='grc' dir='ltr'>ὃ(</span> <span class='ocrx_word' id='word_1_72' title='bbox 1241 564 1373 606; x_wconf 61' lang='lat' dir='ltr'>audita</span> <span class='ocrx_word' id='word_1_73' title='bbox 1390 568 1575 611; x_wconf 56' lang='lat' dir='ltr'>defeeiio-</span> 
     </span>
    </p>

    <p class='ocr_par' dir='ltr' id='par_1_7' title="bbox 185 629 1575 685">
     <span class='ocr_line' id='line_1_8' title="bbox 185 629 1575 685; baseline 0.001 -12"><span class='ocrx_word' id='word_1_74' title='bbox 185 647 236 673; x_wconf 90' lang='lat' dir='ltr'>ne</span> <span class='ocrx_word' id='word_1_75' title='bbox 254 631 490 673; x_wconf 83' lang='lat' dir='ltr'>Misenenfis</span> <span class='ocrx_word' id='word_1_76' title='bbox 508 629 632 672; x_wconf 84' lang='lat' dir='ltr'>claffis</span> <span class='ocrx_word' id='word_1_77' title='bbox 658 634 669 650; x_wconf 88' lang='lat'>¹</span> <span class='ocrx_word' id='word_1_78' title='bbox 685 658 699 679; x_wconf 86' lang='lat'><strong><em>,</em></strong></span> <span class='ocrx_word' id='word_1_79' title='bbox 719 630 894 670; x_wconf 83' lang='lat' dir='ltr'>Romam</span> <span class='ocrx_word' id='word_1_80' title='bbox 910 630 1075 670; x_wconf 87' lang='lat' dir='ltr'>revertit</span> <span class='ocrx_word' id='word_1_81' title='bbox 1088 658 1100 680; x_wconf 85' lang='lat'><strong><em>,</em></strong></span> <span class='ocrx_word' id='word_1_82' title='bbox 1121 629 1430 671; x_wconf 80' lang='lat' dir='ltr'>recentissimum</span> <span class='ocrx_word' id='word_1_83' title='bbox 1448 634 1575 685; x_wconf 86' lang='lat' dir='ltr'>quod-</span> 
     </span>
    </p>

    <p class='ocr_par' dir='ltr' id='par_1_8' title="bbox 185 692 1575 750">
     <span class='ocr_line' id='line_1_9' title="bbox 185 692 1575 750; baseline 0 -15"><span class='ocrx_word' id='word_1_84' title='bbox 185 709 262 749; x_wconf 89' lang='lat' dir='ltr'>que</span> <span class='ocrx_word' id='word_1_85' title='bbox 278 694 424 737; x_wconf 90' lang='lat' dir='ltr'>vulnus</span> <span class='ocrx_word' id='word_1_86' title='bbox 453 708 628 750; x_wconf 90' lang='lat' dir='ltr'>pavens,</span> <span class='ocrx_word' id='word_1_87' title='bbox 659 692 803 732; x_wconf 90' lang='lat' dir='ltr'>summi</span> <span class='ocrx_word' id='word_1_88' title='bbox 827 692 1067 733; x_wconf 79' lang='lat' dir='ltr'>discriminis</span> <span class='ocrx_word' id='word_1_89' title='bbox 1093 693 1330 734; x_wconf 83' lang='lat' dir='ltr'>incuriosus.</span> <span class='ocrx_word' id='word_1_90' title='bbox 1350 694 1458 734; x_wconf 88' lang='lat' dir='ltr'>Nam</span> <span class='ocrx_word' id='word_1_91' title='bbox 1484 699 1575 735; x_wconf 74' lang='lat' dir='ltr'>cum</span> 
     </span>
    </p>

    <p class='ocr_par' dir='ltr' id='par_1_9' title="bbox 184 755 1575 813">
     <span class='ocr_line' id='line_1_10' title="bbox 184 755 1575 813; baseline 0 -15"><span class='ocrx_word' id='word_1_92' title='bbox 184 757 406 812; x_wconf 85' lang='lat' dir='ltr'>transgredi</span> <span class='ocrx_word' id='word_1_93' title='bbox 421 757 710 813; x_wconf 88' lang='lat' dir='ltr'>Appenninum</span> <span class='ocrx_word' id='word_1_94' title='bbox 724 785 737 806; x_wconf 86' lang='lat'><strong><em>,</em></strong></span> <span class='ocrx_word' id='word_1_95' title='bbox 764 757 924 811; x_wconf 87' lang='lat' dir='ltr'>integro</span> <span class='ocrx_word' id='word_1_96' title='bbox 946 757 1143 797; x_wconf 64' lang='lat' dir='ltr'>exercitiis</span> <span class='ocrx_word' id='word_1_97' title='bbox 1164 756 1222 796; x_wconf 91' lang='lat' dir='ltr'>sui</span> <span class='ocrx_word' id='word_1_98' title='bbox 1244 755 1388 797; x_wconf 86' lang='lat' dir='ltr'>robore</span> <span class='ocrx_word' id='word_1_99' title='bbox 1401 787 1414 807; x_wconf 87' lang='lat'><em>‚</em></span> <span class='ocrx_word' id='word_1_100' title='bbox 1441 761 1481 798; x_wconf 75' lang='grc' dir='ltr'>ὅ(</span> <span class='ocrx_word' id='word_1_101' title='bbox 1500 758 1575 798; x_wconf 88' lang='lat' dir='ltr'>fes-</span> 
     </span>
    </p>

    <p class='ocr_par' dir='ltr' id='par_1_10' title="bbox 104 818 1577 1130">
     <span class='ocr_line' id='line_1_11' title="bbox 104 818 1575 875; baseline 0.001 -15"><span class='ocrx_word' id='word_1_102' title='bbox 104 836 159 866; x_wconf 84' lang='lat'>10</span> <span class='ocrx_word' id='word_1_103' title='bbox 185 820 248 862; x_wconf 92' lang='lat' dir='ltr'>sos</span> <span class='ocrx_word' id='word_1_104' title='bbox 274 821 407 861; x_wconf 87' lang='lat' dir='ltr'>hieme</span> <span class='ocrx_word' id='word_1_105' title='bbox 424 833 546 874; x_wconf 14' lang='lat' dir='ltr'>atque(</span> <span class='ocrx_word' id='word_1_106' title='bbox 566 818 700 875; x_wconf 55' lang='lat' dir='ltr'>inopi&amp;</span> <span class='ocrx_word' id='word_1_107' title='bbox 733 819 862 860; x_wconf 87' lang='lat' dir='ltr'>hostes</span> <span class='ocrx_word' id='word_1_108' title='bbox 884 819 1073 874; x_wconf 87' lang='lat' dir='ltr'>adgredi,</span> <span class='ocrx_word' id='word_1_109' title='bbox 1098 821 1139 859; x_wconf 91' lang='lat' dir='ltr'>in</span> <span class='ocrx_word' id='word_1_110' title='bbox 1166 833 1305 875; x_wconf 84' lang='lat' dir='ltr'>aperto</span> <span class='ocrx_word' id='word_1_111' title='bbox 1325 820 1454 868; x_wconf 83' lang='lat' dir='ltr'>foret3</span> <span class='ocrx_word' id='word_1_112' title='bbox 1480 821 1575 861; x_wconf 87' lang='lat' dir='ltr'>dum</span> 
     </span>
     <span class='ocr_line' id='line_1_12' title="bbox 186 881 1576 940; baseline 0.001 -17"><span class='ocrx_word' id='word_1_113' title='bbox 186 883 378 940; x_wconf 84' lang='lat' dir='ltr'>dispergit</span> <span class='ocrx_word' id='word_1_114' title='bbox 392 884 494 924; x_wconf 91' lang='lat' dir='ltr'>vires</span> <span class='ocrx_word' id='word_1_115' title='bbox 507 913 521 934; x_wconf 85' lang='lat'><em>,</em></span> <span class='ocrx_word' id='word_1_116' title='bbox 542 883 778 924; x_wconf 88' lang='lat' dir='ltr'>acerrimum</span> <span class='ocrx_word' id='word_1_117' title='bbox 796 881 968 923; x_wconf 89' lang='lat' dir='ltr'>militem</span> <span class='ocrx_word' id='word_1_118' title='bbox 981 912 995 933; x_wconf 85' lang='lat'><em>,</em></span> <span class='ocrx_word' id='word_1_119' title='bbox 1015 886 1054 923; x_wconf 75' lang='grc' dir='ltr'>ὃ(</span> <span class='ocrx_word' id='word_1_120' title='bbox 1071 882 1193 936; x_wconf 91' lang='lat' dir='ltr'>usque</span> <span class='ocrx_word' id='word_1_121' title='bbox 1208 884 1249 923; x_wconf 93' lang='lat' dir='ltr'>in</span> <span class='ocrx_word' id='word_1_122' title='bbox 1266 898 1445 924; x_wconf 87' lang='lat' dir='ltr'>extrema</span> <span class='ocrx_word' id='word_1_123' title='bbox 1463 883 1576 924; x_wconf 90' lang='lat' dir='ltr'>obsti-</span> 
     </span>
     <span class='ocr_line' id='line_1_13' title="bbox 184 945 1576 1002; baseline 0 -13"><span class='ocrx_word' id='word_1_124' title='bbox 184 960 343 997; x_wconf 88' lang='lat' dir='ltr'>natum,</span> <span class='ocrx_word' id='word_1_125' title='bbox 364 946 668 996; x_wconf 86' lang='lat' dir='ltr'>trucidandum,</span> <span class='ocrx_word' id='word_1_126' title='bbox 688 945 1007 1002; x_wconf 85' lang='lat' dir='ltr'>capiendumque</span> <span class='ocrx_word' id='word_1_127' title='bbox 1024 946 1208 996; x_wconf 79' lang='lat' dir='ltr'>tradidit,</span> <span class='ocrx_word' id='word_1_128' title='bbox 1229 947 1464 1002; x_wconf 83' lang='lat' dir='ltr'>peritissimis</span> <span class='ocrx_word' id='word_1_129' title='bbox 1479 962 1576 989; x_wconf 89' lang='lat' dir='ltr'>cen-</span> 
     </span>
     <span class='ocr_line' id='line_1_14' title="bbox 184 1008 1576 1060; baseline 0 -10"><span class='ocrx_word' id='word_1_130' title='bbox 184 1011 392 1051; x_wconf 87' lang='lat' dir='ltr'>turionum</span> <span class='ocrx_word' id='word_1_131' title='bbox 422 1008 737 1050; x_wconf 74' lang='lat' dir='ltr'>dissentientibus</span> <span class='ocrx_word' id='word_1_132' title='bbox 751 1039 764 1060; x_wconf 83' lang='lat'><em>,</em></span> <span class='ocrx_word' id='word_1_133' title='bbox 790 1013 830 1050; x_wconf 85' lang='lat'>&amp;</span> <span class='ocrx_word' id='word_1_134' title='bbox 843 1039 857 1060; x_wconf 89' lang='lat'><strong><em>,</em></strong></span> <span class='ocrx_word' id='word_1_135' title='bbox 877 1010 904 1049; x_wconf 88' lang='lat' dir='ltr'>fi</span> <span class='ocrx_word' id='word_1_136' title='bbox 927 1008 1258 1059; x_wconf 86' lang='lat' dir='ltr'>consulerentur,</span> <span class='ocrx_word' id='word_1_137' title='bbox 1287 1025 1380 1051; x_wconf 87' lang='lat' dir='ltr'>vera</span> <span class='ocrx_word' id='word_1_138' title='bbox 1403 1010 1576 1052; x_wconf 64' lang='lat' dir='ltr'>diRuris.</span> 
     </span>
     <span class='ocr_line' id='line_1_15' title="bbox 184 1072 1577 1130; baseline 0.003 -18"><span class='ocrx_word' id='word_1_139' title='bbox 184 1072 365 1114; x_wconf 91' lang='lat' dir='ltr'>Arcuere</span> <span class='ocrx_word' id='word_1_140' title='bbox 393 1087 462 1114; x_wconf 91' lang='lat' dir='ltr'>eos</span> <span class='ocrx_word' id='word_1_141' title='bbox 478 1074 611 1113; x_wconf 87' lang='lat' dir='ltr'>intimi</span> <span class='ocrx_word' id='word_1_142' title='bbox 639 1074 860 1114; x_wconf 87' lang='lat' dir='ltr'>amicorum</span> <span class='ocrx_word' id='word_1_143' title='bbox 880 1072 1066 1123; x_wconf 87' lang='lat' dir='ltr'>Vitellii,</span> <span class='ocrx_word' id='word_1_144' title='bbox 1094 1074 1148 1113; x_wconf 86' lang='lat' dir='ltr'>ita</span> <span class='ocrx_word' id='word_1_145' title='bbox 1176 1073 1357 1114; x_wconf 87' lang='lat' dir='ltr'>formatis</span> <span class='ocrx_word' id='word_1_146' title='bbox 1379 1074 1577 1130; x_wconf 89' lang='lat' dir='ltr'>Principis</span> 
     </span>
    </p>

    <p class='ocr_par' dir='ltr' id='par_1_11' title="bbox 103 1135 1575 1255">
     <span class='ocr_line' id='line_1_16' title="bbox 103 1135 1575 1192; baseline 0.001 -15"><span class='ocrx_word' id='word_1_147' title='bbox 103 1147 122 1177; x_wconf 79' lang='lat'>1</span> <span class='ocrx_word' id='word_1_148' title='bbox 132 1146 155 1187; x_wconf 88' lang='lat'><em>5</em></span> <span class='ocrx_word' id='word_1_149' title='bbox 185 1135 370 1187; x_wconf 87' lang='lat' dir='ltr'>auribus,</span> <span class='ocrx_word' id='word_1_150' title='bbox 395 1149 440 1177; x_wconf 93' lang='lat' dir='ltr'>ut</span> <span class='ocrx_word' id='word_1_151' title='bbox 455 1136 614 1192; x_wconf 84' lang='lat' dir='ltr'>aspera,</span> <span class='ocrx_word' id='word_1_152' title='bbox 640 1152 723 1191; x_wconf 88' lang='lat' dir='ltr'>quae</span> <span class='ocrx_word' id='word_1_153' title='bbox 740 1136 879 1187; x_wconf 79' lang='lat' dir='ltr'>utilia,</span> <span class='ocrx_word' id='word_1_154' title='bbox 904 1151 982 1178; x_wconf 89' lang='lat' dir='ltr'>nec</span> <span class='ocrx_word' id='word_1_155' title='bbox 1004 1136 1244 1190; x_wconf 82' lang='lat' dir='ltr'>quidquam,</span> <span class='ocrx_word' id='word_1_156' title='bbox 1268 1137 1336 1176; x_wconf 85' lang='lat' dir='ltr'>nifi</span> <span class='ocrx_word' id='word_1_157' title='bbox 1351 1135 1575 1189; x_wconf 84' lang='lat' dir='ltr'>jucundum</span> 
     </span>
     <span class='ocr_line' id='line_1_17' title="bbox 185 1198 655 1255; baseline -0.006 -14"><span class='ocrx_word' id='word_1_158' title='bbox 185 1202 228 1241; x_wconf 69' lang='grc' dir='ltr'>δε</span> <span class='ocrx_word' id='word_1_159' title='bbox 243 1198 426 1240; x_wconf 87' lang='lat' dir='ltr'>laesurum</span> <span class='ocrx_word' id='word_1_160' title='bbox 440 1200 655 1255; x_wconf 88' lang='lat' dir='ltr'>acciperet.</span> 
     </span>
    </p>

    <p class='ocr_par' dir='ltr' id='par_1_12' title="bbox 184 1261 1578 1446">
     <span class='ocr_line' id='line_1_18' title="bbox 247 1261 1578 1312; baseline 0.001 -9"><span class='ocrx_word' id='word_1_161' title='bbox 247 1262 400 1305; x_wconf 91' lang='lat' dir='ltr'><strong>LVII.</strong></span> <span class='ocrx_word' id='word_1_162' title='bbox 433 1264 526 1304; x_wconf 81' lang='lat' dir='ltr'>SED</span> <span class='ocrx_word' id='word_1_163' title='bbox 550 1262 710 1304; x_wconf 89' lang='lat' dir='ltr'>classem</span> <span class='ocrx_word' id='word_1_164' title='bbox 726 1261 999 1303; x_wconf 91' lang='lat' dir='ltr'>Misenensem</span> <span class='ocrx_word' id='word_1_165' title='bbox 1018 1264 1030 1312; x_wconf 93' lang='lat'>(</span> <span class='ocrx_word' id='word_1_166' title='bbox 1046 1275 1203 1304; x_wconf 89' lang='lat' dir='ltr'>tantum</span> <span class='ocrx_word' id='word_1_167' title='bbox 1224 1261 1410 1304; x_wconf 89' lang='lat' dir='ltr'>civilibus</span> <span class='ocrx_word' id='word_1_168' title='bbox 1427 1263 1578 1305; x_wconf 86' lang='lat' dir='ltr'>discor-</span> 
     </span>
     <span class='ocr_line' id='line_1_19' title="bbox 185 1320 1578 1381; baseline 0.001 -14"><span class='ocrx_word' id='word_1_169' title='bbox 185 1320 262 1367; x_wconf 67' lang='lat' dir='ltr'>rdiis</span> <span class='ocrx_word' id='word_1_170' title='bbox 278 1328 398 1368; x_wconf 90' lang='lat' dir='ltr'>etiam</span> <span class='ocrx_word' id='word_1_171' title='bbox 408 1324 655 1381; x_wconf 89' lang='lat' dir='ltr'>singulorum</span> <span class='ocrx_word' id='word_1_172' title='bbox 670 1326 837 1367; x_wconf 90' lang='lat' dir='ltr'>audacia</span> <span class='ocrx_word' id='word_1_173' title='bbox 852 1324 1186 1378; x_wconf 86' lang='lat' dir='ltr'>valet)Claudius</span> <span class='ocrx_word' id='word_1_174' title='bbox 1203 1328 1472 1378; x_wconf 85' lang='lat' dir='ltr'>Faventinus,</span> <span class='ocrx_word' id='word_1_175' title='bbox 1486 1342 1578 1368; x_wconf 87' lang='lat' dir='ltr'>cen·</span> 
     </span>
     <span class='ocr_line' id='line_1_20' title="bbox 184 1388 1577 1446; baseline 0.001 -16"><span class='ocrx_word' id='word_1_176' title='bbox 184 1390 293 1431; x_wconf 84' lang='lat' dir='ltr'>turio</span> <span class='ocrx_word' id='word_1_177' title='bbox 305 1419 320 1440; x_wconf 85' lang='lat'><strong><em>,</em></strong></span> <span class='ocrx_word' id='word_1_178' title='bbox 349 1404 418 1446; x_wconf 88' lang='lat' dir='ltr'>per</span> <span class='ocrx_word' id='word_1_179' title='bbox 434 1391 699 1444; x_wconf 86' lang='lat' dir='ltr'>ignominiam</span> <span class='ocrx_word' id='word_1_180' title='bbox 718 1405 740 1430; x_wconf 92' lang='lat' dir='ltr'>a</span> <span class='ocrx_word' id='word_1_181' title='bbox 758 1388 890 1430; x_wconf 66' lang='lat' dir='ltr'>Galba</span> <span class='ocrx_word' id='word_1_182' title='bbox 911 1388 1086 1431; x_wconf 90' lang='lat' dir='ltr'>dimissus</span> <span class='ocrx_word' id='word_1_183' title='bbox 1099 1419 1113 1441; x_wconf 84' lang='lat'><em>,</em></span> <span class='ocrx_word' id='word_1_184' title='bbox 1138 1390 1187 1430; x_wconf 91' lang='lat' dir='ltr'>ad</span> <span class='ocrx_word' id='word_1_185' title='bbox 1208 1390 1475 1431; x_wconf 69' lang='lat' dir='ltr'>defeffionem</span> <span class='ocrx_word' id='word_1_186' title='bbox 1497 1404 1577 1432; x_wconf 86' lang='lat' dir='ltr'>tra-</span> 
     </span>
    </p>

    <p class='ocr_par' dir='ltr' id='par_1_13' title="bbox 98 1451 1577 1697">
     <span class='ocr_line' id='line_1_21' title="bbox 98 1451 1576 1509; baseline -0.001 -13"><span class='ocrx_word' id='word_1_187' title='bbox 98 1465 158 1496; x_wconf 74' lang='lat'>20</span> <span class='ocrx_word' id='word_1_188' title='bbox 184 1453 271 1504; x_wconf 86' lang='lat' dir='ltr'>xit,</span> <span class='ocrx_word' id='word_1_189' title='bbox 298 1454 395 1494; x_wconf 73' lang='lat' dir='ltr'>siffis</span> <span class='ocrx_word' id='word_1_190' title='bbox 422 1453 652 1509; x_wconf 76' lang='lat' dir='ltr'>Vespasiani</span> <span class='ocrx_word' id='word_1_191' title='bbox 678 1451 852 1508; x_wconf 89' lang='lat' dir='ltr'>epistolis</span> <span class='ocrx_word' id='word_1_192' title='bbox 886 1452 1060 1508; x_wconf 88' lang='lat' dir='ltr'>pretium</span> <span class='ocrx_word' id='word_1_193' title='bbox 1088 1453 1329 1509; x_wconf 89' lang='lat' dir='ltr'>proditionis</span> <span class='ocrx_word' id='word_1_194' title='bbox 1362 1455 1576 1495; x_wconf 88' lang='lat' dir='ltr'>ostentans.</span> 
     </span>
     <span class='ocr_line' id='line_1_22' title="bbox 185 1514 1577 1571; baseline 0 -13"><span class='ocrx_word' id='word_1_195' title='bbox 185 1516 353 1558; x_wconf 81' lang='lat' dir='ltr'>Praeerat</span> <span class='ocrx_word' id='word_1_196' title='bbox 392 1514 497 1557; x_wconf 85' lang='lat' dir='ltr'>classi</span> <span class='ocrx_word' id='word_1_197' title='bbox 529 1516 723 1557; x_wconf 88' lang='lat' dir='ltr'>Claudius</span> <span class='ocrx_word' id='word_1_198' title='bbox 757 1514 1006 1571; x_wconf 87' lang='lat' dir='ltr'>Apollinaris</span> <span class='ocrx_word' id='word_1_199' title='bbox 1035 1545 1047 1567; x_wconf 87' lang='lat'><strong><em>,</em></strong></span> <span class='ocrx_word' id='word_1_200' title='bbox 1078 1531 1207 1571; x_wconf 91' lang='lat' dir='ltr'>neque</span> <span class='ocrx_word' id='word_1_201' title='bbox 1235 1517 1327 1558; x_wconf 87' lang='lat' dir='ltr'>fidei</span> <span class='ocrx_word' id='word_1_202' title='bbox 1354 1518 1535 1558; x_wconf 87' lang='lat' dir='ltr'>constans</span> <span class='ocrx_word' id='word_1_203' title='bbox 1561 1546 1577 1568; x_wconf 88' lang='lat'><em>,</em></span> 
     </span>
     <span class='ocr_line' id='line_1_23' title="bbox 185 1576 1576 1636; baseline 0 -16"><span class='ocrx_word' id='word_1_204' title='bbox 185 1593 317 1634; x_wconf 91' lang='lat' dir='ltr'>neque</span> <span class='ocrx_word' id='word_1_205' title='bbox 332 1581 508 1620; x_wconf 88' lang='lat' dir='ltr'>strenuus</span> <span class='ocrx_word' id='word_1_206' title='bbox 523 1581 565 1620; x_wconf 92' lang='lat' dir='ltr'>in</span> <span class='ocrx_word' id='word_1_207' title='bbox 583 1576 769 1636; x_wconf 65' lang='lat' dir='ltr'>perfidia:</span> <span class='ocrx_word' id='word_1_208' title='bbox 796 1583 836 1620; x_wconf 63' lang='grc' dir='ltr'>ὃς</span> <span class='ocrx_word' id='word_1_209' title='bbox 859 1580 1031 1635; x_wconf 90' lang='lat' dir='ltr'>Apinius</span> <span class='ocrx_word' id='word_1_210' title='bbox 1052 1580 1178 1630; x_wconf 82' lang='lat' dir='ltr'>Tiro,</span> <span class='ocrx_word' id='word_1_211' title='bbox 1206 1579 1371 1636; x_wconf 59' lang='lat' dir='ltr'>praeturfi</span> <span class='ocrx_word' id='word_1_212' title='bbox 1386 1580 1542 1621; x_wconf 60' lang='lat' dir='ltr'>funRus</span> <span class='ocrx_word' id='word_1_213' title='bbox 1561 1609 1576 1631; x_wconf 91' lang='lat'>,</span> 
     </span>
     <span class='ocr_line' id='line_1_24' title="bbox 185 1642 1574 1697; baseline -0.001 -13"><span class='ocrx_word' id='word_1_214' title='bbox 185 1657 235 1684; x_wconf 83' lang='lat' dir='ltr'>ac</span> <span class='ocrx_word' id='word_1_215' title='bbox 251 1655 337 1684; x_wconf 90' lang='lat' dir='ltr'>tum</span> <span class='ocrx_word' id='word_1_216' title='bbox 352 1643 456 1684; x_wconf 78' lang='lat' dir='ltr'>forte</span> <span class='ocrx_word' id='word_1_217' title='bbox 471 1644 693 1684; x_wconf 90' lang='lat' dir='ltr'>Minturnis</span> <span class='ocrx_word' id='word_1_218' title='bbox 711 1646 724 1663; x_wconf 90' lang='lat'>²</span> <span class='ocrx_word' id='word_1_219' title='bbox 742 1657 863 1697; x_wconf 87' lang='lat' dir='ltr'>agens</span> <span class='ocrx_word' id='word_1_220' title='bbox 875 1672 889 1694; x_wconf 87' lang='lat'>‚</span> <span class='ocrx_word' id='word_1_221' title='bbox 910 1642 1056 1684; x_wconf 87' lang='lat' dir='ltr'>ducem</span> <span class='ocrx_word' id='word_1_222' title='bbox 1072 1643 1111 1684; x_wconf 91' lang='lat' dir='ltr'>se</span> <span class='ocrx_word' id='word_1_223' title='bbox 1127 1643 1392 1684; x_wconf 69' lang='lat' dir='ltr'>defe&amp;oribus</span> <span class='ocrx_word' id='word_1_224' title='bbox 1408 1643 1574 1685; x_wconf 88' lang='lat' dir='ltr'>obtulit:</span> 
     </span>
    </p>

    <p class='ocr_par' dir='ltr' id='par_1_14' title="bbox 185 1705 1577 1763">
     <span class='ocr_line' id='line_1_25' title="bbox 185 1705 1577 1763; baseline 0.001 -17"><span class='ocrx_word' id='word_1_225' title='bbox 185 1720 209 1746; x_wconf 85' lang='lat' dir='ltr'>a</span> <span class='ocrx_word' id='word_1_226' title='bbox 225 1706 367 1760; x_wconf 94' lang='lat' dir='ltr'>quibus</span> <span class='ocrx_word' id='word_1_227' title='bbox 383 1707 604 1763; x_wconf 89' lang='lat' dir='ltr'>municipia</span> <span class='ocrx_word' id='word_1_228' title='bbox 620 1705 871 1760; x_wconf 82' lang='lat' dir='ltr'>coloniaeque</span> <span class='ocrx_word' id='word_1_229' title='bbox 891 1706 1088 1762; x_wconf 86' lang='lat' dir='ltr'>impulsae:</span> <span class='ocrx_word' id='word_1_230' title='bbox 1111 1708 1312 1763; x_wconf 80' lang='lat' dir='ltr'>praecipuo</span> <span class='ocrx_word' id='word_1_231' title='bbox 1328 1707 1577 1748; x_wconf 88' lang='lat' dir='ltr'>Puteolano-</span> 
     </span>
    </p>

    <p class='ocr_par' dir='ltr' id='par_1_15' title="bbox 99 1769 1579 2079">
     <span class='ocr_line' id='line_1_26' title="bbox 99 1769 1579 1827; baseline -0.001 -15"><span class='ocrx_word' id='word_1_232' title='bbox 99 1777 125 1812; x_wconf 77' lang='lat'>2</span> <span class='ocrx_word' id='word_1_233' title='bbox 134 1777 155 1818; x_wconf 91' lang='lat'><em>5</em></span> <span class='ocrx_word' id='word_1_234' title='bbox 185 1784 275 1809; x_wconf 88' lang='lat' dir='ltr'>rum</span> <span class='ocrx_word' id='word_1_235' title='bbox 298 1775 308 1799; x_wconf 82' lang='lat'><em>³</em></span> <span class='ocrx_word' id='word_1_236' title='bbox 339 1772 382 1810; x_wconf 92' lang='lat' dir='ltr'>in</span> <span class='ocrx_word' id='word_1_237' title='bbox 408 1770 695 1827; x_wconf 76' lang='lat' dir='ltr'>Vespasianum</span> <span class='ocrx_word' id='word_1_238' title='bbox 726 1769 880 1821; x_wconf 82' lang='lat' dir='ltr'>studio,</span> <span class='ocrx_word' id='word_1_239' title='bbox 905 1769 1046 1811; x_wconf 72' lang='lat' dir='ltr'>contra</span> <span class='ocrx_word' id='word_1_240' title='bbox 1066 1769 1205 1826; x_wconf 65' lang='lat' dir='ltr'>Capua</span> <span class='ocrx_word' id='word_1_241' title='bbox 1227 1776 1244 1799; x_wconf 72' lang='lat'>⁴</span> <span class='ocrx_word' id='word_1_242' title='bbox 1267 1769 1439 1812; x_wconf 90' lang='lat' dir='ltr'>Vitellio</span> <span class='ocrx_word' id='word_1_243' title='bbox 1471 1770 1548 1810; x_wconf 65' lang='lat' dir='ltr'>fida</span> <span class='ocrx_word' id='word_1_244' title='bbox 1563 1799 1579 1821; x_wconf 87' lang='lat'><em>‚</em></span> 
     </span>
     <span class='ocr_line' id='line_1_27' title="bbox 184 1832 1579 1890; baseline 0 -16"><span class='ocrx_word' id='word_1_245' title='bbox 184 1832 474 1890; x_wconf 89' lang='lat' dir='ltr'>municipalem</span> <span class='ocrx_word' id='word_1_246' title='bbox 487 1833 782 1876; x_wconf 86' lang='lat' dir='ltr'>aemulationem</span> <span class='ocrx_word' id='word_1_247' title='bbox 797 1832 913 1874; x_wconf 89' lang='lat' dir='ltr'>bellis</span> <span class='ocrx_word' id='word_1_248' title='bbox 927 1832 1113 1875; x_wconf 88' lang='lat' dir='ltr'>civilibus</span> <span class='ocrx_word' id='word_1_249' title='bbox 1123 1832 1555 1875; x_wconf 85' lang='lat' dir='ltr'>miscebant.Vitellius</span> <span class='ocrx_word' id='word_1_250' title='bbox 1563 1863 1579 1884; x_wconf 78' lang='grc'>,</span> 
     </span>
     <span class='ocr_line' id='line_1_28' title="bbox 184 1895 1578 1953; baseline 0 -17"><span class='ocrx_word' id='word_1_251' title='bbox 184 1895 403 1938; x_wconf 88' lang='lat' dir='ltr'>Claudium</span> <span class='ocrx_word' id='word_1_252' title='bbox 417 1896 622 1942; x_wconf 87' lang='lat' dir='ltr'>Julianum</span> <span class='ocrx_word' id='word_1_253' title='bbox 639 1901 650 1948; x_wconf 96' lang='lat'>(</span> <span class='ocrx_word' id='word_1_254' title='bbox 669 1898 701 1938; x_wconf 92' lang='lat' dir='ltr'>is</span> <span class='ocrx_word' id='word_1_255' title='bbox 718 1912 845 1953; x_wconf 89' lang='lat' dir='ltr'>nuper</span> <span class='ocrx_word' id='word_1_256' title='bbox 861 1896 1020 1938; x_wconf 84' lang='lat' dir='ltr'>classem</span> <span class='ocrx_word' id='word_1_257' title='bbox 1036 1897 1307 1937; x_wconf 86' lang='lat' dir='ltr'>Misenensem</span> <span class='ocrx_word' id='word_1_258' title='bbox 1324 1896 1440 1937; x_wconf 88' lang='lat' dir='ltr'>molli</span> <span class='ocrx_word' id='word_1_259' title='bbox 1455 1899 1578 1953; x_wconf 85' lang='lat' dir='ltr'>impe-</span> 
     </span>
     <span class='ocr_line' id='line_1_29' title="bbox 184 1959 1578 2016; baseline -0.001 -16"><span class='ocrx_word' id='word_1_260' title='bbox 184 1960 247 2001; x_wconf 71' lang='lat' dir='ltr'>rio</span> <span class='ocrx_word' id='word_1_261' title='bbox 266 1963 453 2012; x_wconf 88' lang='lat' dir='ltr'>rexerat)</span> <span class='ocrx_word' id='word_1_262' title='bbox 470 1960 767 2016; x_wconf 89' lang='lat' dir='ltr'>permulcendis</span> <span class='ocrx_word' id='word_1_263' title='bbox 784 1959 958 2001; x_wconf 87' lang='lat' dir='ltr'>militum</span> <span class='ocrx_word' id='word_1_264' title='bbox 982 1962 1122 2001; x_wconf 89' lang='lat' dir='ltr'>animis</span> <span class='ocrx_word' id='word_1_265' title='bbox 1145 1959 1316 2015; x_wconf 84' lang='lat' dir='ltr'>delegit:</span> <span class='ocrx_word' id='word_1_266' title='bbox 1344 1961 1433 2002; x_wconf 88' lang='lat' dir='ltr'>data</span> <span class='ocrx_word' id='word_1_267' title='bbox 1451 1962 1491 2000; x_wconf 91' lang='lat' dir='ltr'>in</span> <span class='ocrx_word' id='word_1_268' title='bbox 1508 1975 1578 2000; x_wconf 86' lang='lat' dir='ltr'>au-</span> 
     </span>
     <span class='ocr_line' id='line_1_30' title="bbox 186 2021 1579 2079; baseline -0.001 -16"><span class='ocrx_word' id='word_1_269' title='bbox 186 2021 332 2066; x_wconf 79' lang='lat' dir='ltr'>xilium</span> <span class='ocrx_word' id='word_1_270' title='bbox 359 2022 519 2066; x_wconf 87' lang='lat' dir='ltr'>Urbana</span> <span class='ocrx_word' id='word_1_271' title='bbox 541 2026 714 2075; x_wconf 88' lang='lat' dir='ltr'>cohors,</span> <span class='ocrx_word' id='word_1_272' title='bbox 739 2028 779 2065; x_wconf 76' lang='grc' dir='ltr'>ὅ(</span> <span class='ocrx_word' id='word_1_273' title='bbox 795 2023 1035 2079; x_wconf 87' lang='lat' dir='ltr'>gladiatores</span> <span class='ocrx_word' id='word_1_274' title='bbox 1057 2029 1069 2055; x_wconf 83' lang='lat'>5</span> <span class='ocrx_word' id='word_1_275' title='bbox 1084 2054 1098 2075; x_wconf 84' lang='lat'><strong><em>,</em></strong></span> <span class='ocrx_word' id='word_1_276' title='bbox 1126 2023 1267 2078; x_wconf 88' lang='lat' dir='ltr'>quibus</span> <span class='ocrx_word' id='word_1_277' title='bbox 1285 2023 1467 2069; x_wconf 89' lang='lat' dir='ltr'>Julianus</span> <span class='ocrx_word' id='word_1_278' title='bbox 1482 2039 1579 2079; x_wconf 78' lang='lat' dir='ltr'>prae-</span> 
     </span>
    </p>
   </div>
   <div class='ocr_carea' id='block_1_3' title="bbox 189 2113 1579 2211">
    <p class='ocr_par' dir='ltr' id='par_1_16' title="bbox 189 2113 1577 2194">
     <span class='ocr_line' id='line_1_31' title="bbox 231 2113 1577 2156; baseline -0.002 -10.924"><span class='ocrx_word' id='word_1_279' title='bbox 231 2115 452 2147; x_wconf 68' lang='lat' dir='ltr'>&#39;Misamznsm</span> <span class='ocrx_word' id='word_1_280' title='bbox 476 2118 624 2155; x_wconf 60' lang='lat' dir='ltr'>cussis]</span> <span class='ocrx_word' id='word_1_281' title='bbox 644 2116 693 2147; x_wconf 90' lang='lat' dir='ltr'>De</span> <span class='ocrx_word' id='word_1_282' title='bbox 704 2126 765 2156; x_wconf 86' lang='lat' dir='ltr'>qua</span> <span class='ocrx_word' id='word_1_283' title='bbox 776 2115 863 2154; x_wconf 68' lang='lat' dir='ltr'>supra</span> <span class='ocrx_word' id='word_1_284' title='bbox 904 2123 937 2146; x_wconf 88' lang='lat' dir='ltr'>ut</span> <span class='ocrx_word' id='word_1_285' title='bbox 953 2115 1060 2146; x_wconf 86' lang='lat' dir='ltr'>videre</span> <span class='ocrx_word' id='word_1_286' title='bbox 1073 2115 1113 2145; x_wconf 88' lang='lat' dir='ltr'>est</span> <span class='ocrx_word' id='word_1_287' title='bbox 1125 2115 1206 2154; x_wconf 86' lang='lat' dir='ltr'>apud</span> <span class='ocrx_word' id='word_1_288' title='bbox 1218 2114 1432 2151; x_wconf 85' lang='lat' dir='ltr'>Holstenium,</span> <span class='ocrx_word' id='word_1_289' title='bbox 1449 2113 1543 2143; x_wconf 69' lang='lat' dir='ltr'>Anno</span> <span class='ocrx_word' id='word_1_290' title='bbox 1537 2123 1577 2143; x_wconf 75' lang='grc' dir='ltr'>α-</span> 
     </span>
     <span class='ocr_line' id='line_1_32' title="bbox 189 2153 1579 2211; baseline -0.001 -27"><span class='ocrx_word' id='word_1_291' title='bbox 189 2153 264 2211; x_wconf 70' lang='lat' dir='ltr'>Hizst&#39;</span> <span class='ocrx_word' id='word_1_292' title='bbox 286 2155 381 2193; x_wconf 84' lang='lat'>11,.9</span> <span class='ocrx_word' id='word_1_293' title='bbox 905 2156 971 2185; x_wconf 75' lang='lat' dir='ltr'>tion.</span> <span class='ocrx_word' id='word_1_294' title='bbox 984 2156 1013 2184; x_wconf 84' lang='lat' dir='ltr'>in</span> <span class='ocrx_word' id='word_1_295' title='bbox 1031 2154 1154 2184; x_wconf 74' lang='lat' dir='ltr'>Cluverii</span> <span class='ocrx_word' id='word_1_296' title='bbox 1170 2153 1284 2183; x_wconf 74' lang='lat' dir='ltr'>ltaliam</span> <span class='ocrx_word' id='word_1_297' title='bbox 1301 2154 1398 2193; x_wconf 79' lang='lat' dir='ltr'>Antiq.</span> <span class='ocrx_word' id='word_1_298' title='bbox 1418 2165 1485 2194; x_wconf 80' lang='lat' dir='ltr'>pag.</span> <span class='ocrx_word' id='word_1_299' title='bbox 1504 2165 1579 2191; x_wconf 84' lang='lat'>237.</span> 
     </span>
    </p>
   </div>
   <div class='ocr_carea' id='block_1_4' title="bbox 190 2193 1579 2273">
    <p class='ocr_par' dir='ltr' id='par_1_17' title="bbox 190 2193 1579 2273">
     <span class='ocr_line' id='line_1_33' title="bbox 232 2193 1579 2269; baseline -0.001 -44.974"><span class='ocrx_word' id='word_1_300' title='bbox 232 2195 474 2233; x_wconf 56' lang='lat' dir='ltr'>&#39;Mmrunmfl</span> <span class='ocrx_word' id='word_1_301' title='bbox 494 2195 661 2227; x_wconf 86' lang='lat' dir='ltr'>Minturnae</span> <span class='ocrx_word' id='word_1_302' title='bbox 677 2219 685 2233; x_wconf 88' lang='lat'><strong>‚</strong></span> <span class='ocrx_word' id='word_1_303' title='bbox 709 2195 789 2226; x_wconf 86' lang='lat' dir='ltr'>olim</span> <span class='ocrx_word' id='word_1_304' title='bbox 805 2193 864 2224; x_wconf 81' lang='lat' dir='ltr'>fitae</span> <span class='ocrx_word' id='word_1_305' title='bbox 906 2194 1014 2225; x_wconf 80' lang='lat' dir='ltr'>dehac</span> <span class='ocrx_word' id='word_1_306' title='bbox 1034 2194 1164 2225; x_wconf 86' lang='lat' dir='ltr'>colonia</span> <span class='ocrx_word' id='word_1_307' title='bbox 1179 2195 1264 2233; x_wconf 81' lang='lat' dir='ltr'>plura</span> <span class='ocrx_word' id='word_1_308' title='bbox 1279 2194 1353 2225; x_wconf 90' lang='lat' dir='ltr'>vide</span> <span class='ocrx_word' id='word_1_309' title='bbox 1374 2205 1406 2224; x_wconf 88' lang='lat' dir='ltr'>m</span> <span class='ocrx_word' id='word_1_310' title='bbox 1430 2194 1523 2225; x_wconf 70' lang='lat' dir='ltr'>Notis</span> <span class='ocrx_word' id='word_1_311' title='bbox 1527 2194 1579 2269; x_wconf 76' lang='lat'>7&amp;</span> 
     </span>
     <span class='ocr_line' id='line_1_34' title="bbox 190 2233 1488 2273; baseline -0.002 -7"><span class='ocrx_word' id='word_1_312' title='bbox 190 2234 230 2266; x_wconf 74' lang='lat' dir='ltr'>ad</span> <span class='ocrx_word' id='word_1_313' title='bbox 246 2234 357 2264; x_wconf 88' lang='lat' dir='ltr'>ostium</span> <span class='ocrx_word' id='word_1_314' title='bbox 369 2235 460 2266; x_wconf 86' lang='lat' dir='ltr'>fluvii</span> <span class='ocrx_word' id='word_1_315' title='bbox 473 2235 574 2273; x_wconf 77' lang='lat' dir='ltr'>Liris,</span> <span class='ocrx_word' id='word_1_316' title='bbox 589 2245 672 2266; x_wconf 92' lang='lat' dir='ltr'>nunc</span> <span class='ocrx_word' id='word_1_317' title='bbox 685 2233 865 2273; x_wconf 81' lang='lat' dir='ltr'>Garigliano,</span> <span class='ocrx_word' id='word_1_318' title='bbox 905 2234 1186 2264; x_wconf 82' lang='lat' dir='ltr'>Emendationibus</span> <span class='ocrx_word' id='word_1_319' title='bbox 1201 2234 1240 2264; x_wconf 89' lang='lat' dir='ltr'>ad</span> <span class='ocrx_word' id='word_1_320' title='bbox 1262 2234 1375 2264; x_wconf 85' lang='lat' dir='ltr'>Annal.</span> <span class='ocrx_word' id='word_1_321' title='bbox 1397 2235 1488 2269; x_wconf 78' lang='lat' dir='ltr'>XIV,</span> 
     </span>
    </p>
   </div>
   <div class='ocr_carea' id='block_1_5' title="bbox 135 2243 1581 2397">
    <p class='ocr_par' dir='ltr' id='par_1_18' title="bbox 135 2243 1581 2392">
     <span class='ocr_line' id='line_1_35' title="bbox 135 2243 1579 2316; baseline -0.001 -12"><span class='ocrx_word' id='word_1_322' title='bbox 135 2310 139 2316; x_wconf 48' lang='grc'><strong>,</strong></span> <span class='ocrx_word' id='word_1_323' title='bbox 192 2273 323 2313; x_wconf 83' lang='lat' dir='ltr'>periere.</span> <span class='ocrx_word' id='word_1_324' title='bbox 945 2279 959 2297; x_wconf 81' lang='lat'>4</span> <span class='ocrx_word' id='word_1_325' title='bbox 981 2275 1089 2304; x_wconf 68' lang='lat' dir='ltr'>CAPUA</span> <span class='ocrx_word' id='word_1_326' title='bbox 1109 2274 1123 2311; x_wconf 92' lang='lat'>]</span> <span class='ocrx_word' id='word_1_327' title='bbox 1151 2273 1198 2303; x_wconf 86' lang='lat' dir='ltr'>Dc</span> <span class='ocrx_word' id='word_1_328' title='bbox 1221 2273 1326 2313; x_wconf 79' lang='lat' dir='ltr'>Capua</span> <span class='ocrx_word' id='word_1_329' title='bbox 1355 2273 1469 2303; x_wconf 57' lang='lat' dir='ltr'>difflum</span> <span class='ocrx_word' id='word_1_330' title='bbox 1481 2243 1579 2310; x_wconf 46' lang='lat' dir='ltr'>frisia</span> 
     </span>
     <span class='ocr_line' id='line_1_36' title="bbox 235 2313 1175 2352; baseline 0 -9"><span class='ocrx_word' id='word_1_331' title='bbox 235 2318 245 2339; x_wconf 83' lang='lat'><em>³</em></span> <span class='ocrx_word' id='word_1_332' title='bbox 270 2314 533 2345; x_wconf 69' lang='grc' dir='ltr'>ΡυτεοιΑΝοιωΜ</span> <span class='ocrx_word' id='word_1_333' title='bbox 559 2314 574 2351; x_wconf 93' lang='grc'>]</span> <span class='ocrx_word' id='word_1_334' title='bbox 604 2313 749 2347; x_wconf 79' lang='lat' dir='ltr'>Puteoli,</span> <span class='ocrx_word' id='word_1_335' title='bbox 785 2323 868 2342; x_wconf 86' lang='lat' dir='ltr'>nunc</span> <span class='ocrx_word' id='word_1_336' title='bbox 908 2314 1022 2344; x_wconf 79' lang='lat' dir='ltr'>Annal.</span> <span class='ocrx_word' id='word_1_337' title='bbox 1041 2315 1082 2344; x_wconf 92' lang='lat' dir='ltr'>IV</span> <span class='ocrx_word' id='word_1_338' title='bbox 1100 2336 1108 2348; x_wconf 86' lang='lat'>‚</span> <span class='ocrx_word' id='word_1_339' title='bbox 1128 2322 1175 2352; x_wconf 90' lang='lat'>57.</span> 
     </span>
     <span class='ocr_line' id='line_1_37' title="bbox 193 2336 1581 2397; baseline -0.001 -16"><span class='ocrx_word' id='word_1_340' title='bbox 193 2351 341 2397; x_wconf 63' lang='grc' dir='ltr'>Ροῑζυοίο.</span> <span class='ocrx_word' id='word_1_341' title='bbox 358 2355 409 2383; x_wconf 88' lang='lat' dir='ltr'>Ob</span> <span class='ocrx_word' id='word_1_342' title='bbox 426 2354 557 2384; x_wconf 86' lang='lat' dir='ltr'>studium</span> <span class='ocrx_word' id='word_1_343' title='bbox 579 2353 611 2383; x_wconf 90' lang='lat' dir='ltr'>in</span> <span class='ocrx_word' id='word_1_344' title='bbox 633 2336 868 2392; x_wconf 83' lang='lat' dir='ltr'>Vespasianum,</span> <span class='ocrx_word' id='word_1_345' title='bbox 951 2359 957 2380; x_wconf 83' lang='lat'>5</span> <span class='ocrx_word' id='word_1_346' title='bbox 982 2354 1213 2384; x_wconf 66' lang='lat' dir='ltr'>Gmmmours</span> <span class='ocrx_word' id='word_1_347' title='bbox 1234 2356 1245 2388; x_wconf 91' lang='lat'>]</span> <span class='ocrx_word' id='word_1_348' title='bbox 1269 2351 1419 2382; x_wconf 81' lang='lat' dir='ltr'>Deforme</span> <span class='ocrx_word' id='word_1_349' title='bbox 1451 2351 1581 2390; x_wconf 78' lang='lat' dir='ltr'>quidem</span> 
     </span>
    </p>
   </div>
   <div class='ocr_carea' id='block_1_6' title="bbox 194 2390 1584 2473">
    <p class='ocr_par' dir='ltr' id='par_1_19' title="bbox 194 2390 1584 2473">
     <span class='ocr_line' id='line_1_38' title="bbox 194 2390 1584 2430; baseline -0.001 -9"><span class='ocrx_word' id='word_1_350' title='bbox 194 2391 297 2426; x_wconf 71' lang='lat' dir='ltr'>postea</span> <span class='ocrx_word' id='word_1_351' title='bbox 309 2392 489 2429; x_wconf 81' lang='lat' dir='ltr'>instaurata,</span> <span class='ocrx_word' id='word_1_352' title='bbox 513 2393 564 2423; x_wconf 88' lang='lat' dir='ltr'>vel</span> <span class='ocrx_word' id='word_1_353' title='bbox 582 2404 619 2423; x_wconf 87' lang='lat' dir='ltr'>au</span> <span class='ocrx_word' id='word_1_354' title='bbox 623 2395 668 2422; x_wconf 68' lang='lat' dir='ltr'>&amp;a</span> <span class='ocrx_word' id='word_1_355' title='bbox 686 2402 794 2423; x_wconf 87' lang='lat' dir='ltr'>eorum</span> <span class='ocrx_word' id='word_1_356' title='bbox 811 2402 869 2421; x_wconf 82' lang='lat' dir='ltr'>co-</span> <span class='ocrx_word' id='word_1_357' title='bbox 910 2392 1080 2427; x_wconf 76' lang='lat' dir='ltr'>auxilium,</span> <span class='ocrx_word' id='word_1_358' title='bbox 1103 2392 1152 2421; x_wconf 81' lang='lat' dir='ltr'>sed</span> <span class='ocrx_word' id='word_1_359' title='bbox 1173 2402 1224 2430; x_wconf 85' lang='lat' dir='ltr'>per</span> <span class='ocrx_word' id='word_1_360' title='bbox 1241 2391 1346 2422; x_wconf 81' lang='lat' dir='ltr'>civilia</span> <span class='ocrx_word' id='word_1_361' title='bbox 1362 2390 1444 2421; x_wconf 81' lang='lat' dir='ltr'>bella</span> <span class='ocrx_word' id='word_1_362' title='bbox 1462 2390 1584 2427; x_wconf 65' lang='lat' dir='ltr'>usurpa-</span> 
     </span>
     <span class='ocr_line' id='line_1_39' title="bbox 194 2429 1546 2473; baseline 0 -13"><span class='ocrx_word' id='word_1_363' title='bbox 194 2429 300 2470; x_wconf 84' lang='lat' dir='ltr'>lonia,</span> <span class='ocrx_word' id='word_1_364' title='bbox 316 2432 460 2473; x_wconf 71' lang='lat' dir='ltr'>dictaque</span> <span class='ocrx_word' id='word_1_365' title='bbox 476 2434 674 2466; x_wconf 85' lang='lat' dir='ltr'>COLONIA</span> <span class='ocrx_word' id='word_1_366' title='bbox 694 2433 871 2470; x_wconf 88' lang='lat' dir='ltr'>FLAVlA,</span> <span class='ocrx_word' id='word_1_367' title='bbox 910 2442 977 2465; x_wconf 84' lang='lat' dir='ltr'>tum</span> <span class='ocrx_word' id='word_1_368' title='bbox 990 2456 999 2472; x_wconf 92' lang='lat'>‚</span> <span class='ocrx_word' id='word_1_369' title='bbox 1018 2440 1051 2463; x_wconf 86' lang='lat' dir='ltr'>ut</span> <span class='ocrx_word' id='word_1_370' title='bbox 1069 2431 1205 2464; x_wconf 83' lang='lat' dir='ltr'>vidimus</span> <span class='ocrx_word' id='word_1_371' title='bbox 1220 2431 1307 2470; x_wconf 67' lang='lat' dir='ltr'>supra</span> <span class='ocrx_word' id='word_1_372' title='bbox 1322 2430 1396 2461; x_wconf 87' lang='lat' dir='ltr'>Hist.</span> <span class='ocrx_word' id='word_1_373' title='bbox 1420 2430 1469 2467; x_wconf 88' lang='lat'>11,</span> <span class='ocrx_word' id='word_1_374' title='bbox 1499 2440 1546 2460; x_wconf 78' lang='grc' dir='ltr'>ιι.</span> 
     </span>
    </p>
   </div>
   <div class='ocr_carea' id='block_1_7' title="bbox 1595 264 1710 270">
    <p class='ocr_par' dir='ltr' id='par_1_20' title="bbox 1595 264 1710 270">
     <span class='ocr_line' id='line_1_40' title="bbox 1595 264 1710 270; baseline 0 0"><span class='ocrx_word' id='word_1_375' title='bbox 1595 264 1710 270; x_wconf 95' lang='lat' dir='ltr'> </span> 
     </span>
    </p>
   </div>
   <div class='ocr_carea' id='block_1_8' title="bbox 1594 272 1710 279">
    <p class='ocr_par' dir='ltr' id='par_1_21' title="bbox 1594 272 1710 279">
     <span class='ocr_line' id='line_1_41' title="bbox 1594 272 1710 279; baseline 0 0"><span class='ocrx_word' id='word_1_376' title='bbox 1594 272 1710 279; x_wconf 95' lang='lat' dir='ltr'> </span> 
     </span>
    </p>
   </div>
   <div class='ocr_carea' id='block_1_9' title="bbox 1594 280 1710 286">
    <p class='ocr_par' dir='ltr' id='par_1_22' title="bbox 1594 280 1710 286">
     <span class='ocr_line' id='line_1_42' title="bbox 1594 280 1710 286; baseline 0 0"><span class='ocrx_word' id='word_1_377' title='bbox 1594 280 1710 286; x_wconf 95' lang='lat' dir='ltr'> </span> 
     </span>
    </p>
   </div>
  </div>
 </body>
</html>
