2209 3047
590 181 678 229 408
778 170 1002 214 NOTAE
1042 168 1126 210 ET
1162 167 1768 216 EMENDATIONES

590 248 805 291 emendabat
818 276 830 292 ,
851 249 1024 294 inexpertis
1039 247 1136 292 belli,
1164 247 1263 298 quod
1280 247 1369 282 labor
1383 245 1583 284 redundare
1601 247 1634 284 ei
1649 248 1842 289 videretur.

644 350 752 386 CAP.
781 348 827 385 V.
857 349 1011 385 Amori
1039 353 1250 394 semromz]
1283 348 1349 383 Ms.
1376 348 1487 386 Corb.
1514 350 1678 386 &editio
1707 349 1894 399 princeps,
1913 365 1972 397 ap-

593 402 832 448 tiori'ftrmone.
849 399 943 435 Mox
953 399 1046 436 male
1062 401 1289 448 conjungunt
1310 410 1446 436 veteres
1471 400 1649 437 editiones
1664 429 1672 443 ‚
1692 401 1839 447 dispcfitu
1858 404 1973 445 provi-

584 452 683 499 firqrce
704 451 850 486 civilium
874 463 978 486 rerum
988 453 1121 496 peritus.
1141 448 1256 494 Quod
1278 448 1411 487 multos
1433 450 1555 486 Taciti
1579 451 1787 500 interpretes
1808 449 1947 488 fefellit.

650 550 755 590 CAP.
783 552 845 589 VI.
873 552 1025 588 SEPTEM
1055 562 1241 587 LEGIONES
1269 555 1286 598 ]
1309 551 1363 588 Ex
1383 552 1575 589 indiscreta
1595 551 1823 588 similitudine
1851 551 1974 588 nomi-

594 613 682 636 num
706 601 874 639 Caesareae
901 602 1028 638 domus
1051 601 1203 636 maxima
1221 601 1258 636 in
1282 602 1479 638 Annalium
1502 602 1602 638 libris
1628 602 1857 638 exoriebatur
1884 600 1975 637 diffi-
2052 618 2060 624 -

593 651 731 694 cultas;
761 665 866 701 quam
892 663 931 688 ut
960 653 1136 693 levarem,
1165 652 1341 700 proposui
1361 654 1499 688 Stemma
1526 653 1696 699 Cassarum.
1721 651 1829 687 Nunc
1854 651 1940 687 vero
1963 676 1976 694 ‚

593 714 639 737 ne
660 701 796 737 animus
817 702 984 750 fatigetur
1008 700 1217 737 nominibus
1238 714 1280 737 ac
1299 702 1559 738 mutationibus
1582 702 1768 752 legionum
1783 730 1792 745 ,
1817 701 1878 750 qui
1903 712 1978 736 ma·-

592 750 706 786 ximus
729 751 778 787 est
801 752 839 787 in
861 751 1075 788 evolvendis
1098 750 1335 788 Historiarum
1366 752 1465 787 libris
1489 752 1615 795 labor,
1640 764 1761 788 earum
1789 763 1978 787 numerum

591 800 812 849 nominaque
844 801 1070 849 explanabo,
1100 800 1231 838 deinde
1259 815 1378 838 earum
1405 802 1489 838 loca
1517 801 1710 851 adsignabo
1729 815 1736 836 :
1758 801 1886 850 quibus
1909 811 1978 835 co-

619 850 719 892 nitis,
732 850 837 887 facile
859 851 925 886 erit
941 879 949 893 ,
975 851 1044 887 fine
1064 850 1142 886 ullo
1163 851 1287 890 labore
1302 880 1313 897 ,
1329 864 1414 903 quas
1427 864 1545 902 partes
1568 852 1606 887 in
1629 850 1684 886 his
1709 850 1876 887 civilibus
1897 848 1973 888 bel-

590 863 634 935 ἧς
657 899 722 936 sint
744 899 891 944 secutae,
908 900 1132 950 dignoscere.

717 1008 815 1066 De
860 1027 1071 1063 numero
1104 1008 1179 1064 &C
1219 1009 1519 1065 nominibus
1553 1010 1834 1087 legionum.

591 1148 801 1236 IVLEGIO
826 1148 987 1187 PRIMA
1014 1181 1020 1193 ,
1045 1151 1083 1186 in
1105 1149 1276 1188 inferiore
1295 1150 1500 1188 Germania.
1526 1151 1644 1188 Tacit.
1667 1150 1760 1188 Hist.
1784 1149 1828 1193 I,
1855 1158 1916 1198 55.
1942 1149 1979 1185 &

658 1228 666 1242 ²
698 1212 713 1235 Ῑ
748 1227 756 1235 ·
1969 1240 1972 1241 ⁷

635 1212 792 1286 [ΕίξΙΟ
822 1249 976 1286 PRIMA
1004 1250 1215 1287 ITALICA
1241 1278 1251 1295 ‚
1279 1250 1446 1300 Lugduni
1473 1250 1511 1286 in
1530 1250 1661 1287 Gallia.
1680 1250 1800 1286 Tacit.
1819 1247 1913 1285 Hist.
1932 1246 1952 1284 I
1968 1272 1981 1291 ,

591 1300 641 1336 60
659 1327 669 1343 ‚
699 1300 759 1347 64.
781 1299 817 1335 ΙΙ
833 1328 842 1343 ,
872 1313 957 1337 100.
977 1303 1010 1336 ὃ(
1027 1299 1082 1336 III
1096 1329 1105 1344 ,
1129 1314 1190 1337 22.
1223 1302 1258 1336 A
1273 1300 1420 1337 Nerone
1435 1301 1549 1337 fuerat
1573 1301 1671 1338 leea.
1688 1300 1763 1336 Dio
1777 1327 1786 1343 ‚
1804 1298 1878 1334 LV.
1895 1309 1980 1347 pag.

594 1351 683 1399 564.
706 1350 858 1399 Ejusque
883 1362 986 1386 aetate
1011 1352 1137 1387 eratin
1157 1350 1285 1386 Moefia
1306 1351 1479 1388 inferiori.
1506 1351 1618 1398 Quod
1637 1361 1756 1386 autem
1777 1362 1820 1385 ex
1844 1348 1984 1384 Italicis

595 1398 769 1435 militibus
804 1400 1032 1448 conscripta,
1066 1412 1273 1449 nuncupata
1298 1400 1346 1436 est
1376 1401 1513 1436 Italica.
1555 1400 1596 1435 In
1634 1398 1785 1436 nummis
1821 1395 1982 1433 Gallieni

592 1448 711 1485 LEGI
733 1449 856 1485 ITAL
880 1450 959 1484 VIP
984 1449 1077 1485 VIF.
1102 1450 1160 1486 vel
1186 1450 1285 1485 VIIP
1309 1450 1422 1485 VIIF.
1445 1450 1489 1485 Id
1514 1449 1581 1491 est,
1606 1450 1702 1498 Legio
1719 1451 1825 1494 prima
1836 1448 1982 1488 Italica,

586 1500 718 1547 sextum
735 1502 792 1545 pia
805 1527 814 1543 ,
840 1500 964 1540 s'extz'tm
978 1499 1084 1543 fidelis
1098 1527 1107 1542 ,
1131 1499 1365 1546 velseprimiim
1376 1503 1431 1545 pia
1444 1501 1632 1546 ‚fiptimz'cm
1644 1500 1769 1545 fidelis.
1782 1496 1840 1532 De
1856 1496 1908 1531 his
1922 1508 1983 1532 ce-

591 1549 745 1598 terisque
767 1549 927 1586 Gallieni
949 1549 1103 1585 nummis
1123 1548 1207 1585 vide
1233 1548 1289 1584 Cl.
1314 1548 1472 1584 Banduri
1486 1577 1496 1593 ,
1521 1549 1726 1596 Numismata
1747 1549 1981 1593 Imperatorum

592 1604 816 1635 Romanorum.
840 1599 949 1635 Tom.
974 1599 1004 1635 I.
1032 1611 1112 1648 pag.
1148 1601 1220 1634 166
1244 1602 1277 1634 &
1301 1598 1397 1649 seqq.

641 1648 794 1685 LEGIO
825 1648 983 1684 PRIMA
1011 1647 1265 1685 ADJUTRIX
1293 1646 1651 1685 CLASSICORUM
1667 1675 1678 1692 ,
1697 1647 1815 1697 primo
1830 1645 1980 1690 Romae,

594 1699 725 1735 deinde
754 1699 791 1734 in
819 1698 1011 1747 Hispania,
1039 1698 1157 1734 Tacit.
1183 1697 1277 1734 Hist.
1299 1699 1342 1742 Ι,
1373 1699 1407 1735 6.
1434 1700 1467 1733 &
1498 1698 1558 1746 36.
1583 1698 1644 1742 II,
1668 1710 1716 1746 43
1747 1700 1781 1733 &
1805 1697 1866 1743 67.
1895 1696 1984 1741 ΙΙΙ,

593 1761 656 1796 44.
682 1748 717 1784 Si
742 1748 912 1784 Tacitum
934 1748 1006 1784 loc.
1032 1749 1093 1784 cit.
1119 1752 1152 1785 ὃ(
1176 1748 1337 1785 Dionem
1362 1748 1448 1791 LV,
1472 1760 1554 1797 pag.
1580 1751 1667 1798 564.
1689 1745 1981 1796 comparaveris,

595 1798 778 1835 videbitur
800 1798 984 1848 legionem
1003 1798 1239 1847 illam,quam
1258 1798 1357 1835 Nero
1378 1812 1397 1835 e
1413 1797 1515 1835 classe
1526 1798 1802 1847 conscripserat,
1824 1795 1981 1846 primum

595 1848 721 1884 dit-”caru
743 1848 841 1884 fuiss‘e
864 1849 1066 1894 Clafficorum
1082 1876 1091 1892 ,
1115 1848 1246 1885 deinde
1267 1861 1287 1884 a
1309 1848 1451 1891 Galba,
1472 1847 1669 1885 obliterato
1691 1847 1840 1884 minime
1861 1845 1981 1882 nobili

593 1897 828 1934 Classicorum
851 1898 1000 1934 nomine
1016 1926 1024 1941 ‚
1052 1910 1295 1947 nuncupatam
1320 1900 1533 1947 Adjutricem.
1552 1899 1596 1934 In
1620 1898 1774 1934 nummis
1799 1894 1981 1939 Gallieni,

592 1946 689 1983 LEG
711 1949 729 1983 Ι
754 1947 845 1984 ADI
862 1948 941 1985 VIP
966 1948 1059 1985 VIF.
1083 1949 1180 1998 Legio
1198 1952 1309 1995 prima
1332 1950 1659 1998 Adjutrix,sexu'cm
1677 1953 1758 1996 pia,
1776 1947 1908 1994 sextam
1925 1945 1982 1993 fi-

594 1998 685 2034 delis.

646 2047 800 2084 LEGIO
830 2047 1067 2085 SECUNDA
1082 2075 1092 2092 ‚
1125 2048 1163 2085 in
1181 2048 1378 2086 Britannia.
1397 2048 1517 2084 Tacit.
1536 2049 1629 2085 Hist.
1648 2048 1705 2084 III
1718 2076 1727 2091 ,
1750 2059 1813 2084 22.
1833 2046 1867 2081 A
1884 2044 1977 2082 Dio-

591 2109 638 2134 ne
660 2097 732 2133 loc.
758 2098 817 2134 cit.
849 2098 1130 2148 cognominatur
1155 2100 1313 2147 Augusta.
1350 2099 1394 2135 In
1425 2111 1576 2135 nummo
1611 2097 1768 2135 Caraufii
1807 2094 1904 2132 LEG
1941 2094 1983 2131 11

593 2147 710 2184 AVG.
734 2146 791 2183 De
814 2148 887 2184 hoc
910 2149 1106 2198 ceterisque
1137 2149 1296 2185 Carausii
1324 2149 1479 2185 nummis
1507 2148 1591 2185 vide
1616 2148 1671 2185 Cl.
1693 2145 1889 2195 Stukeley‚
1917 2145 1982 2181 The

595 2197 750 2232 ,Medullic
787 2197 914 2245 History
950 2199 989 2245 of
1009 2199 1179 2247 Caraufius
1203 2201 1357 2246 Emperor
1383 2201 1417 2233 in
1439 2200 1596 2236 Brittain.
1622 2199 1733 2235 Tom.
1755 2198 1773 2233 I
1797 2199 1830 2232 &
1855 2195 1904 2231 II.
1935 2195 1982 2231 In

594 2245 837 2294 Inscriptione
872 2259 1018 2297 quoque
1048 2249 1162 2285 veteri
1187 2249 1283 2298 apud
1308 2248 1487 2286 eruditum
1510 2248 1636 2294 Shaw,
1675 2249 1817 2298 Voyages
1839 2258 1877 2279 en
1900 2245 1982 2280 Bar-

595 2297 700 2338 barie,
717 2296 827 2332 Tom.
847 2296 876 2332 I.
897 2308 978 2345 pag.
1004 2298 1092 2346 263.
1115 2298 1224 2334 LEG.
1248 2300 1300 2335 ΙΙ,
1322 2299 1436 2335 AVG.

648 2345 801 2382 LEGIO
831 2345 1070 2382 SECUNDA
1097 2347 1353 2385 ADJUTRIX
1380 2375 1392 2392 ,
1413 2348 1536 2385 recens
1559 2360 1580 2383 a
1601 2346 1817 2396 Vespasiano
1845 2347 1881 2381 in
1905 2342 1983 2380 bel-

592 2395 636 2434 lis
670 2394 838 2433 civilibus
869 2395 1084 2448 conscripta.
1119 2396 1239 2434 Tacit.
1265 2397 1359 2435 Hist.
1382 2398 1457 2444 IV,
1484 2399 1545 2435 68.
1568 2399 1603 2434 &
1629 2397 1687 2442 V,
1719 2397 1777 2433 16.
1802 2395 1982 2446 Spartian-

1941 2468 1983 2510 in
