2230 3047
107 842 156 867 10

106 1155 154 1194 15

100 1474 157 1500 20

339 176 812 220 HISTORIARUM
850 175 1044 216 LIBER
1085 175 1377 218 TERTIUS.
1487 191 1566 227 197

183 272 326 300 mare»
339 261 466 316 .Saepe
483 257 797 313 domicongressi
810 287 823 308 ,
837 256 1174 313 postremoinaede
1192 257 1394 312 Apollinis
1414 258 1566 307 ¹‚utfa-
1591 270 1706 319 Ξ

183 338 247 363 rna
276 323 378 374 fuit,
409 324 598 379 pepigere
627 327 654 362 ².
681 321 814 362 Verba
841 319 1040 372 vocesque
1069 318 1169 359 duos
1198 322 1311 361 testes
1340 321 1565 371 habebant,
1593 306 1705 384 ’ἓξὲξ

183 385 375 425 Cluvium
392 387 545 427 Rufum
566 391 574 413 ³
596 390 636 426 &
652 383 796 425 Silium
812 382 1011 423 Italicum.
1028 380 1174 423 Vultus
1192 383 1333 436 procul
1350 384 1568 425 visentibus
1618 410 1639 434 J·
1654 376 1685 434 C:

185 448 453 495 notabantur-3
475 447 636 490 Vitellii
656 445 852 503 projci-ius
877 450 916 486 &
941 445 1140 500 degener,
1167 444 1336 486 Sabinus
1353 462 1435 487 non
1450 447 1569 487 insul—
1622 462 1674 495 69.

184 524 272 551 tans
286 542 299 562 ,
327 516 366 553 ὃς
384 512 584 551 miseranti
602 511 778 566 propior.

249 575 419 617 LXVI.
454 575 605 628 QUOD
628 573 653 611 fi
678 587 758 612 tam
773 572 892 613 facil&¹
911 573 1071 612 suorum
1088 584 1240 612 mentes
1256 572 1424 613 flexiffet
1443 574 1569 616 Vitel-

185 636 262 678 lius
276 667 289 688 ,
313 636 429 691 quam
446 637 529 692 ipse
553 636 740 686 cesserat,
765 637 1017 676 incruentam
1035 635 1183 675 Urbem
1204 635 1433 691 Vespasiani
1456 653 1570 678 exer-

186 702 289 741 citus
310 700 496 741 intrass'et.
512 699 726 749 Ceterum,
751 712 797 739 ut
813 699 976 753 quisque
1006 698 1176 739 Vitellio
1202 699 1327 748 fidus,
1354 701 1407 740 ita
1431 715 1571 755 pacem

186 767 227 803 &
243 764 498 804 conditiones
516 761 769 812 abnuebant,
793 779 813 798 (ε
837 761 1051 802 discrimen
1067 777 1112 802 ac
1133 762 1306 803 dedecus
1327 779 1348 798 >›
1373 764 1574 804 ostentan-

186 839 244 867 tes
257 856 271 876 ‚
296 843 317 863 «
338 830 378 867 ὅ(
393 826 513 866 fidem
529 827 570 865 in
585 824 752 865 libidine
767 826 940 865 νὶξὶοῑίε.
956 827 1049 865 Nec
1075 838 1226 865 tantam
1249 825 1489 881 Vespasiano
1512 827 1574 866 su-

185 906 207 927 »
218 888 395 945 perbiam
405 920 418 940 ‚
436 902 481 929 ut
495 890 693 945 privatum
707 887 921 929 Vitellium
935 902 1135 943 pateretur
1150 893 1184 928 4:
1206 903 1255 929 ne
1268 890 1394 930 vfflos
1410 890 1571 944 quidem

185 969 207 990 >2
218 952 381 994 laturos.
401 953 462 992 Ita
477 951 701 1008 periculum
717 966 767 992 ex
784 950 1068 992 misericordia.
1086 952 1220 1007 Ipsum
1242 952 1331 992 sane
1348 953 1481 994 senem
1495 984 1508 1004 ‚
1533 958 1575 994 ὅζ

184 1016 414 1072 »prosperis
438 1015 683 1069 adversisque
703 1015 900 1056 satiatum.
923 1014 1003 1055 Sed
1025 1015 1133 1069 quod
1155 1030 1302 1056 nomen
1317 1045 1331 1066 ,
1358 1032 1476 1071 quem
1500 1018 1575 1058 sta-

185 1092 304 1120 »tum
321 1078 405 1120 filio
432 1077 516 1131 ejus
534 1079 781 1119 Germanico
806 1083 818 1109 5
842 1078 956 1118 fore?
985 1080 1109 1119 Nunc
1132 1081 1343 1134 pecuniam
1358 1110 1371 1131 ,
1397 1084 1437 1121 ὅ(
1458 1081 1574 1122 fami-

186 1141 314 1182 »liam
334 1141 352 1164 ⁶
364 1172 378 1192 ,
403 1146 442 1182 ὅ(
457 1141 594 1182 beatos
611 1142 838 1198 Campania:
854 1141 955 1182 finus
972 1142 1171 1197 promitti:
1194 1141 1262 1182 sed
1277 1143 1345 1183 ubi
1360 1146 1573 1200 imperium

185 1205 478 1261 »Vespasianus
494 1205 680 1245 invaserit
695 1235 706 1254 ,
735 1220 817 1245 non
834 1205 928 1266 ipsi,
955 1219 1037 1245 non
1063 1206 1200 1245 amicis
1223 1204 1333 1257 ejus,
1357 1223 1439 1248 non
1462 1208 1572 1248 deni-

185 1285 208 1306 »
219 1283 295 1323 que
308 1267 549 1310 exercitibus
564 1268 838 1319 securitatem,
856 1267 925 1307 nisi
940 1269 1130 1308 exstin&o
1143 1268 1329 1309 aemulatu
1343 1271 1573 1312 redituram.

185 1331 386 1373 »Fabium
404 1330 483 1372 illis
499 1322 741 1382 Valeniem‚
767 1332 971 1387 captivum
1001 1335 1041 1371 &c
1064 1330 1213 1372 casibus
1241 1331 1369 1373 dubiis
1399 1334 1576 1375 reserva·

184 1409 325 1446 >›t·um‚
348 1410 590 1451 praegravem
604 1394 716 1434 fuisse
740 1400 778 1445 ⁷,
798 1394 945 1435 nedum
961 1395 1115 1435 Primus
1132 1410 1179 1435 ac
1192 1396 1364 1446 Fuscus,
1386 1401 1426 1437 ὅ(
1443 1396 1574 1453 speci-

185 1474 310 1500 »men
324 1459 496 1515 partium
511 1459 747 1508 Mucianus,
763 1456 889 1498 ullam
905 1459 946 1498 in
963 1457 1177 1500 Vitellium
1195 1455 1228 1509 3,
1250 1459 1321 1498 nifi
1338 1460 1552 1501 occidendi
1562 1472 1578 1511 ,'

186 1521 427 1564 »licentiam
438 1520 623 1562 habeant.
638 1522 736 1561 Non
751 1536 771 1561 a
785 1520 936 1562 Caesare
950 1522 1210 1576 Pompeium,
1230 1537 1313 1562 non
1332 1522 1378 1563 ab
1395 1524 1576 1578 Augusto

187 1586 445 1626 »Antonium
462 1583 687 1626 incolumes
707 1583 884 1625 relictos:
913 1585 980 1624 nifi
1007 1584 1111 1624 forte
1131 1585 1392 1641 Vespasianus
1415 1586 1577 1628 alti0res

188 1649 378 1706 »spiritus
395 1661 529 1705 gerat,
544 1646 704 1689 Vitellii
721 1646 846 1689 cliens
865 1653 897 1699 9,
917 1650 1007 1689 cum
1025 1646 1216 1689 Vitellius
1236 1653 1269 1671 ¹0
1285 1648 1446 1704 collega
1460 1649 1576 1691 Clau-

231 1770 240 1784 ¹
265 1766 299 1795 Iu
322 1776 389 1796 AEna
412 1765 608 1802 Amanus]
632 1765 668 1794 In
690 1771 799 1795 monte
810 1765 862 1794 Pa·
941 1767 955 1784 ⁶
977 1766 1020 1796 Ετ
1042 1765 1227 1801 rammam]
1253 1766 1291 1796 Et
1311 1765 1427 1796 servos.

189 1804 312 1842 latino,
339 1805 501 1844 domoque
518 1804 659 1843 Augusta.
673 1804 753 1835 Vide
776 1803 862 1843 supra
942 1811 955 1830 7
979 1806 1193 1837 PRAEGRAvEM
1215 1815 1314 1835 wissa
1340 1806 1511 1845 ]1deoque
1532 1805 1577 1835 in-

190 1844 264 1876 Hist.
282 1845 312 1882 1,
337 1855 388 1883 27.
901 1843 1064 1875 terfectum
1078 1866 1087 1879 ‚
1102 1853 1135 1874 ut
1148 1843 1284 1874 vidimus
1299 1855 1365 1883 cap.
1378 1848 1430 1875 62.

231 1887 243 1900 ²
268 1884 425 1914 Pmoun
441 1885 454 1921 ]
478 1885 606 1920 Quanto
623 1883 724 1921 pretio
737 1882 862 1921 pepige-
942 1883 952 1903 ⁸
976 1885 1085 1914 Uum
1101 1895 1131 1913 m
1144 1886 1349 1921 Vmfflum]
1370 1885 1454 1914 Bene
1473 1883 1574 1915 adhuc

189 1923 255 1954 tint
272 1923 403 1954 docebit
418 1922 604 1960 Suetonius,
621 1922 789 1953 laudandus
816 1923 863 1952 in·
901 1923 1009 1953 Illussr.
1023 1922 1173 1953 Huetius:
1194 1922 1285 1951 Primo
1298 1947 1306 1956 ,
1330 1922 1430 1961 Fufio,
1451 1923 1480 1952 [r
1506 1923 1576 1951 Mu·

193 1962 242 1994 fri
267 1972 334 2002 cap.
357 1966 406 2000 67.
427 1970 496 1993 not.
511 1965 540 1992 6.
902 1963 981 1991 clano
994 1972 1047 1991 non
1066 1961 1309 1999 dabitur-firmarii
1323 1962 1430 1993 Vitellii
1440 1962 1573 2002 potestas,

232 2007 243 2028 ³
267 2003 421 2034 vaium
439 2003 552 2032 Rurum
572 2006 583 2036 ]
610 2001 771 2032 Laudatur
789 2001 862 2031 Hist.
893 2001 944 2041 sed
960 2003 1067 2031 tamum
1090 2000 1239 2031 occidendi.

192 2042 227 2077 1,
253 2043 270 2071 8
286 2041 400 2077 &1v,
415 2051 464 2079 43.
489 2042 535 2071 De
558 2041 636 2071 Silio
665 2041 776 2071 Italico
797 2041 864 2071 dic·
942 2047 954 2065 ⁹
978 2043 1120 2071 Vnam
1152 2051 1255 2071 CLII-:NS
1274 2043 1287 2079 ]
1315 2041 1460 2078 Vitellii,
1485 2042 1576 2071 Clau-

192 2088 260 2110 tum
293 2080 327 2110 in
358 2081 582 2120 Supplemento
610 2080 724 2110 Annal.
752 2081 779 2109 X
793 2082 863 2117 VI,
904 2080 957 2111 dio
978 2079 1139 2119 Principe,
1157 2081 1367 2119 praepotentis.
1381 2080 1430 2110 Sic
1451 2082 1485 2111 ὅ(
1501 2082 1577 2110 Nar-

238 2141 245 2148 .
904 2120 964 2150 ciffi
986 2119 1082 2158 gratia
1100 2119 1166 2149 usus
1182 2120 1221 2149 est
1236 2120 1432 2159 Vespasianus
1447 2144 1455 2157 ,
1471 2128 1504 2150 ut
1526 2120 1577 2149 vi—

234 2163 249 2182 4
269 2158 459 2189 paramum
476 2160 583 2196 ]Vere
598 2158 706 2188 Illustr.
718 2157 864 2188 Huctius:
905 2160 978 2189 dere
1003 2159 1043 2189 est
1057 2159 1137 2197 apud
1157 2160 1287 2189 Sueton.
1305 2159 1338 2189 in
1362 2159 1482 2197 vespas.
1505 2161 1559 2190 lv„

195 2196 379 2236 Vestrafianus
399 2198 515 2236 confidet
532 2198 623 2235 potius
634 2197 781 2236 fheuritati
794 2221 803 2234 ,
820 2196 867 2227 Vi·
948 2204 974 2217 ¹0
997 2199 1072 2228 Cum
1095 2200 1261 2229 Vrtur-ius
1284 2200 1298 2237 ]
1323 2199 1395 2229 Haec
1424 2198 1505 2229 fort&
1526 2209 1578 2228 rc-

193 2236 267 2266 tellio
279 2237 360 2276 occiso
373 2260 381 2273 ,
396 2238 474 2275 qudm
482 2236 579 2276 glorioe
589 2234 725 2275 ‚ftrvaiffi
738 2236 789 2265 Sin
805 2235 833 2266 V
833 2237 867 2274 es-
906 2238 1045 2268 dundant
1057 2261 1065 2274 ‚
1088 2238 1146 2267 cam
1171 2237 1301 2267 Vitellius
1325 2238 1428 2277 collega
1459 2237 1577 2266 Claudio

135 2310 139 2316 Ι
190 2275 323 2316 pastanus
335 2276 449 2321 [efflare
464 2276 552 2311 velim
570 2276 634 2305 wiell
658 2284 764 2304 tantum
787 2274 868 2304 dede·
898 2277 981 2314 foret.
1012 2278 1104 2307 Certe
1133 2277 1355 2307 Cornelianam
1386 2277 1576 2307 brevitatem

194 2326 242 2345 cus
256 2326 311 2344 non
325 2325 467 2353 patientur
479 2340 488 2352 ,
506 2315 535 2345 ὓ·
559 2314 703 2346 Vitellium
718 2314 841 2345 occident
856 2337 865 2351 ‚
906 2316 1036 2347 minime
1059 2315 1188 2355 sapiunt.
1204 2317 1239 2346 Id
1269 2327 1397 2355 quoque
1418 2316 1523 2354 Lipsso
1544 2318 1578 2346 «Sc

195 2354 392 2394 utsubducam
410 2354 542 2392 infamioe.
606 2381 608 2383 .
907 2356 1032 2386 Ernesto
1055 2356 1319 2386 observatum&
1340 2355 1459 2386 Vitellii
1474 2354 1580 2384 censu-

197 2395 465 2474 Hihquzmssmco
479 2397 492 2433 ]
508 2396 576 2427 Jam
587 2402 764 2426 memorato
781 2393 867 2433 supra
909 2395 994 2466 3:21&
1013 2395 1223 2427 consulatibus
1245 2395 1360 2426 dictum
1378 2395 1444 2425 satis
1466 2394 1580 2424 Annal-

264 2455 272 2465 Ι
322 2457 331 2474 ,
392 2455 401 2466 0
957 2456 964 2465 1
