2230 3047
448 322 479 345 A.
492 322 521 344 U.
533 321 563 344 C.

471 356 541 394 82'2.

474 421 498 443 J.
509 421 540 444 C.

482 467 533 498 69.

589 200 640 238 52
844 184 892 223 C.
958 181 1373 224 CORNELII
1429 179 1725 221 TACITI

585 265 762 317 cituique
777 292 789 313 ,
815 278 933 316 quem
953 264 993 304 in
1010 262 1163 303 bellum
1183 262 1325 317 agebat
1340 291 1351 311 ,
1382 260 1467 315 ipso
1485 258 1738 314 profectionis
1753 257 1838 308 die,
1861 258 1967 312 aqui-

585 329 623 368 la
648 333 655 348 ¹
683 325 764 366 leni
784 340 917 366 meatu
931 355 945 376 ,
971 339 1089 381 prout
1110 340 1253 380 agmen
1274 323 1502 371 incederet,
1525 319 1637 361 velut
1653 320 1734 360 dux
1752 321 1848 369 viae,
1872 335 1968 376 prae-

586 388 761 430 volavit:
789 388 1036 444 longumque
1059 403 1126 444 per
1148 389 1317 443 spatium
1333 415 1346 436 ,
1370 387 1400 426 is
1416 383 1676 439 gaudentium
1696 382 1870 423 militum
1891 382 1967 423 cla-

587 467 674 493 mor
688 481 701 502 ,
729 466 774 492 ea
792 453 902 505 quies
924 452 1108 492 interritae
1131 450 1234 490 alitis
1254 449 1329 489 fuit
1342 478 1355 499 ,
1381 462 1425 488 ut
1448 446 1553 488 haud
1571 445 1738 486 dubium
1757 460 1907 500 magnae
1925 450 1967 487 &

588 515 782 571 prosperae
804 516 860 554 rei
887 529 1006 555 omen
1032 515 1293 569 acciperetur.

653 577 828 617 LXIII.
862 577 930 616 Er
962 577 1160 616 Treveros
1193 575 1378 629 quidem,
1405 588 1449 615 ut
1472 574 1630 623 socios,
1660 572 1787 613 securi
1824 571 1967 612 adiere.

588 640 792 681 Divoduri
813 644 825 660 ²
848 644 859 689 (
879 639 1285 680 Mediomatricorum
1309 642 1319 665 ³
1345 637 1386 677 id
1407 636 1601 693 oppidum
1623 636 1675 675 est
1696 639 1707 685 )
1731 649 1971 688 quamquam

589 705 700 744 omni
715 704 904 744 comitate
919 715 1110 757 exceptos
1120 731 1132 750 ,
1148 700 1296 741 subitus
1312 715 1434 755 pavor
1447 700 1658 748 exterruit,
1672 699 1792 753 raptis
1806 697 1970 753 repente

590 768 707 807 armis
724 796 736 816 ‚
757 766 805 806 ad
820 766 967 806 caedem
993 765 1164 804 innoxiae
1185 764 1386 809 civitati33
1410 777 1494 802 non
1516 761 1567 802 ob
1589 761 1779 817 praedam,
1802 774 1869 801 aut
1885 760 1971 816 spo-

588 828 714 870 liandi
729 829 916 883 cupidine
932 858 945 878 ,
968 827 1034 867 sed
1049 827 1183 867 furore
1207 830 1246 866 &
1272 825 1379 866 rabie
1394 855 1405 874 ‚
1432 829 1472 865 ὃς
1493 824 1613 865 causis
1632 825 1794 864 incertis
1808 854 1820 874 ,
1841 823 1970 876 eo'que

592 890 885 932 difficilioribus
905 889 1114 935 remediis;
1137 889 1268 929 donec
1291 887 1474 944 precibus
1490 887 1602 927 ducis
1621 887 1818 940 mitigati,
1840 885 1887 926 ab
1909 899 1973 926 ex-

592 955 701 996 cidio
722 954 894 994 civitatis
913 966 1184 1008 temperavere
1200 965 1210 998 3
1238 951 1333 992 caesa
1352 964 1485 991 tamen
1500 950 1547 990 ad
1570 963 1739 1003 quatuor
1762 947 1888 988 millia
1904 950 1975 988 ho-

591 1019 759 1057 minum.
781 1017 898 1070 Isque
919 1030 1044 1056 terror
1070 1013 1222 1054 Gallias
1243 1013 1381 1061 invasit
1397 1043 1410 1063 ‚
1436 1026 1480 1053 ut
1506 1013 1684 1053 venienti
1707 1026 1802 1052 mox
1823 1012 1974 1066 agmini

590 1079 780 1120 universae
804 1081 1011 1127 civitates,
1038 1093 1130 1118 cum
1156 1075 1442 1131 magistratibus
1467 1079 1507 1115 ὅ(
1545 1074 1728 1131 precibus
1744 1104 1757 1124 ‚
1785 1088 1973 1116 occurre-

593 1156 683 1183 rent
697 1172 709 1191 ‚
738 1143 862 1182 stratis
895 1157 964 1197 per
990 1141 1072 1181 vias
1105 1141 1235 1195 pueris
1268 1138 1504 1191 feminisque
1519 1152 1537 1183 ς,
1559 1152 1720 1192 quaeque
1741 1136 1816 1178 alia
1837 1136 1971 1193 placa-

593 1218 729 1245 menta
753 1210 772 1232 4
791 1205 942 1245 hostilis
963 1205 1026 1243 irae
1042 1233 1056 1255 ‚
1082 1218 1166 1244 non
1186 1202 1346 1258 quidem
1368 1202 1410 1241 in
1429 1199 1538 1241 bello
1552 1230 1565 1252 ,
1590 1201 1658 1241 sed
1678 1216 1752 1257 pro
1770 1215 1868 1256 pace
1886 1214 1973 1242 ten-

596 1267 802 1308 debantur.

655 1331 828 1373 LXIV.
862 1331 1115 1370 NUNTIUM
1139 1329 1188 1370 de
1211 1329 1315 1370 caede
1339 1327 1503 1378 Galbae,
1528 1327 1756 1383 &imperio
1776 1328 1976 1378 Othonis,

593 1393 740 1436 Fabius
762 1391 912 1435 Valens
934 1394 977 1432 in
1005 1394 1168 1433 civitate
1193 1393 1421 1433 Leucorum
1452 1396 1464 1422 5
1495 1392 1664 1446 accepit.
1687 1393 1780 1431 Nec
1800 1390 1975 1431 militum

595 1458 749 1497 animus
770 1458 810 1496 in
831 1456 1043 1510 gaudium,
1064 1470 1130 1496 aut
1149 1455 1405 1496 formidinem
1421 1468 1644 1510 permotus:
1666 1452 1817 1494 bellum
1836 1453 1976 1494 volve-

595 1518 675 1559 bat.
698 1518 828 1560 Gallis
852 1519 1052 1559 cunthtio
1079 1532 1292 1574 exempta,
1322 1522 1361 1559 ὅ(
1394 1519 1435 1557 in
1461 1518 1671 1557 Othonem
1697 1532 1743 1557 ac
1762 1516 1976 1558 Vitellium

596 1582 735 1622 odium
755 1598 847 1638 par,
871 1596 921 1621 ex
945 1580 1117 1623 Vitellio
1140 1586 1181 1622 &
1204 1594 1345 1622 metus.
1365 1581 1550 1621 Proxima
1580 1580 1815 1634 Lingonum
1836 1580 1978 1621 civitas

596 1658 704 1695 erat,
726 1645 803 1685 fida
827 1644 1022 1700 partibus:
1046 1643 1221 1699 benigne
1241 1645 1426 1699 excepti,
1449 1640 1638 1684 modesti&
1657 1656 1882 1683 certavere:
1909 1643 1978 1684 sed

596 1707 727 1748 brevis
742 1707 877 1749 laetitia
890 1708 966 1747 fuit
979 1737 992 1757 ,
1014 1709 1246 1748 cohortium
1259 1707 1497 1762 intemperie
1511 1735 1524 1756 ,
1540 1721 1632 1760 quas
1650 1721 1672 1746 a
1690 1705 1852 1760 legione
1868 1721 1979 1759 quar-

596 1769 794 1812 tadecimfi
806 1800 820 1822 ,
848 1783 892 1811 ut
910 1768 1024 1826 supr&
1044 1772 1351 1811 memoravimus
1374 1769 1391 1791 ⁶
1404 1798 1418 1820 ‚
1449 1769 1633 1824 digressas
1646 1799 1659 1819 ‚
1680 1770 1875 1810 exercitui
1905 1769 1977 1811 suo

597 1918 689 1953 XIII,
705 1927 790 1948 num.
812 1927 837 1954 3-
857 1923 960 1947 nno-t.
973 1924 1061 1947 ογῐτ.
1077 1924 1172 1947 ΚΑιΣ.
1194 1925 1268 1948 ΣΕΒ.

597 1964 695 1986 ΓΕΡΜ.
706 1964 783 1986 ΑΥΤ.
792 1957 827 1986 ld
838 1957 888 1992 est,
898 1956 963 1985 Auli
971 1957 1077 1987 Wrellii
1087 1957 1202 1995 Caesaris
1211 1957 1269 1986 Au-

592 1995 664 2034 gusti
686 1996 846 2025 Germanici
861 1995 1053 2032 Imperatoris:
1067 2005 1158 2035 caput
1171 1996 1269 2027 Vitel-

597 2035 634 2064 lii
651 2035 837 2073 laureatum„
859 2036 905 2064 Ex
930 2035 1036 2066 avers&
1052 2044 1136 2073 parte
1148 2059 1157 2070 ,
1181 2037 1206 2065 L
1220 2038 1245 2065 A
1259 2059 1267 2071 ,

597 2074 631 2103 id
656 2075 695 2104 est
716 2085 788 2103 anno
806 2074 912 2110 primo:
936 2075 1075 2105 Victoria
1096 2075 1171 2104 flans
1189 2075 1267 2104 dex-

1307 1916 1481 1948 Archiduce
1526 1916 1684 1947 Cardinali
1709 1939 1718 1953 ‚
1765 1915 1976 1953 praevolavere

1307 1957 1417 2000 aquiiae
1430 1968 1438 1994 3
1455 1964 1489 2000 ut
1507 1956 1614 1986 videre
1630 1956 1670 1986 est
1683 1956 1716 1985 in
1728 1953 1831 1992 Pompa
1842 1954 1977 1984 Imminu-

1307 1995 1585 2072 Fesdissiffiiuffigj
1602 2005 1709 2064 iiodie
1727 2032 1817 2072 Meq.

597 2112 644 2143 πᾶ
666 2124 840 2149 coronam,
863 2113 940 2142 laevzi
971 2114 1073 2144 oleam
1099 2122 1196 2144 tenet.
1224 2113 1266 2143 Ni

599 2151 723 2182 fortass'e
739 2153 823 2182 cusus
837 2151 870 2182 fit
882 2152 931 2182 hic
948 2163 1091 2182 nummus
1106 2176 1114 2189 ,
1129 2155 1200 2183 curn
1211 2153 1267 2182 Vi-

597 2191 723 2228 tellius,
752 2191 967 2230 superstitione
991 2193 1117 2228 duetus,
1148 2202 1266 2222 nomen

598 2230 722 2260 Caesaris
752 2231 854 2267 postea
879 2231 1054 2269 usurpavit,
1081 2240 1114 2261 ut
1147 2231 1267 2262 dicetur

597 2268 679 2299 infr&
700 2270 774 2299 Hist.
795 2271 859 2304 111,
885 2272 934 2308 58.

638 2314 645 2327 ¹
671 2310 820 2343 AQuuA]
853 2309 900 2338 De
930 2307 986 2339 hac
1009 2309 1181 2348 aquilarum
1202 2308 1267 2346 spe-

595 2347 643 2377 cie
661 2347 794 2378 diximus
814 2347 901 2386 supr&
925 2349 1037 2378 Annal.
1055 2350 1102 2384 11,
1126 2358 1174 2385 17.
1197 2356 1264 2378 not.

593 2397 625 2425 7.
643 2387 745 2430 Postea
758 2397 884 2425 quoque
899 2386 934 2417 in
949 2388 1039 2418 bellis
1054 2386 1264 2424 Germanicis,

594 2426 724 2458 ducrbus
755 2427 872 2458 Carolo
902 2429 951 2465 V,
973 2427 1007 2460 δε
1038 2426 1264 2465 Ferdinando,

1348 2080 1357 2100 3
1382 2073 1735 2108 Memomirmconum]
1760 2071 1975 2102 Mediomatri-

1306 2113 1355 2180 Ξῖ,
1376 2123 1459 2143 nunc
1475 2112 1514 2141 les
1534 2112 1648 2151 diocests
1660 2111 1692 2140 de
1712 2110 1789 2151 Metz
1806 2110 1836 2139 Εν
1852 2109 1884 2139 de
1904 2110 1976 2140 Ver-

1325 2162 1371 2182 ιιη.

1344 2197 1359 2215 ⁴
1380 2192 1591 2221 haemmi
1607 2192 1620 2228 ]
1634 2189 1817 2220 Velamenta
1828 2212 1836 2225 ‚
1851 2189 1974 2224 infulae,

1307 2230 1340 2260 ὃ(
1360 2240 1489 2269 quaeque
1501 2230 1560 2260 alia
1572 2229 1689 2259 hostilis
1702 2228 1752 2259 irae
1763 2229 1952 2267 placamenta
1964 2251 1974 2264 ‚

1307 2268 1358 2299 etfi
1380 2269 1497 2299 bellum
1527 2278 1594 2299 non
1615 2268 1716 2302 foret,
1743 2278 1798 2306 pro
1826 2277 1899 2306 pace
1928 2277 1977 2297 ta·

1305 2318 1378 2338 men
1397 2309 1615 2338 tendebantur.
1634 2307 1714 2337 Vide
1735 2306 1813 2336 infra
1835 2316 1899 2344 cap.
1923 2310 1975 2336 66.

1346 2352 1354 2373 5
1379 2348 1543 2378 (ΣινιτΑτε
1574 2349 1754 2377 Lzucoiwn
1783 2350 1794 2380 ]
1828 2346 1921 2376 Nunc
1949 2345 1976 2374 le

1306 2385 1406 2423 diocese
1427 2385 1459 2414 de
1474 2385 1551 2415 Toul.

1345 2426 1358 2446 ⁶
1378 2426 1631 2460 Mrmomvnws
1653 2425 1669 2462 ]
1690 2424 1786 2463 Supra
1809 2433 1874 2462 cap.
1903 2433 1957 2462 59,

1994 518 2015 556 5

2004 842 2054 868 10

2005 1145 2052 1183 15

2002 1469 2058 1495 20
