2209 3047
319 169 790 212 HisTORrARUM
830 168 1028 210 LIBER
1063 168 1377 224 QUARTUS.
1459 185 1541 221 233

164 250 362 292 »hiberna
379 265 604 307 repeterent
620 269 661 292 ³).
680 250 840 292 Subeffe
868 249 1047 290 fraudem
1075 250 1241 291 consilio
1256 282 1268 301 ‚
1296 256 1335 291 ὃ(
1358 251 1547 306 dispersas

169 317 358 355 cohortes
374 315 528 355 facilius
557 316 753 370 opprimi,
782 328 856 354 nec
871 314 1120 353 Brinnonem
1137 314 1282 353 ducem
1309 313 1392 366 ejus
1421 314 1548 363 belli,

169 378 235 418 sed
253 377 429 418 Civilem
445 378 540 427 effe,
562 380 704 433 patuit:
727 375 1024 432 erumpentibus
1039 374 1245 431 paullatim
1262 378 1442 426 indiciis,
1465 392 1547 431 qua:

170 442 389 490 Germani,
415 440 503 480 laeta
519 439 627 481 bello
644 455 740 494 gens
753 470 766 489 ‚
790 455 870 480 non
887 440 955 480 diu
971 438 1287 480 occultaverant.
1306 440 1381 479 Ubi
1406 441 1548 480 insidiae

118 519 140 559 5
169 518 306 559 parum
337 503 506 553 cessere,
536 503 584 543 ad
613 505 694 543 vim
726 503 1005 557 transgressus,
1028 501 1339 551 Canninefates,
1372 503 1512 544 Frisios
1535 532 1550 553 ,

169 566 342 608 Batavos
357 568 526 622 propriis
541 567 678 606 cuneis
698 571 707 586 ¹
727 567 959 621 componit:
981 565 1125 605 diretsta
1141 579 1190 603 ex
1206 564 1362 604 diverso
1379 567 1482 606 acies
1506 570 1519 586 ²
1536 595 1550 616 ,

169 631 275 670 haud
295 628 437 686 procul
455 645 476 670 a
492 630 655 668 flumine
671 629 821 669 Rheno
834 659 847 678 ,
874 633 913 668 ὃς
931 628 1102 669 obversis
1122 628 1163 666 in
1183 629 1336 667 hostem
1356 628 1520 669 navibus
1538 658 1551 678 ,

171 708 291 746 quas,
328 692 495 732 incensis
529 690 722 741 castellis,
745 690 844 732 illuc
873 691 1128 747 appulerant:
1157 705 1231 731 nec
1259 691 1328 731 diu
1358 704 1509 731 certato
1537 721 1551 740 ,

170 756 429 809 Tungrorum
449 760 458 782 ³
479 756 624 795 cohors
654 755 760 808 signa
787 755 835 794 ad
866 753 1039 794 Civilem
1067 753 1284 793 transtulit:
1306 753 1553 809 perculsique

95 834 144 860 10
172 817 318 858 milites
333 816 550 874 improvisa
567 818 794 872 proditione
811 847 823 867 ,
847 832 867 857 a
886 817 1003 857 sociis
1020 816 1272 870 hostibusque
1289 816 1551 858 caedebantur.

169 881 320 922 Eadem
337 882 458 921 etiam
473 880 639 921 navibus
660 880 834 936 perfidia.
851 881 942 920 Pars
970 881 1167 934 remigum
1193 895 1214 920 e
1241 880 1400 921 Batavis
1416 910 1428 931 ,
1453 893 1554 920 tam-

172 959 291 999 quam
308 943 505 1000 imperitia
518 975 531 995 ,
553 943 687 984 officia
703 957 911 984 nautarum
928 956 1351 999 propugnatorumque
1366 943 1555 999 impedie-

172 1008 289 1049 bant:
312 1022 408 1048 mox
425 1006 564 1048 contra
579 1007 742 1048 tendere
756 1037 769 1057 ,
791 1011 830 1048 &
848 1021 998 1062 puppes
1019 1005 1151 1046 hostili
1171 1007 1262 1061 ripae
1286 1005 1482 1058 objicere:
1505 1006 1553 1047 ad

172 1072 413 1127 postremum
430 1070 714 1126 gubernatores
732 1070 1085 1123 centurionesque,
1106 1069 1175 1108 nist
1189 1070 1326 1110 eadem
1344 1069 1527 1110 volentes
1540 1099 1554 1119 ‚

98 1142 144 1182 15
172 1134 399 1185 trucidant,
421 1135 551 1175 donec
568 1134 749 1174 universa
777 1147 946 1188 quatuor
971 1137 1012 1173 ὅ(
1038 1134 1183 1187 viginti
1209 1135 1372 1174 navium
1401 1131 1524 1175 claffis
1540 1162 1554 1184 ,

173 1198 441 1253 transfugeret
454 1227 465 1247 ‚
492 1211 559 1238 aut
575 1212 794 1253 caperetur.

236 1261 390 1302 XVII.
424 1261 590 1302 CLARA
613 1276 659 1302 ea
684 1262 848 1301 vifitoria
875 1262 916 1300 in
941 1261 1130 1316 praesens,
1157 1261 1197 1301 in
1220 1262 1417 1317 posterum
1445 1261 1553 1301 usui:

173 1340 359 1379 armaque
376 1329 415 1365 ὅ(
433 1340 552 1366 naves
565 1355 577 1375 ,
596 1323 737 1378 quibus
753 1323 986 1378 indigebant
1000 1354 1012 1374 ,
1035 1325 1192 1380 adepti,
1216 1323 1358 1378 magna
1374 1339 1443 1380 per
1458 1326 1556 1364 Ger-

174 1390 324 1430 manias
340 1386 571 1442 Galliasque
586 1387 691 1428 fama
704 1418 717 1437 ‚
747 1405 769 1424 «
788 1386 981 1428 libertatis
999 1389 1174 1428 auctores
1196 1405 1217 1424 ³>
1240 1386 1557 1428 celebrabantur.

93 1468 149 1494 20
176 1452 400 1492 Germaniae
414 1456 432 1480 4
446 1452 570 1492 statim
586 1452 727 1491 misere
741 1450 916 1506 legatos,
934 1449 1082 1491 auxilia
1095 1451 1322 1491 offerentes.
1333 1450 1555 1491 Galliarum

176 1515 431 1565 societatem,
447 1514 590 1556 Civilis
608 1528 689 1555 arte
702 1515 895 1568 donisque
912 1513 1151 1564 adfet‘tabat,
1172 1527 1310 1570 captos
1325 1514 1557 1555 cohortium

177 1578 379 1635 prae'feSmS
397 1578 481 1619 suas
497 1579 538 1618 in
556 1579 739 1619 civitates
757 1583 769 1610 5
787 1577 1048 1618 remittendo:
1072 1577 1327 1627 cohortibus,
1352 1577 1457 1617 abire
1471 1607 1483 1626 ,
1510 1592 1559 1617 an

177 1657 338 1682 manere
355 1640 544 1692 mallent,
565 1641 653 1682 data
671 1642 878 1697 potestate:
897 1639 1169 1690 manentibus,
1185 1642 1380 1680 honorata
1396 1639 1559 1686 militia;

178 1704 513 1760 digredientibus,
531 1704 659 1760 spolia
674 1706 953 1746 Romanorum
972 1703 1253 1745 offerebantur.
1269 1702 1419 1753 Simul,
1438 1703 1561 1743 secre-

98 1786 150 1825 25
180 1770 230 1810 tis
247 1768 493 1809 sermonibus
508 1799 520 1818 ‚
545 1768 786 1809 admonebat
804 1786 824 1805 «
841 1767 1058 1817 malorum,
1076 1782 1158 1821 quae
1172 1779 1232 1807 tot
1248 1768 1358 1807 anniS
1376 1766 1562 1822 perpeffi,

187 1849 209 1869 «
230 1832 411 1872 miseram
440 1832 670 1872 servitutem
692 1831 792 1872 falso
815 1846 954 1887 pacem
981 1844 1186 1871 vocarent.
1206 1830 1404 1879 Batavos,
1431 1844 1563 1883 quam-

179 1911 329 1950 »quam
347 1895 585 1936 tributorum
610 1908 790 1951 expertes
805 1925 817 1945 ,
842 1909 947 1935 arma
964 1908 1104 1935 contra
1121 1908 1354 1935 communes
1374 1893 1562 1933 dominos

182 1959 380 2015 >›cepiffe:
408 1958 532 2015 prima
562 1960 672 2008 acie,
701 1958 830 1998 fusum
853 1959 1079 2011 vi&umque
1108 1959 1361 1998 Romanum:
1393 1955 1513 2010 quid,
1540 1956 1565 1994 si

183 2038 205 2060 >›
218 2021 358 2063 Galliae
371 2021 512 2077 jugum
527 2024 695 2063 exuant?
713 2035 904 2076 quantum
922 2023 961 2061 in
977 2020 1091 2061 Italia
1107 2020 1325 2075 reliquum?
1343 2020 1567 2076 provincia-

100 2102 159 2139 30
185 2100 304 2126 »rum
320 2086 510 2141 sanguine
527 2086 752 2143 provincias
782 2086 912 2126 vinci:
938 2099 987 2125 ne
1003 2084 1186 2125 Vindicis
1212 2086 1340 2125 aciem
1368 2082 1385 2104 ⁶
1413 2084 1567 2137 cogita-

230 2200 238 2214 ¹
265 2195 408 2232 Cumas]
429 2194 475 2224 De
493 2194 538 2224 his
557 2194 663 2225 cuneis
684 2194 788 2226 fronte
804 2205 858 2226 an-
898 2194 957 2224 huc
977 2201 1081 2224 manet
1101 2193 1133 2223 in
1152 2192 1270 2232 oppido
1289 2192 1422 2232 Tongres.

210 2232 393 2267 ustioribus,
418 2233 532 2264 deinde
548 2234 711 2264 latioribus
724 2235 797 2265 vide
813 2235 860 2264 in·
936 2237 951 2256 ⁴
972 2235 1150 2264 GERMAMAE
1171 2237 1181 2267 ]
1210 2232 1342 2263 Inferior
1367 2233 1401 2263 δε
1430 2231 1568 2270 superior

189 2244 236 2304 {ra
256 2272 287 2302 in
310 2272 450 2303 Moribus
473 2273 620 2304 German.
642 2275 693 2304 Vl.
900 2273 1076 2303 Germania.

230 2315 241 2329 ²
264 2314 387 2349 Acras]
410 2312 518 2349 Acies,
546 2320 580 2342 ut
600 2312 742 2348 videtur,
764 2324 860 2344 occu-
943 2317 950 2339 5
975 2314 1051 2342 SUAS
1074 2324 1104 2343 m
1126 2316 1320 2346 ervum-es]
1348 2313 1383 2341 In
1396 2310 1569 2340 Galliarum

193 2350 259 2381 rere
282 2361 378 2390 prope
403 2352 507 2381 locum
526 2375 534 2387 ‚
562 2351 615 2390 qui
644 2363 726 2382 nunc
751 2353 863 2384 dicitur
902 2351 1054 2382 civitates.

194 2389 381 2429 wiltenburg,
411 2390 482 2419 dans
496 2390 560 2431 l'tfle
576 2390 608 2420 de
626 2390 752 2421 Betuwe.
943 2392 956 2410 ⁶
979 2394 1124 2422 mecrs
1148 2393 1265 2428 AchM]
1281 2390 1359 2421 Vide
1371 2389 1574 2429 Supplcmen·

235 2433 245 2455 ³
267 2430 502 2468 Tunoaouum]
523 2432 667 2469 Quorum
682 2441 802 2463 nomen
813 2431 866 2462 ad·
904 2438 970 2463 tum
984 2431 1097 2464 Annal.
1113 2432 1203 2467 XV1‚
1217 2432 1269 2469 78.

319 2474 426 2514 Tom.
441 2476 520 2517 III.
1324 2473 1364 2512 G
1379 2487 1405 2528 g

1566 268 1681 279 --.

1569 300 1597 323 Α.
1611 296 1681 320 U.C.

1591 347 1662 374 322.

1594 398 1617 420 J.
1629 396 1659 419 C.

1601 446 1654 479 69·
