<?xml version="1.0" encoding="UTF-8"?>
<!DOCTYPE html PUBLIC "-//W3C//DTD XHTML 1.0 Transitional//EN"
    "http://www.w3.org/TR/xhtml1/DTD/xhtml1-transitional.dtd">
<html xmlns="http://www.w3.org/1999/xhtml" xml:lang="en" lang="en">
 <head>
  <title>
</title>
<meta http-equiv="Content-Type" content="text/html;charset=utf-8" />
  <meta name='ocr-system' content='tesseract 3.04.00' />
  <meta name='ocr-capabilities' content='ocr_page ocr_carea ocr_par ocr_line ocrx_word'/>
</head>
<body>
  <div class='ocr_page' id='page_1' title='image "./operabro03taciuoft_0077.png"; bbox 0 0 2230 3047; ppageno 0'>
   <div class='ocr_carea' id='block_1_1' title="bbox 156 857 207 884">
    <p class='ocr_par' dir='ltr' id='par_1_1' title="bbox 156 857 207 884">
     <span class='ocr_line' id='line_1_1' title="bbox 156 857 207 884; baseline 0 0"><span class='ocrx_word' id='word_1_1' title='bbox 156 857 207 884; x_wconf 93' lang='lat'>10</span> 
     </span>
    </p>
   </div>
   <div class='ocr_carea' id='block_1_2' title="bbox 155 1170 203 1208">
    <p class='ocr_par' dir='ltr' id='par_1_2' title="bbox 155 1170 203 1208">
     <span class='ocr_line' id='line_1_2' title="bbox 155 1170 203 1208; baseline 0 0"><span class='ocrx_word' id='word_1_2' title='bbox 155 1170 203 1208; x_wconf 89' lang='lat'>15</span> 
     </span>
    </p>
   </div>
   <div class='ocr_carea' id='block_1_3' title="bbox 527 65 543 86">
    <p class='ocr_par' dir='ltr' id='par_1_3' title="bbox 527 65 543 86">
     <span class='ocr_line' id='line_1_3' title="bbox 527 65 543 86; baseline 0 -6"><span class='ocrx_word' id='word_1_3' title='bbox 527 65 543 86; x_wconf 69' lang='lat' dir='ltr'>q</span> 
     </span>
    </p>
   </div>
   <div class='ocr_carea' id='block_1_4' title="bbox 363 193 1615 248">
    <p class='ocr_par' dir='ltr' id='par_1_4' title="bbox 363 193 1615 248">
     <span class='ocr_line' id='line_1_4' title="bbox 363 193 1615 248; baseline 0.002 -12"><span class='ocrx_word' id='word_1_4' title='bbox 363 195 889 237; x_wconf 87' lang='lat' dir='ltr'>HISTORIARUM</span> <span class='ocrx_word' id='word_1_5' title='bbox 926 193 1142 235; x_wconf 88' lang='lat' dir='ltr'><strong>LIBER</strong></span> <span class='ocrx_word' id='word_1_6' title='bbox 1183 197 1463 238; x_wconf 83' lang='lat' dir='ltr'><strong>PRIMUS.</strong></span> <span class='ocrx_word' id='word_1_7' title='bbox 1565 202 1615 248; x_wconf 79' lang='lat'>63</span> 
     </span>
    </p>
   </div>
   <div class='ocr_carea' id='block_1_5' title="bbox 231 275 1626 1407">
    <p class='ocr_par' dir='ltr' id='par_1_5' title="bbox 237 275 1626 838">
     <span class='ocr_line' id='line_1_5' title="bbox 239 275 1626 333; baseline 0.001 -17"><span class='ocrx_word' id='word_1_8' title='bbox 239 291 345 317; x_wconf 89' lang='lat' dir='ltr'>nova</span> <span class='ocrx_word' id='word_1_9' title='bbox 367 275 452 328; x_wconf 87' lang='lat' dir='ltr'>jura</span> <span class='ocrx_word' id='word_1_10' title='bbox 479 277 770 333; x_wconf 80' lang='lat' dir='ltr'>Cappadociae‚</span> <span class='ocrx_word' id='word_1_11' title='bbox 797 291 903 317; x_wconf 90' lang='lat' dir='ltr'>nova</span> <span class='ocrx_word' id='word_1_12' title='bbox 929 275 1101 326; x_wconf 83' lang='lat' dir='ltr'>Africae,</span> <span class='ocrx_word' id='word_1_13' title='bbox 1129 277 1300 317; x_wconf 88' lang='lat' dir='ltr'>ostentui</span> <span class='ocrx_word' id='word_1_14' title='bbox 1328 280 1480 333; x_wconf 81' lang='lat' dir='ltr'>magis,</span> <span class='ocrx_word' id='word_1_15' title='bbox 1509 277 1626 332; x_wconf 64' lang='lat' dir='ltr'>quam</span> 
     </span>
     <span class='ocr_line' id='line_1_6' title="bbox 239 339 1625 395; baseline 0.003 -17"><span class='ocrx_word' id='word_1_16' title='bbox 239 341 434 380; x_wconf 86' lang='lat' dir='ltr'>mansura.</span> <span class='ocrx_word' id='word_1_17' title='bbox 456 341 567 381; x_wconf 81' lang='lat' dir='ltr'>Inter</span> <span class='ocrx_word' id='word_1_18' title='bbox 588 356 670 395; x_wconf 83' lang='lat' dir='ltr'>quoe</span> <span class='ocrx_word' id='word_1_19' title='bbox 684 371 697 391; x_wconf 86' lang='lat'><em>,</em></span> <span class='ocrx_word' id='word_1_20' title='bbox 724 339 950 380; x_wconf 83' lang='lat' dir='ltr'>necessitate</span> <span class='ocrx_word' id='word_1_21' title='bbox 966 339 1215 395; x_wconf 68' lang='lat' dir='ltr'>praesentium</span> <span class='ocrx_word' id='word_1_22' title='bbox 1236 355 1367 380; x_wconf 84' lang='lat' dir='ltr'>rerum</span> <span class='ocrx_word' id='word_1_23' title='bbox 1392 346 1431 382; x_wconf 68' lang='grc' dir='ltr'>ὃς</span> <span class='ocrx_word' id='word_1_24' title='bbox 1449 343 1625 382; x_wconf 84' lang='lat' dir='ltr'>instanti-</span> 
     </span>
     <span class='ocr_line' id='line_1_7' title="bbox 239 402 1624 456; baseline 0.002 -14"><span class='ocrx_word' id='word_1_25' title='bbox 239 402 311 443; x_wconf 87' lang='lat' dir='ltr'>bus</span> <span class='ocrx_word' id='word_1_26' title='bbox 332 405 434 444; x_wconf 89' lang='lat' dir='ltr'>curis</span> <span class='ocrx_word' id='word_1_27' title='bbox 455 404 668 453; x_wconf 87' lang='lat' dir='ltr'>excusata,</span> <span class='ocrx_word' id='word_1_28' title='bbox 690 418 739 443; x_wconf 89' lang='lat' dir='ltr'>ne</span> <span class='ocrx_word' id='word_1_29' title='bbox 755 417 839 443; x_wconf 74' lang='lat' dir='ltr'>tuni</span> <span class='ocrx_word' id='word_1_30' title='bbox 857 403 1018 456; x_wconf 86' lang='lat' dir='ltr'>quidem</span> <span class='ocrx_word' id='word_1_31' title='bbox 1040 404 1253 443; x_wconf 83' lang='lat' dir='ltr'>immemor</span> <span class='ocrx_word' id='word_1_32' title='bbox 1282 419 1461 443; x_wconf 82' lang='lat' dir='ltr'>amorum</span> <span class='ocrx_word' id='word_1_33' title='bbox 1489 411 1497 427; x_wconf 88' lang='lat'>¹</span> <span class='ocrx_word' id='word_1_34' title='bbox 1517 436 1529 455; x_wconf 82' lang='lat'>‚</span> <span class='ocrx_word' id='word_1_35' title='bbox 1555 407 1624 446; x_wconf 85' lang='lat' dir='ltr'>sta-</span> 
     </span>
     <span class='ocr_line' id='line_1_8' title="bbox 237 465 1623 522; baseline 0.001 -16"><span class='ocrx_word' id='word_1_36' title='bbox 237 478 325 506; x_wconf 84' lang='lat' dir='ltr'>tuas</span> <span class='ocrx_word' id='word_1_37' title='bbox 344 467 519 522; x_wconf 84' lang='lat' dir='ltr'>Poppaeae</span> <span class='ocrx_word' id='word_1_38' title='bbox 535 481 604 522; x_wconf 86' lang='lat' dir='ltr'>per</span> <span class='ocrx_word' id='word_1_39' title='bbox 619 465 1007 506; x_wconf 85' lang='lat' dir='ltr'>senatusconsultum</span> <span class='ocrx_word' id='word_1_40' title='bbox 1023 467 1214 522; x_wconf 88' lang='lat' dir='ltr'>reposuit.</span> <span class='ocrx_word' id='word_1_41' title='bbox 1231 466 1417 508; x_wconf 81' lang='lat' dir='ltr'>Creditus</span> <span class='ocrx_word' id='word_1_42' title='bbox 1434 469 1486 507; x_wconf 89' lang='lat' dir='ltr'>est</span> <span class='ocrx_word' id='word_1_43' title='bbox 1502 471 1623 510; x_wconf 87' lang='lat' dir='ltr'>etiam</span> 
     </span>
     <span class='ocr_line' id='line_1_9' title="bbox 238 528 1622 585; baseline 0.001 -16"><span class='ocrx_word' id='word_1_44' title='bbox 238 528 287 569; x_wconf 88' lang='lat' dir='ltr'>de</span> <span class='ocrx_word' id='word_1_45' title='bbox 308 528 545 570; x_wconf 63' lang='lat' dir='ltr'>celebranda</span> <span class='ocrx_word' id='word_1_46' title='bbox 567 531 745 570; x_wconf 88' lang='lat' dir='ltr'>Neronis</span> <span class='ocrx_word' id='word_1_47' title='bbox 771 528 965 570; x_wconf 60' lang='lat' dir='ltr'>memoria</span> <span class='ocrx_word' id='word_1_48' title='bbox 987 529 1190 584; x_wconf 81' lang='lat' dir='ltr'>agitavisse</span> <span class='ocrx_word' id='word_1_49' title='bbox 1206 559 1219 580; x_wconf 86' lang='grc'>,</span> <span class='ocrx_word' id='word_1_50' title='bbox 1241 530 1308 585; x_wconf 84' lang='lat' dir='ltr'>spe</span> <span class='ocrx_word' id='word_1_51' title='bbox 1335 530 1502 584; x_wconf 79' lang='lat' dir='ltr'>vulgum</span> <span class='ocrx_word' id='word_1_52' title='bbox 1533 531 1622 572; x_wconf 83' lang='lat' dir='ltr'>alli—</span> 
     </span>
     <span class='ocr_line' id='line_1_10' title="bbox 239 592 1624 649; baseline 0.003 -17"><span class='ocrx_word' id='word_1_53' title='bbox 239 592 372 632; x_wconf 89' lang='lat' dir='ltr'>ciendi</span> <span class='ocrx_word' id='word_1_54' title='bbox 392 596 406 612; x_wconf 89' lang='lat'>²</span> <span class='ocrx_word' id='word_1_55' title='bbox 423 610 430 631; x_wconf 91' lang='lat'>:</span> <span class='ocrx_word' id='word_1_56' title='bbox 455 596 494 632; x_wconf 77' lang='grc' dir='ltr'>ὅ(</span> <span class='ocrx_word' id='word_1_57' title='bbox 514 593 625 632; x_wconf 88' lang='lat' dir='ltr'>fuere</span> <span class='ocrx_word' id='word_1_58' title='bbox 638 622 651 642; x_wconf 83' lang='lat'><strong><em>,</em></strong></span> <span class='ocrx_word' id='word_1_59' title='bbox 671 594 739 646; x_wconf 91' lang='lat' dir='ltr'>qui</span> <span class='ocrx_word' id='word_1_60' title='bbox 752 593 946 648; x_wconf 86' lang='lat' dir='ltr'>imagines</span> <span class='ocrx_word' id='word_1_61' title='bbox 962 594 1139 633; x_wconf 88' lang='lat' dir='ltr'>Neronis</span> <span class='ocrx_word' id='word_1_62' title='bbox 1155 607 1429 648; x_wconf 86' lang='lat' dir='ltr'>proponerent</span> <span class='ocrx_word' id='word_1_63' title='bbox 1448 598 1457 621; x_wconf 80' lang='lat'><em>³</em></span> <span class='ocrx_word' id='word_1_64' title='bbox 1477 611 1483 633; x_wconf 91' lang='lat'><strong>:</strong></span> <span class='ocrx_word' id='word_1_65' title='bbox 1507 608 1624 649; x_wconf 87' lang='lat' dir='ltr'>atque</span> 
     </span>
     <span class='ocr_line' id='line_1_11' title="bbox 238 654 1623 712; baseline 0.002 -17"><span class='ocrx_word' id='word_1_66' title='bbox 238 656 358 696; x_wconf 86' lang='lat' dir='ltr'>etiam</span> <span class='ocrx_word' id='word_1_67' title='bbox 380 655 566 705; x_wconf 83' lang='lat' dir='ltr'>Othoni,</span> <span class='ocrx_word' id='word_1_68' title='bbox 588 654 821 709; x_wconf 85' lang='lat' dir='ltr'>quibusdam</span> <span class='ocrx_word' id='word_1_69' title='bbox 841 655 980 696; x_wconf 84' lang='lat' dir='ltr'>diebus</span> <span class='ocrx_word' id='word_1_70' title='bbox 997 654 1171 712; x_wconf 87' lang='lat' dir='ltr'>populus</span> <span class='ocrx_word' id='word_1_71' title='bbox 1191 660 1231 696; x_wconf 69' lang='grc' dir='ltr'>ὃ(</span> <span class='ocrx_word' id='word_1_72' title='bbox 1252 655 1367 697; x_wconf 88' lang='lat' dir='ltr'>miles</span> <span class='ocrx_word' id='word_1_73' title='bbox 1382 686 1394 706; x_wconf 85' lang='lat'>‚</span> <span class='ocrx_word' id='word_1_74' title='bbox 1422 670 1623 710; x_wconf 75' lang='lat' dir='ltr'>tamquam</span> 
     </span>
     <span class='ocr_line' id='line_1_12' title="bbox 238 717 1623 769; baseline 0.003 -12"><span class='ocrx_word' id='word_1_75' title='bbox 238 717 494 759; x_wconf 84' lang='lat' dir='ltr'>nobilitatem</span> <span class='ocrx_word' id='word_1_76' title='bbox 510 734 556 759; x_wconf 85' lang='lat' dir='ltr'>ac</span> <span class='ocrx_word' id='word_1_77' title='bbox 573 718 695 759; x_wconf 87' lang='lat' dir='ltr'>decus</span> <span class='ocrx_word' id='word_1_78' title='bbox 711 719 953 760; x_wconf 84' lang='lat' dir='ltr'>adstruerent</span> <span class='ocrx_word' id='word_1_79' title='bbox 968 749 981 769; x_wconf 88' lang='grc'>,</span> <span class='ocrx_word' id='word_1_80' title='bbox 999 732 1154 760; x_wconf 78' lang='lat' dir='ltr'>NERONI</span> <span class='ocrx_word' id='word_1_81' title='bbox 1180 733 1345 760; x_wconf 81' lang='lat' dir='ltr'>oTH0N1</span> <span class='ocrx_word' id='word_1_82' title='bbox 1370 719 1623 761; x_wconf 80' lang='lat' dir='ltr'>adclamavit.</span> 
     </span>
     <span class='ocr_line' id='line_1_13' title="bbox 237 780 1624 838; baseline 0.004 -19"><span class='ocrx_word' id='word_1_83' title='bbox 237 780 328 836; x_wconf 88' lang='lat' dir='ltr'>Ipse</span> <span class='ocrx_word' id='word_1_84' title='bbox 344 782 386 820; x_wconf 90' lang='lat' dir='ltr'>in</span> <span class='ocrx_word' id='word_1_85' title='bbox 400 781 726 837; x_wconf 89' lang='lat' dir='ltr'>suspensotenuit</span> <span class='ocrx_word' id='word_1_86' title='bbox 736 787 768 832; x_wconf 82' lang='lat'>4,</span> <span class='ocrx_word' id='word_1_87' title='bbox 791 782 953 823; x_wconf 87' lang='lat' dir='ltr'>vetandi</span> <span class='ocrx_word' id='word_1_88' title='bbox 968 796 1078 823; x_wconf 83' lang='lat' dir='ltr'>metu</span> <span class='ocrx_word' id='word_1_89' title='bbox 1090 813 1102 832; x_wconf 84' lang='lat'><em>‚</em></span> <span class='ocrx_word' id='word_1_90' title='bbox 1118 781 1183 822; x_wconf 81' lang='lat' dir='ltr'>vel</span> <span class='ocrx_word' id='word_1_91' title='bbox 1201 783 1445 838; x_wconf 83' lang='lat' dir='ltr'>agnoscendi</span> <span class='ocrx_word' id='word_1_92' title='bbox 1458 784 1624 838; x_wconf 88' lang='lat' dir='ltr'>pudore.</span> 
     </span>
    </p>

    <p class='ocr_par' dir='ltr' id='par_1_6' title="bbox 231 843 1626 1407">
     <span class='ocr_line' id='line_1_14' title="bbox 299 843 1626 897; baseline 0.003 -14"><span class='ocrx_word' id='word_1_93' title='bbox 299 843 523 885; x_wconf 90' lang='lat' dir='ltr'>LXXIX.</span> <span class='ocrx_word' id='word_1_94' title='bbox 559 844 842 886; x_wconf 76' lang='lat' dir='ltr'>CONVER81S</span> <span class='ocrx_word' id='word_1_95' title='bbox 868 846 916 886; x_wconf 87' lang='lat' dir='ltr'>ad</span> <span class='ocrx_word' id='word_1_96' title='bbox 945 844 1065 886; x_wconf 89' lang='lat' dir='ltr'>civile</span> <span class='ocrx_word' id='word_1_97' title='bbox 1087 844 1238 885; x_wconf 87' lang='lat' dir='ltr'>bellum</span> <span class='ocrx_word' id='word_1_98' title='bbox 1266 848 1434 897; x_wconf 81' lang='lat' dir='ltr'>animis,</span> <span class='ocrx_word' id='word_1_99' title='bbox 1461 860 1626 887; x_wconf 82' lang='lat' dir='ltr'>externa</span> 
     </span>
     <span class='ocr_line' id='line_1_15' title="bbox 236 905 1625 960; baseline 0.003 -14"><span class='ocrx_word' id='word_1_100' title='bbox 236 906 316 948; x_wconf 88' lang='lat' dir='ltr'>fine</span> <span class='ocrx_word' id='word_1_101' title='bbox 338 907 431 948; x_wconf 57' lang='lat' dir='ltr'>cura</span> <span class='ocrx_word' id='word_1_102' title='bbox 452 907 711 949; x_wconf 83' lang='lat' dir='ltr'>habebantur.</span> <span class='ocrx_word' id='word_1_103' title='bbox 734 905 795 950; x_wconf 89' lang='grc' dir='ltr'>Εὸ</span> <span class='ocrx_word' id='word_1_104' title='bbox 830 909 1037 949; x_wconf 74' lang='lat' dir='ltr'>audentius</span> <span class='ocrx_word' id='word_1_105' title='bbox 1073 907 1312 950; x_wconf 84' lang='lat' dir='ltr'>Rhoxolani</span> <span class='ocrx_word' id='word_1_106' title='bbox 1333 914 1373 960; x_wconf 80' lang='lat'>5,</span> <span class='ocrx_word' id='word_1_107' title='bbox 1404 911 1625 951; x_wconf 85' lang='lat' dir='ltr'>Sarmatica</span> 
     </span>
     <span class='ocr_line' id='line_1_16' title="bbox 236 971 1625 1028; baseline 0.003 -18"><span class='ocrx_word' id='word_1_108' title='bbox 236 984 355 1023; x_wconf 81' lang='lat' dir='ltr'>gens,</span> <span class='ocrx_word' id='word_1_109' title='bbox 372 973 503 1026; x_wconf 87' lang='lat' dir='ltr'>priore</span> <span class='ocrx_word' id='word_1_110' title='bbox 518 973 650 1012; x_wconf 89' lang='lat' dir='ltr'>hieme</span> <span class='ocrx_word' id='word_1_111' title='bbox 663 972 763 1015; x_wconf 75' lang='lat' dir='ltr'>ecelis</span> <span class='ocrx_word' id='word_1_112' title='bbox 777 971 928 1014; x_wconf 81' lang='lat' dir='ltr'>duabus</span> <span class='ocrx_word' id='word_1_113' title='bbox 943 971 1199 1022; x_wconf 82' lang='lat' dir='ltr'>cohortibus,</span> <span class='ocrx_word' id='word_1_114' title='bbox 1219 971 1362 1028; x_wconf 63' lang='lat' dir='ltr'>magna</span> <span class='ocrx_word' id='word_1_115' title='bbox 1376 973 1443 1028; x_wconf 89' lang='lat' dir='ltr'>spe</span> <span class='ocrx_word' id='word_1_116' title='bbox 1457 973 1506 1014; x_wconf 86' lang='lat' dir='ltr'>ad</span> <span class='ocrx_word' id='word_1_117' title='bbox 1518 974 1625 1014; x_wconf 79' lang='lat' dir='ltr'>Moe-</span> 
     </span>
     <span class='ocr_line' id='line_1_17' title="bbox 237 1032 1623 1090; baseline 0.004 -17"><span class='ocrx_word' id='word_1_118' title='bbox 237 1032 331 1074; x_wconf 84' lang='lat' dir='ltr'>fiam</span> <span class='ocrx_word' id='word_1_119' title='bbox 354 1032 371 1054; x_wconf 84' lang='lat'><strong><em>⁶</em></strong></span> <span class='ocrx_word' id='word_1_120' title='bbox 393 1035 644 1090; x_wconf 82' lang='lat' dir='ltr'>inruperant:</span> <span class='ocrx_word' id='word_1_121' title='bbox 672 1050 818 1076; x_wconf 85' lang='lat' dir='ltr'>novem</span> <span class='ocrx_word' id='word_1_122' title='bbox 843 1035 970 1076; x_wconf 87' lang='lat' dir='ltr'>millia</span> <span class='ocrx_word' id='word_1_123' title='bbox 992 1037 1171 1089; x_wconf 88' lang='lat' dir='ltr'>equitum</span> <span class='ocrx_word' id='word_1_124' title='bbox 1186 1066 1198 1086; x_wconf 86' lang='lat'><em>‚</em></span> <span class='ocrx_word' id='word_1_125' title='bbox 1224 1051 1273 1076; x_wconf 79' lang='lat' dir='ltr'>ex</span> <span class='ocrx_word' id='word_1_126' title='bbox 1294 1036 1446 1077; x_wconf 65' lang='lat' dir='ltr'>ferocia</span> <span class='ocrx_word' id='word_1_127' title='bbox 1471 1041 1510 1077; x_wconf 69' lang='grc' dir='ltr'>ὅ(</span> <span class='ocrx_word' id='word_1_128' title='bbox 1533 1037 1623 1078; x_wconf 87' lang='lat' dir='ltr'>suc-</span> 
     </span>
     <span class='ocr_line' id='line_1_18' title="bbox 237 1096 1623 1155; baseline 0.004 -19"><span class='ocrx_word' id='word_1_129' title='bbox 237 1096 342 1136; x_wconf 81' lang='lat' dir='ltr'>cessu</span> <span class='ocrx_word' id='word_1_130' title='bbox 355 1126 368 1146; x_wconf 85' lang='lat'>‚</span> <span class='ocrx_word' id='word_1_131' title='bbox 395 1098 530 1152; x_wconf 82' lang='lat' dir='ltr'>praedae</span> <span class='ocrx_word' id='word_1_132' title='bbox 552 1100 677 1153; x_wconf 85' lang='lat' dir='ltr'>magis</span> <span class='ocrx_word' id='word_1_133' title='bbox 692 1129 704 1149; x_wconf 89' lang='lat'><em>‚</em></span> <span class='ocrx_word' id='word_1_134' title='bbox 733 1098 850 1153; x_wconf 71' lang='lat' dir='ltr'>quam</span> <span class='ocrx_word' id='word_1_135' title='bbox 868 1115 1008 1155; x_wconf 73' lang='lat' dir='ltr'>pugna:</span> <span class='ocrx_word' id='word_1_136' title='bbox 1031 1101 1196 1139; x_wconf 86' lang='lat' dir='ltr'>intenta.</span> <span class='ocrx_word' id='word_1_137' title='bbox 1213 1099 1341 1154; x_wconf 84' lang='lat' dir='ltr'>Igitur</span> <span class='ocrx_word' id='word_1_138' title='bbox 1360 1115 1486 1155; x_wconf 78' lang='lat' dir='ltr'>vagos</span> <span class='ocrx_word' id='word_1_139' title='bbox 1504 1104 1544 1140; x_wconf 84' lang='lat'>&amp;</span> <span class='ocrx_word' id='word_1_140' title='bbox 1560 1102 1623 1141; x_wconf 88' lang='lat' dir='ltr'>in-</span> 
     </span>
     <span class='ocr_line' id='line_1_19' title="bbox 236 1160 1622 1219; baseline 0.002 -19"><span class='ocrx_word' id='word_1_141' title='bbox 236 1160 441 1211; x_wconf 83' lang='lat' dir='ltr'>curiosos,</span> <span class='ocrx_word' id='word_1_142' title='bbox 466 1163 581 1202; x_wconf 85' lang='lat' dir='ltr'>tertia</span> <span class='ocrx_word' id='word_1_143' title='bbox 612 1160 720 1216; x_wconf 84' lang='lat' dir='ltr'>legio</span> <span class='ocrx_word' id='word_1_144' title='bbox 753 1167 795 1213; x_wconf 85' lang='lat'>⁷,</span> <span class='ocrx_word' id='word_1_145' title='bbox 830 1161 1022 1214; x_wconf 68' lang='lat' dir='ltr'>adjunffis</span> <span class='ocrx_word' id='word_1_146' title='bbox 1045 1161 1228 1213; x_wconf 83' lang='lat' dir='ltr'>auxiliis,</span> <span class='ocrx_word' id='word_1_147' title='bbox 1256 1164 1422 1219; x_wconf 76' lang='lat' dir='ltr'>repente</span> <span class='ocrx_word' id='word_1_148' title='bbox 1447 1164 1588 1204; x_wconf 87' lang='lat' dir='ltr'>invafit</span> <span class='ocrx_word' id='word_1_149' title='bbox 1613 1181 1622 1203; x_wconf 71' lang='grc' dir='ltr'>ε</span> 
     </span>
     <span class='ocr_line' id='line_1_20' title="bbox 234 1223 1623 1282; baseline 0.004 -20"><span class='ocrx_word' id='word_1_150' title='bbox 234 1223 339 1278; x_wconf 89' lang='lat' dir='ltr'>apud</span> <span class='ocrx_word' id='word_1_151' title='bbox 361 1223 569 1265; x_wconf 87' lang='lat' dir='ltr'>Romanos</span> <span class='ocrx_word' id='word_1_152' title='bbox 590 1227 724 1266; x_wconf 86' lang='lat' dir='ltr'>omnia</span> <span class='ocrx_word' id='word_1_153' title='bbox 741 1225 888 1280; x_wconf 85' lang='lat' dir='ltr'>proelio</span> <span class='ocrx_word' id='word_1_154' title='bbox 905 1240 1017 1282; x_wconf 88' lang='lat' dir='ltr'>apta:</span> <span class='ocrx_word' id='word_1_155' title='bbox 1044 1227 1230 1266; x_wconf 81' lang='lat' dir='ltr'>Sarmatae</span> <span class='ocrx_word' id='word_1_156' title='bbox 1249 1226 1406 1281; x_wconf 77' lang='lat' dir='ltr'>dispersi</span> <span class='ocrx_word' id='word_1_157' title='bbox 1433 1228 1623 1282; x_wconf 86' lang='lat' dir='ltr'>cupidine</span> 
     </span>
     <span class='ocr_line' id='line_1_21' title="bbox 234 1287 1622 1342; baseline 0.004 -17"><span class='ocrx_word' id='word_1_158' title='bbox 234 1287 369 1341; x_wconf 83' lang='lat' dir='ltr'>praedae</span> <span class='ocrx_word' id='word_1_159' title='bbox 388 1316 400 1337; x_wconf 87' lang='lat'><strong><em>,</em></strong></span> <span class='ocrx_word' id='word_1_160' title='bbox 434 1301 501 1328; x_wconf 91' lang='lat' dir='ltr'>aut</span> <span class='ocrx_word' id='word_1_161' title='bbox 530 1303 670 1342; x_wconf 85' lang='lat' dir='ltr'>graves</span> <span class='ocrx_word' id='word_1_162' title='bbox 698 1303 819 1329; x_wconf 89' lang='lat' dir='ltr'>onere</span> <span class='ocrx_word' id='word_1_163' title='bbox 858 1289 1097 1330; x_wconf 82' lang='lat' dir='ltr'>sarcinarum</span> <span class='ocrx_word' id='word_1_164' title='bbox 1118 1319 1130 1339; x_wconf 85' lang='lat'><em>‚</em></span> <span class='ocrx_word' id='word_1_165' title='bbox 1174 1293 1214 1330; x_wconf 73' lang='grc' dir='ltr'>ὃ(</span> <span class='ocrx_word' id='word_1_166' title='bbox 1244 1287 1403 1330; x_wconf 84' lang='lat' dir='ltr'>lubrico</span> <span class='ocrx_word' id='word_1_167' title='bbox 1432 1290 1622 1330; x_wconf 86' lang='lat' dir='ltr'>itinerum</span> 
     </span>
     <span class='ocr_line' id='line_1_22' title="bbox 231 1348 1624 1407; baseline 0.003 -18"><span class='ocrx_word' id='word_1_168' title='bbox 231 1348 419 1406; x_wconf 62' lang='lat' dir='ltr'>adempta</span> <span class='ocrx_word' id='word_1_169' title='bbox 439 1365 632 1406; x_wconf 84' lang='lat' dir='ltr'>equorum</span> <span class='ocrx_word' id='word_1_170' title='bbox 657 1353 893 1407; x_wconf 87' lang='lat' dir='ltr'>pernicitate</span> <span class='ocrx_word' id='word_1_171' title='bbox 906 1382 920 1404; x_wconf 85' lang='lat'><em>‚</em></span> <span class='ocrx_word' id='word_1_172' title='bbox 944 1352 1056 1394; x_wconf 88' lang='lat' dir='ltr'>velut</span> <span class='ocrx_word' id='word_1_173' title='bbox 1071 1353 1193 1392; x_wconf 60' lang='lat' dir='ltr'>vineti</span> <span class='ocrx_word' id='word_1_174' title='bbox 1217 1351 1481 1393; x_wconf 82' lang='lat' dir='ltr'>caedebantur.</span> <span class='ocrx_word' id='word_1_175' title='bbox 1498 1355 1541 1393; x_wconf 94' lang='lat' dir='ltr'>N</span> <span class='ocrx_word' id='word_1_176' title='bbox 1545 1369 1624 1393; x_wconf 86' lang='lat' dir='ltr'>arn-</span> 
     </span>
    </p>
   </div>
   <div class='ocr_carea' id='block_1_6' title="bbox 222 1465 906 2486">
    <p class='ocr_par' dir='ltr' id='par_1_7' title="bbox 230 1465 906 1938">
     <span class='ocr_line' id='line_1_23' title="bbox 232 1465 906 1505; baseline 0.004 -10"><span class='ocrx_word' id='word_1_177' title='bbox 232 1471 267 1495; x_wconf 90' lang='lat' dir='ltr'>ut</span> <span class='ocrx_word' id='word_1_178' title='bbox 289 1465 468 1496; x_wconf 79' lang='lat' dir='ltr'>Maurorum</span> <span class='ocrx_word' id='word_1_179' title='bbox 493 1465 636 1497; x_wconf 87' lang='lat' dir='ltr'>civitates</span> <span class='ocrx_word' id='word_1_180' title='bbox 663 1476 680 1496; x_wconf 90' lang='lat' dir='ltr'>a</span> <span class='ocrx_word' id='word_1_181' title='bbox 702 1467 815 1497; x_wconf 64' lang='lat' dir='ltr'>Baetica</span> <span class='ocrx_word' id='word_1_182' title='bbox 840 1467 906 1505; x_wconf 85' lang='lat' dir='ltr'>jura</span> 
     </span>
     <span class='ocr_line' id='line_1_24' title="bbox 233 1505 905 1544; baseline 0.003 -9"><span class='ocrx_word' id='word_1_183' title='bbox 233 1512 392 1543; x_wconf 84' lang='lat' dir='ltr'>peterent,</span> <span class='ocrx_word' id='word_1_184' title='bbox 411 1505 535 1544; x_wconf 88' lang='lat' dir='ltr'>ejusque</span> <span class='ocrx_word' id='word_1_185' title='bbox 556 1514 732 1536; x_wconf 83' lang='lat' dir='ltr'>conventus</span> <span class='ocrx_word' id='word_1_186' title='bbox 755 1506 905 1544; x_wconf 87' lang='lat' dir='ltr'>juridicos</span> 
     </span>
     <span class='ocr_line' id='line_1_25' title="bbox 233 1543 903 1584; baseline 0.006 -12"><span class='ocrx_word' id='word_1_187' title='bbox 233 1543 445 1576; x_wconf 80' lang='lat' dir='ltr'>adirent.Huc</span> <span class='ocrx_word' id='word_1_188' title='bbox 460 1545 542 1576; x_wconf 75' lang='lat' dir='ltr'>forte</span> <span class='ocrx_word' id='word_1_189' title='bbox 552 1545 663 1584; x_wconf 58' lang='lat' dir='ltr'>spectat</span> <span class='ocrx_word' id='word_1_190' title='bbox 683 1545 779 1576; x_wconf 83' lang='lat' dir='ltr'>Rufus</span> <span class='ocrx_word' id='word_1_191' title='bbox 790 1546 903 1581; x_wconf 83' lang='lat' dir='ltr'>Festus,</span> 
     </span>
     <span class='ocr_line' id='line_1_26' title="bbox 234 1583 904 1624; baseline 0.001 -11"><span class='ocrx_word' id='word_1_192' title='bbox 234 1583 268 1613; x_wconf 91' lang='lat' dir='ltr'>in</span> <span class='ocrx_word' id='word_1_193' title='bbox 281 1584 459 1622; x_wconf 81' lang='lat' dir='ltr'>Breviario,</span> <span class='ocrx_word' id='word_1_194' title='bbox 473 1594 541 1622; x_wconf 84' lang='lat' dir='ltr'>cap.</span> <span class='ocrx_word' id='word_1_195' title='bbox 558 1595 586 1624; x_wconf 90' lang='lat'>5.</span> <span class='ocrx_word' id='word_1_196' title='bbox 605 1584 697 1613; x_wconf 75' lang='lat' dir='ltr'>Trans</span> <span class='ocrx_word' id='word_1_197' title='bbox 700 1584 806 1621; x_wconf 78' lang='lat' dir='ltr'>fretum</span> <span class='ocrx_word' id='word_1_198' title='bbox 823 1587 904 1615; x_wconf 79' lang='lat' dir='ltr'>etiam</span> 
     </span>
     <span class='ocr_line' id='line_1_27' title="bbox 233 1622 905 1663; baseline 0.004 -12"><span class='ocrx_word' id='word_1_199' title='bbox 233 1623 263 1652; x_wconf 86' lang='lat' dir='ltr'>in</span> <span class='ocrx_word' id='word_1_200' title='bbox 278 1622 336 1661; x_wconf 76' lang='lat' dir='ltr'>solo</span> <span class='ocrx_word' id='word_1_201' title='bbox 362 1632 442 1653; x_wconf 81' lang='lat' dir='ltr'>terrae</span> <span class='ocrx_word' id='word_1_202' title='bbox 465 1623 573 1660; x_wconf 80' lang='lat' dir='ltr'>Africae</span> <span class='ocrx_word' id='word_1_203' title='bbox 589 1624 732 1660; x_wconf 76' lang='lat' dir='ltr'>provincia</span> <span class='ocrx_word' id='word_1_204' title='bbox 752 1624 905 1663; x_wconf 67' lang='lat' dir='ltr'>Hifivania-</span> 
     </span>
     <span class='ocr_line' id='line_1_28' title="bbox 233 1662 903 1707; baseline 0.003 -16"><span class='ocrx_word' id='word_1_205' title='bbox 233 1672 293 1691; x_wconf 79' lang='lat' dir='ltr'>rum</span> <span class='ocrx_word' id='word_1_206' title='bbox 313 1662 365 1707; x_wconf 78' lang='lat' dir='ltr'>est,</span> <span class='ocrx_word' id='word_1_207' title='bbox 386 1673 444 1702; x_wconf 82' lang='lat' dir='ltr'>quae</span> <span class='ocrx_word' id='word_1_208' title='bbox 466 1662 631 1702; x_wconf 77' lang='lat' dir='ltr'>Tingitania</span> <span class='ocrx_word' id='word_1_209' title='bbox 651 1663 829 1693; x_wconf 75' lang='lat' dir='ltr'>Mauritania</span> <span class='ocrx_word' id='word_1_210' title='bbox 856 1675 903 1693; x_wconf 87' lang='lat' dir='ltr'>co-</span> 
     </span>
     <span class='ocr_line' id='line_1_29' title="bbox 230 1703 904 1743; baseline 0.004 -13"><span class='ocrx_word' id='word_1_211' title='bbox 230 1710 421 1743; x_wconf 80' lang='lat' dir='ltr'>gnommatur.</span> <span class='ocrx_word' id='word_1_212' title='bbox 442 1703 609 1742; x_wconf 81' lang='lat' dir='ltr'>Praecipuas</span> <span class='ocrx_word' id='word_1_213' title='bbox 626 1703 807 1734; x_wconf 83' lang='lat' dir='ltr'>Maurorum</span> <span class='ocrx_word' id='word_1_214' title='bbox 823 1703 904 1734; x_wconf 85' lang='lat' dir='ltr'>civi-</span> 
     </span>
     <span class='ocr_line' id='line_1_30' title="bbox 234 1742 903 1781; baseline 0.001 -9"><span class='ocrx_word' id='word_1_215' title='bbox 234 1749 312 1772; x_wconf 80' lang='lat' dir='ltr'>tates</span> <span class='ocrx_word' id='word_1_216' title='bbox 326 1742 446 1773; x_wconf 84' lang='lat' dir='ltr'>Baeticae</span> <span class='ocrx_word' id='word_1_217' title='bbox 459 1743 543 1773; x_wconf 83' lang='lat' dir='ltr'>datas</span> <span class='ocrx_word' id='word_1_218' title='bbox 563 1742 649 1772; x_wconf 82' lang='lat' dir='ltr'>fuiss&#39;e</span> <span class='ocrx_word' id='word_1_219' title='bbox 670 1742 788 1781; x_wconf 83' lang='lat' dir='ltr'>Tingin</span> <span class='ocrx_word' id='word_1_220' title='bbox 800 1744 833 1774; x_wconf 86' lang='lat'>&amp;</span> <span class='ocrx_word' id='word_1_221' title='bbox 846 1743 903 1773; x_wconf 91' lang='lat' dir='ltr'>Li-</span> 
     </span>
     <span class='ocr_line' id='line_1_31' title="bbox 233 1781 905 1821; baseline 0.003 -10"><span class='ocrx_word' id='word_1_222' title='bbox 233 1791 321 1818; x_wconf 82' lang='lat' dir='ltr'>xum,</span> <span class='ocrx_word' id='word_1_223' title='bbox 333 1792 417 1812; x_wconf 87' lang='lat' dir='ltr'>nunc</span> <span class='ocrx_word' id='word_1_224' title='bbox 428 1781 520 1820; x_wconf 75' lang='lat' dir='ltr'>Tanja</span> <span class='ocrx_word' id='word_1_225' title='bbox 532 1781 670 1821; x_wconf 65' lang='lat' dir='ltr'>&amp;Alkasr</span> <span class='ocrx_word' id='word_1_226' title='bbox 678 1782 792 1813; x_wconf 73' lang='lat' dir='ltr'>merito</span> <span class='ocrx_word' id='word_1_227' title='bbox 805 1782 905 1813; x_wconf 85' lang='lat' dir='ltr'>existi-</span> 
     </span>
     <span class='ocr_line' id='line_1_32' title="bbox 233 1821 905 1861; baseline 0 -10"><span class='ocrx_word' id='word_1_228' title='bbox 233 1829 297 1851; x_wconf 89' lang='lat' dir='ltr'>mat</span> <span class='ocrx_word' id='word_1_229' title='bbox 323 1821 458 1852; x_wconf 84' lang='lat' dir='ltr'>eruditus</span> <span class='ocrx_word' id='word_1_230' title='bbox 477 1822 604 1852; x_wconf 86' lang='lat' dir='ltr'>Aldrete</span> <span class='ocrx_word' id='word_1_231' title='bbox 622 1844 629 1854; x_wconf 86' lang='grc'>,</span> <span class='ocrx_word' id='word_1_232' title='bbox 646 1821 752 1851; x_wconf 80' lang='lat' dir='ltr'>Varias</span> <span class='ocrx_word' id='word_1_233' title='bbox 766 1822 905 1861; x_wconf 67' lang='lat' dir='ltr'>Aurigae-</span> 
     </span>
     <span class='ocr_line' id='line_1_33' title="bbox 232 1859 904 1901; baseline 0.004 -13"><span class='ocrx_word' id='word_1_234' title='bbox 232 1859 319 1889; x_wconf 80' lang='lat' dir='ltr'>dades</span> <span class='ocrx_word' id='word_1_235' title='bbox 347 1860 379 1889; x_wconf 84' lang='lat' dir='ltr'>de</span> <span class='ocrx_word' id='word_1_236' title='bbox 398 1860 528 1899; x_wconf 67' lang='lat' dir='ltr'>Eftrafza,</span> <span class='ocrx_word' id='word_1_237' title='bbox 548 1860 646 1898; x_wconf 85' lang='lat' dir='ltr'>Africa</span> <span class='ocrx_word' id='word_1_238' title='bbox 657 1871 693 1901; x_wconf 86' lang='lat' dir='ltr'>,y</span> <span class='ocrx_word' id='word_1_239' title='bbox 706 1871 782 1890; x_wconf 70' lang='lat' dir='ltr'>otras</span> <span class='ocrx_word' id='word_1_240' title='bbox 795 1862 904 1897; x_wconf 72' lang='lat' dir='ltr'>provin-</span> 
     </span>
     <span class='ocr_line' id='line_1_34' title="bbox 232 1900 609 1938; baseline 0 -9"><span class='ocrx_word' id='word_1_241' title='bbox 232 1900 302 1930; x_wconf 84' lang='lat' dir='ltr'>cias.</span> <span class='ocrx_word' id='word_1_242' title='bbox 317 1900 405 1930; x_wconf 85' lang='lat' dir='ltr'>Libr.</span> <span class='ocrx_word' id='word_1_243' title='bbox 420 1902 473 1932; x_wconf 87' lang='lat' dir='ltr'>lV.</span> <span class='ocrx_word' id='word_1_244' title='bbox 486 1910 609 1938; x_wconf 76' lang='lat' dir='ltr'>cap-21.</span> 
     </span>
    </p>

    <p class='ocr_par' dir='ltr' id='par_1_8' title="bbox 231 1941 904 2168">
     <span class='ocr_line' id='line_1_35' title="bbox 273 1941 903 1979; baseline 0 -10"><span class='ocrx_word' id='word_1_245' title='bbox 273 1945 282 1958; x_wconf 86' lang='lat'><em>¹</em></span> <span class='ocrx_word' id='word_1_246' title='bbox 307 1941 461 1971; x_wconf 80' lang='lat' dir='ltr'>IMMEMOR</span> <span class='ocrx_word' id='word_1_247' title='bbox 485 1944 646 1974; x_wconf 74' lang='lat' dir='ltr'>AMORum]</span> <span class='ocrx_word' id='word_1_248' title='bbox 665 1941 760 1979; x_wconf 71' lang='lat' dir='ltr'>Supra</span> <span class='ocrx_word' id='word_1_249' title='bbox 782 1941 903 1971; x_wconf 80' lang='lat' dir='ltr'>Annal.</span> 
     </span>
     <span class='ocr_line' id='line_1_36' title="bbox 231 1979 904 2019; baseline 0.001 -10"><span class='ocrx_word' id='word_1_250' title='bbox 231 1979 324 2014; x_wconf 87' lang='lat' dir='ltr'>XIII,</span> <span class='ocrx_word' id='word_1_251' title='bbox 343 1989 384 2018; x_wconf 90' lang='lat'>45</span> <span class='ocrx_word' id='word_1_252' title='bbox 409 1980 444 2011; x_wconf 71' lang='grc' dir='ltr'>ὃ(</span> <span class='ocrx_word' id='word_1_253' title='bbox 463 1983 514 2016; x_wconf 90' lang='lat'>46.</span> <span class='ocrx_word' id='word_1_254' title='bbox 536 1981 678 2010; x_wconf 80' lang='lat' dir='ltr'>Prorutas</span> <span class='ocrx_word' id='word_1_255' title='bbox 697 1988 800 2010; x_wconf 85' lang='lat' dir='ltr'>autern</span> <span class='ocrx_word' id='word_1_256' title='bbox 826 1982 904 2019; x_wconf 89' lang='lat' dir='ltr'>Pop-</span> 
     </span>
     <span class='ocr_line' id='line_1_37' title="bbox 233 2018 900 2058; baseline 0 -10"><span class='ocrx_word' id='word_1_257' title='bbox 233 2028 303 2056; x_wconf 85' lang='lat' dir='ltr'>paeae</span> <span class='ocrx_word' id='word_1_258' title='bbox 319 2018 432 2058; x_wconf 86' lang='lat' dir='ltr'>effigies</span> <span class='ocrx_word' id='word_1_259' title='bbox 451 2019 587 2049; x_wconf 80' lang='lat' dir='ltr'>vidimus</span> <span class='ocrx_word' id='word_1_260' title='bbox 602 2019 716 2049; x_wconf 84' lang='lat' dir='ltr'>Annal.</span> <span class='ocrx_word' id='word_1_261' title='bbox 738 2021 828 2056; x_wconf 85' lang='lat' dir='ltr'>XIV,</span> <span class='ocrx_word' id='word_1_262' title='bbox 850 2023 900 2049; x_wconf 86' lang='lat'>61.</span> 
     </span>
     <span class='ocr_line' id='line_1_38' title="bbox 231 2058 903 2095; baseline 0.001 -7"><span class='ocrx_word' id='word_1_263' title='bbox 231 2058 357 2094; x_wconf 80' lang='lat' dir='ltr'>Romae,</span> <span class='ocrx_word' id='word_1_264' title='bbox 378 2058 411 2088; x_wconf 84' lang='lat' dir='ltr'>in</span> <span class='ocrx_word' id='word_1_265' title='bbox 432 2058 531 2089; x_wconf 84' lang='lat' dir='ltr'>hortis</span> <span class='ocrx_word' id='word_1_266' title='bbox 552 2058 742 2089; x_wconf 81' lang='lat' dir='ltr'>Farnefianis</span> <span class='ocrx_word' id='word_1_267' title='bbox 757 2082 765 2095; x_wconf 93' lang='lat'>‚</span> <span class='ocrx_word' id='word_1_268' title='bbox 792 2067 903 2089; x_wconf 88' lang='lat' dir='ltr'>monte</span> 
     </span>
     <span class='ocr_line' id='line_1_39' title="bbox 231 2097 902 2138; baseline 0.001 -11"><span class='ocrx_word' id='word_1_269' title='bbox 231 2097 392 2134; x_wconf 81' lang='lat' dir='ltr'>PalatinO,</span> <span class='ocrx_word' id='word_1_270' title='bbox 420 2098 513 2129; x_wconf 82' lang='lat' dir='ltr'>exstat</span> <span class='ocrx_word' id='word_1_271' title='bbox 542 2098 663 2138; x_wconf 81' lang='lat' dir='ltr'>egregia</span> <span class='ocrx_word' id='word_1_272' title='bbox 694 2099 829 2137; x_wconf 82' lang='lat' dir='ltr'>Poppaeae</span> <span class='ocrx_word' id='word_1_273' title='bbox 854 2099 902 2129; x_wconf 88' lang='lat' dir='ltr'>se-</span> 
     </span>
     <span class='ocr_line' id='line_1_40' title="bbox 233 2136 453 2168; baseline -0.005 -1"><span class='ocrx_word' id='word_1_274' title='bbox 233 2136 334 2167; x_wconf 83' lang='lat' dir='ltr'>dentis</span> <span class='ocrx_word' id='word_1_275' title='bbox 352 2137 453 2168; x_wconf 82' lang='lat' dir='ltr'>statua.</span> 
     </span>
    </p>

    <p class='ocr_par' dir='ltr' id='par_1_9' title="bbox 222 2175 903 2486">
     <span class='ocr_line' id='line_1_41' title="bbox 272 2175 903 2213; baseline -0.003 -5"><span class='ocrx_word' id='word_1_276' title='bbox 272 2179 282 2192; x_wconf 82' lang='lat'><em>²</em></span> <span class='ocrx_word' id='word_1_277' title='bbox 307 2179 445 2208; x_wconf 71' lang='lat' dir='ltr'>VumuM</span> <span class='ocrx_word' id='word_1_278' title='bbox 464 2187 647 2207; x_wconf 55' lang='lat' dir='ltr'>Ati-remum</span> <span class='ocrx_word' id='word_1_279' title='bbox 662 2177 676 2213; x_wconf 99' lang='lat'>]</span> <span class='ocrx_word' id='word_1_280' title='bbox 690 2175 800 2206; x_wconf 77' lang='lat' dir='ltr'>Mansit</span> <span class='ocrx_word' id='word_1_281' title='bbox 816 2175 903 2206; x_wconf 88' lang='lat' dir='ltr'>enim</span> 
     </span>
     <span class='ocr_line' id='line_1_42' title="bbox 233 2214 903 2260; baseline 0 -14"><span class='ocrx_word' id='word_1_282' title='bbox 233 2216 314 2254; x_wconf 79' lang='lat' dir='ltr'>apud</span> <span class='ocrx_word' id='word_1_283' title='bbox 336 2215 465 2260; x_wconf 74' lang='lat' dir='ltr'>vulgum</span> <span class='ocrx_word' id='word_1_284' title='bbox 488 2226 576 2247; x_wconf 81' lang='lat' dir='ltr'>amor</span> <span class='ocrx_word' id='word_1_285' title='bbox 599 2216 756 2247; x_wconf 84' lang='lat' dir='ltr'>Neronis:</span> <span class='ocrx_word' id='word_1_286' title='bbox 777 2225 835 2246; x_wconf 85' lang='lat' dir='ltr'>nec</span> <span class='ocrx_word' id='word_1_287' title='bbox 859 2214 903 2244; x_wconf 78' lang='lat' dir='ltr'>de-</span> 
     </span>
     <span class='ocr_line' id='line_1_43' title="bbox 222 2253 903 2294; baseline 0 -10"><span class='ocrx_word' id='word_1_288' title='bbox 222 2253 341 2291; x_wconf 77' lang='lat' dir='ltr'>fuerunt</span> <span class='ocrx_word' id='word_1_289' title='bbox 353 2265 397 2294; x_wconf 79' lang='lat' dir='ltr'>qut</span> <span class='ocrx_word' id='word_1_290' title='bbox 416 2265 463 2291; x_wconf 80' lang='lat' dir='ltr'>per</span> <span class='ocrx_word' id='word_1_291' title='bbox 479 2254 587 2294; x_wconf 76' lang='lat' dir='ltr'>longum</span> <span class='ocrx_word' id='word_1_292' title='bbox 606 2264 709 2292; x_wconf 76' lang='lat' dir='ltr'>tempus</span> <span class='ocrx_word' id='word_1_293' title='bbox 723 2255 817 2284; x_wconf 77' lang='lat' dir='ltr'>vernis</span> <span class='ocrx_word' id='word_1_294' title='bbox 829 2254 903 2294; x_wconf 78' lang='lat' dir='ltr'>aesti-</span> 
     </span>
     <span class='ocr_line' id='line_1_44' title="bbox 231 2293 903 2334; baseline -0.001 -10"><span class='ocrx_word' id='word_1_295' title='bbox 231 2294 320 2333; x_wconf 69' lang='lat' dir='ltr'>vifiyue</span> <span class='ocrx_word' id='word_1_296' title='bbox 328 2293 448 2334; x_wconf 81' lang='lat' dir='ltr'>floribus</span> <span class='ocrx_word' id='word_1_297' title='bbox 467 2294 596 2324; x_wconf 81' lang='lat' dir='ltr'>tumulum</span> <span class='ocrx_word' id='word_1_298' title='bbox 611 2295 669 2333; x_wconf 82' lang='lat' dir='ltr'>ejus</span> <span class='ocrx_word' id='word_1_299' title='bbox 691 2303 823 2324; x_wconf 84' lang='lat' dir='ltr'>ornarent</span> <span class='ocrx_word' id='word_1_300' title='bbox 837 2307 845 2323; x_wconf 97' lang='lat'><em>:</em></span> <span class='ocrx_word' id='word_1_301' title='bbox 870 2304 903 2323; x_wconf 87' lang='lat' dir='ltr'>ac</span> 
     </span>
     <span class='ocr_line' id='line_1_45' title="bbox 231 2333 903 2374; baseline 0 -11"><span class='ocrx_word' id='word_1_302' title='bbox 231 2333 307 2363; x_wconf 71' lang='lat' dir='ltr'>modo</span> <span class='ocrx_word' id='word_1_303' title='bbox 324 2333 460 2374; x_wconf 81' lang='lat' dir='ltr'>imagines</span> <span class='ocrx_word' id='word_1_304' title='bbox 473 2343 657 2371; x_wconf 65' lang='lat' dir='ltr'>praetextatas</span> <span class='ocrx_word' id='word_1_305' title='bbox 681 2334 710 2363; x_wconf 87' lang='lat' dir='ltr'>in</span> <span class='ocrx_word' id='word_1_306' title='bbox 732 2334 823 2373; x_wconf 82' lang='lat' dir='ltr'>rostris</span> <span class='ocrx_word' id='word_1_307' title='bbox 837 2344 903 2371; x_wconf 80' lang='lat' dir='ltr'>pro-</span> 
     </span>
     <span class='ocr_line' id='line_1_46' title="bbox 223 2372 903 2413; baseline 0.001 -12"><span class='ocrx_word' id='word_1_308' title='bbox 223 2372 352 2410; x_wconf 79' lang='lat' dir='ltr'>ferrent,</span> <span class='ocrx_word' id='word_1_309' title='bbox 377 2373 451 2403; x_wconf 74' lang='lat' dir='ltr'>modo</span> <span class='ocrx_word' id='word_1_310' title='bbox 480 2373 567 2403; x_wconf 68' lang='lat' dir='ltr'>ediela</span> <span class='ocrx_word' id='word_1_311' title='bbox 585 2398 593 2411; x_wconf 86' lang='lat'>‚</span> <span class='ocrx_word' id='word_1_312' title='bbox 615 2373 690 2413; x_wconf 83' lang='lat' dir='ltr'>quafi</span> <span class='ocrx_word' id='word_1_313' title='bbox 708 2373 844 2409; x_wconf 80' lang='lat' dir='ltr'>viventis,</span> <span class='ocrx_word' id='word_1_314' title='bbox 874 2373 903 2402; x_wconf 71' lang='lat' dir='ltr'>Cr·</span> 
     </span>
     <span class='ocr_line' id='line_1_47' title="bbox 230 2412 903 2454; baseline 0.006 -14"><span class='ocrx_word' id='word_1_315' title='bbox 230 2412 306 2442; x_wconf 77' lang='lat' dir='ltr'>brevi</span> <span class='ocrx_word' id='word_1_316' title='bbox 332 2423 431 2452; x_wconf 83' lang='lat' dir='ltr'>magno</span> <span class='ocrx_word' id='word_1_317' title='bbox 453 2413 623 2444; x_wconf 80' lang='lat' dir='ltr'>inimicorum</span> <span class='ocrx_word' id='word_1_318' title='bbox 652 2414 723 2445; x_wconf 82' lang='lat' dir='ltr'>malo</span> <span class='ocrx_word' id='word_1_319' title='bbox 749 2413 903 2454; x_wconf 66' lang='lat' dir='ltr'>reversuri,</span> 
     </span>
     <span class='ocr_line' id='line_1_48' title="bbox 230 2452 574 2486; baseline 0 -3"><span class='ocrx_word' id='word_1_320' title='bbox 230 2452 315 2484; x_wconf 85' lang='lat' dir='ltr'>Suet.</span> <span class='ocrx_word' id='word_1_321' title='bbox 332 2452 365 2484; x_wconf 87' lang='lat' dir='ltr'>in</span> <span class='ocrx_word' id='word_1_322' title='bbox 379 2454 454 2484; x_wconf 90' lang='lat' dir='ltr'>Ner.</span> <span class='ocrx_word' id='word_1_323' title='bbox 476 2454 574 2486; x_wconf 92' lang='lat' dir='ltr'>LVII.</span> 
     </span>
    </p>
   </div>
   <div class='ocr_carea' id='block_1_7' title="bbox 943 1468 1624 1545">
    <p class='ocr_par' dir='ltr' id='par_1_10' title="bbox 943 1468 1624 1545">
     <span class='ocr_line' id='line_1_49' title="bbox 984 1468 1620 1506; baseline 0.003 -9"><span class='ocrx_word' id='word_1_324' title='bbox 984 1473 993 1493; x_wconf 84' lang='lat'>3</span> <span class='ocrx_word' id='word_1_325' title='bbox 1018 1468 1282 1504; x_wconf 58' lang='lat' dir='ltr'>Pnovowmmr]</span> <span class='ocrx_word' id='word_1_326' title='bbox 1315 1468 1442 1498; x_wconf 77' lang='lat' dir='ltr'>Publice</span> <span class='ocrx_word' id='word_1_327' title='bbox 1474 1478 1620 1506; x_wconf 75' lang='lat' dir='ltr'>expone-</span> 
     </span>
     <span class='ocr_line' id='line_1_50' title="bbox 943 1506 1624 1545; baseline 0.003 -9"><span class='ocrx_word' id='word_1_328' title='bbox 943 1515 1022 1537; x_wconf 87' lang='lat' dir='ltr'>rent.</span> <span class='ocrx_word' id='word_1_329' title='bbox 1042 1506 1092 1536; x_wconf 86' lang='lat' dir='ltr'>Sic</span> <span class='ocrx_word' id='word_1_330' title='bbox 1109 1507 1225 1536; x_wconf 84' lang='lat' dir='ltr'>Plinius</span> <span class='ocrx_word' id='word_1_331' title='bbox 1243 1508 1359 1538; x_wconf 80' lang='lat' dir='ltr'>XXXV</span> <span class='ocrx_word' id='word_1_332' title='bbox 1373 1531 1381 1543; x_wconf 93' lang='lat'>‚</span> <span class='ocrx_word' id='word_1_333' title='bbox 1399 1520 1436 1545; x_wconf 84' lang='lat'>4,</span> <span class='ocrx_word' id='word_1_334' title='bbox 1452 1508 1490 1538; x_wconf 88' lang='lat' dir='ltr'>de</span> <span class='ocrx_word' id='word_1_335' title='bbox 1512 1509 1554 1537; x_wconf 86' lang='lat' dir='ltr'>M.</span> <span class='ocrx_word' id='word_1_336' title='bbox 1566 1511 1624 1538; x_wconf 79' lang='lat' dir='ltr'>Va-</span> 
     </span>
    </p>
   </div>
   <div class='ocr_carea' id='block_1_8' title="bbox 1648 290 1762 298">
    <p class='ocr_par' dir='ltr' id='par_1_11' title="bbox 1648 290 1762 298">
     <span class='ocr_line' id='line_1_51' title="bbox 1648 290 1762 298; baseline 0 0"><span class='ocrx_word' id='word_1_337' title='bbox 1648 290 1762 298; x_wconf 95' lang='lat' dir='ltr'> </span> 
     </span>
    </p>
   </div>
   <div class='ocr_carea' id='block_1_9' title="bbox 1647 298 1763 356">
    <p class='ocr_par' dir='ltr' id='par_1_12' title="bbox 1647 298 1763 356">
     <span class='ocr_line' id='line_1_52' title="bbox 1647 298 1762 313; baseline -0.009 0"><span class='ocrx_word' id='word_1_338' title='bbox 1647 298 1762 313; x_wconf 41' lang='lat' dir='ltr'>a</span> 
     </span>
     <span class='ocr_line' id='line_1_53' title="bbox 1648 333 1763 356; baseline -0.009 0"><span class='ocrx_word' id='word_1_339' title='bbox 1648 333 1678 356; x_wconf 78' lang='lat' dir='ltr'>A.</span> <span class='ocrx_word' id='word_1_340' title='bbox 1691 333 1720 354; x_wconf 79' lang='lat' dir='ltr'>L.</span> <span class='ocrx_word' id='word_1_341' title='bbox 1733 333 1763 355; x_wconf 90' lang='lat' dir='ltr'>C.</span> 
     </span>
    </p>
   </div>
   <div class='ocr_carea' id='block_1_10' title="bbox 1668 378 1742 514">
    <p class='ocr_par' dir='ltr' id='par_1_13' title="bbox 1668 378 1742 514">
     <span class='ocr_line' id='line_1_54' title="bbox 1671 378 1742 406; baseline -0.028 0"><span class='ocrx_word' id='word_1_342' title='bbox 1671 378 1742 406; x_wconf 86' lang='lat'><em>822.</em></span> 
     </span>
     <span class='ocr_line' id='line_1_55' title="bbox 1668 434 1734 458; baseline -0.015 0"><span class='ocrx_word' id='word_1_343' title='bbox 1668 434 1691 458; x_wconf 89' lang='lat' dir='ltr'>J.</span> <span class='ocrx_word' id='word_1_344' title='bbox 1704 435 1734 457; x_wconf 88' lang='lat' dir='ltr'>C.</span> 
     </span>
     <span class='ocr_line' id='line_1_56' title="bbox 1680 481 1730 514; baseline -0.02 -6"><span class='ocrx_word' id='word_1_345' title='bbox 1680 481 1730 514; x_wconf 82' lang='lat'>69.</span> 
     </span>
    </p>
   </div>
   <div class='ocr_carea' id='block_1_11' title="bbox 944 1545 1652 1584">
    <p class='ocr_par' dir='ltr' id='par_1_14' title="bbox 944 1545 1652 1584">
     <span class='ocr_line' id='line_1_57' title="bbox 944 1545 1652 1584; baseline 0 -9"><span class='ocrx_word' id='word_1_346' title='bbox 944 1545 1022 1576; x_wconf 83' lang='lat' dir='ltr'>letio</span> <span class='ocrx_word' id='word_1_347' title='bbox 1048 1547 1131 1576; x_wconf 86' lang='lat' dir='ltr'>Max.</span> <span class='ocrx_word' id='word_1_348' title='bbox 1151 1545 1294 1581; x_wconf 65' lang='lat' dir='ltr'>Messala,</span> <span class='ocrx_word' id='word_1_349' title='bbox 1323 1546 1366 1584; x_wconf 79' lang='lat' dir='ltr'>qui</span> <span class='ocrx_word' id='word_1_350' title='bbox 1386 1547 1514 1583; x_wconf 74' lang='lat' dir='ltr'>princeps</span> <span class='ocrx_word' id='word_1_351' title='bbox 1539 1547 1619 1576; x_wconf 53' lang='lat' dir='ltr'>zabuf</span> <span class='ocrx_word' id='word_1_352' title='bbox 1648 1558 1652 1562; x_wconf 94' lang='lat'>·</span> 
     </span>
    </p>
   </div>
   <div class='ocr_carea' id='block_1_12' title="bbox 940 1585 1620 2492">
    <p class='ocr_par' dir='ltr' id='par_1_15' title="bbox 943 1585 1620 1733">
     <span class='ocr_line' id='line_1_58' title="bbox 943 1585 1617 1625; baseline 0.003 -12"><span class='ocrx_word' id='word_1_353' title='bbox 943 1585 998 1613; x_wconf 86' lang='lat' dir='ltr'>lam</span> <span class='ocrx_word' id='word_1_354' title='bbox 1007 1585 1120 1622; x_wconf 58' lang='lat' dir='ltr'>piolurae</span> <span class='ocrx_word' id='word_1_355' title='bbox 1137 1585 1245 1622; x_wconf 79' lang='lat' dir='ltr'>proelii,</span> <span class='ocrx_word' id='word_1_356' title='bbox 1261 1595 1310 1623; x_wconf 83' lang='lat' dir='ltr'>quo</span> <span class='ocrx_word' id='word_1_357' title='bbox 1327 1585 1572 1625; x_wconf 76' lang='lat' dir='ltr'>Carthaginienses</span> <span class='ocrx_word' id='word_1_358' title='bbox 1586 1586 1617 1615; x_wconf 64' lang='grc' dir='ltr'>ὓ*</span> 
     </span>
     <span class='ocr_line' id='line_1_59' title="bbox 944 1623 1617 1662; baseline 0.003 -10"><span class='ocrx_word' id='word_1_359' title='bbox 944 1624 1087 1653; x_wconf 79' lang='lat' dir='ltr'>Hieronem</span> <span class='ocrx_word' id='word_1_360' title='bbox 1107 1625 1136 1653; x_wconf 83' lang='lat' dir='ltr'>in</span> <span class='ocrx_word' id='word_1_361' title='bbox 1148 1624 1249 1654; x_wconf 64' lang='lat' dir='ltr'>Sicilia</span> <span class='ocrx_word' id='word_1_362' title='bbox 1265 1623 1420 1661; x_wconf 47' lang='lat' dir='ltr'>deificet-ar,</span> <span class='ocrx_word' id='word_1_363' title='bbox 1437 1626 1570 1662; x_wconf 75' lang='lat' dir='ltr'>propofitit</span> <span class='ocrx_word' id='word_1_364' title='bbox 1586 1626 1617 1654; x_wconf 78' lang='lat' dir='ltr'>in</span> 
     </span>
     <span class='ocr_line' id='line_1_60' title="bbox 943 1663 1620 1703; baseline 0.003 -11"><span class='ocrx_word' id='word_1_365' title='bbox 943 1663 1028 1693; x_wconf 72' lang='lat' dir='ltr'>latere</span> <span class='ocrx_word' id='word_1_366' title='bbox 1047 1664 1130 1693; x_wconf 81' lang='lat' dir='ltr'>turiae</span> <span class='ocrx_word' id='word_1_367' title='bbox 1150 1664 1290 1703; x_wconf 66' lang='lat' dir='ltr'>Hostiliae,</span> <span class='ocrx_word' id='word_1_368' title='bbox 1314 1674 1386 1693; x_wconf 83' lang='lat' dir='ltr'>anno</span> <span class='ocrx_word' id='word_1_369' title='bbox 1411 1664 1444 1693; x_wconf 86' lang='lat' dir='ltr'>ab</span> <span class='ocrx_word' id='word_1_370' title='bbox 1464 1664 1536 1694; x_wconf 80' lang='lat' dir='ltr'>Urbe</span> <span class='ocrx_word' id='word_1_371' title='bbox 1552 1675 1620 1694; x_wconf 86' lang='lat' dir='ltr'>con-</span> 
     </span>
     <span class='ocr_line' id='line_1_61' title="bbox 943 1703 1156 1733; baseline 0 -1"><span class='ocrx_word' id='word_1_372' title='bbox 943 1703 1001 1732; x_wconf 62' lang='lat' dir='ltr'>dica</span> <span class='ocrx_word' id='word_1_373' title='bbox 1016 1711 1156 1733; x_wconf 80' lang='lat' dir='ltr'>ccccxc,</span> 
     </span>
    </p>

    <p class='ocr_par' dir='ltr' id='par_1_16' title="bbox 940 1742 1620 2058">
     <span class='ocr_line' id='line_1_62' title="bbox 982 1742 1618 1779; baseline 0 -6"><span class='ocrx_word' id='word_1_374' title='bbox 982 1747 997 1766; x_wconf 72' lang='lat'>⁴</span> <span class='ocrx_word' id='word_1_375' title='bbox 1018 1744 1051 1772; x_wconf 74' lang='lat' dir='ltr'>Iu</span> <span class='ocrx_word' id='word_1_376' title='bbox 1073 1753 1222 1773; x_wconf 69' lang='lat' dir='ltr'>susr‘Euso</span> <span class='ocrx_word' id='word_1_377' title='bbox 1247 1743 1388 1779; x_wconf 60' lang='lat' dir='ltr'>munit]</span> <span class='ocrx_word' id='word_1_378' title='bbox 1409 1742 1500 1773; x_wconf 87' lang='lat' dir='ltr'>Teste</span> <span class='ocrx_word' id='word_1_379' title='bbox 1517 1743 1618 1774; x_wconf 80' lang='lat' dir='ltr'>etiam</span> 
     </span>
     <span class='ocr_line' id='line_1_63' title="bbox 942 1782 1620 1819; baseline 0.001 -8"><span class='ocrx_word' id='word_1_380' title='bbox 942 1782 1113 1819; x_wconf 87' lang='lat' dir='ltr'>Suetonio,</span> <span class='ocrx_word' id='word_1_381' title='bbox 1127 1782 1161 1812; x_wconf 87' lang='lat' dir='ltr'>in</span> <span class='ocrx_word' id='word_1_382' title='bbox 1181 1782 1311 1813; x_wconf 87' lang='lat' dir='ltr'>Othone</span> <span class='ocrx_word' id='word_1_383' title='bbox 1325 1806 1334 1819; x_wconf 95' lang='lat'>‚</span> <span class='ocrx_word' id='word_1_384' title='bbox 1351 1784 1419 1813; x_wconf 89' lang='lat' dir='ltr'>VII.</span> <span class='ocrx_word' id='word_1_385' title='bbox 1433 1782 1526 1818; x_wconf 77' lang='lat' dir='ltr'>Super</span> <span class='ocrx_word' id='word_1_386' title='bbox 1547 1792 1620 1812; x_wconf 77' lang='lat' dir='ltr'>cete—</span> 
     </span>
     <span class='ocr_line' id='line_1_64' title="bbox 942 1820 1619 1861; baseline 0.001 -12"><span class='ocrx_word' id='word_1_387' title='bbox 942 1821 1200 1861; x_wconf 74' lang='lat' dir='ltr'>rasgratulantium</span> <span class='ocrx_word' id='word_1_388' title='bbox 1213 1821 1435 1860; x_wconf 72' lang='lat' dir='ltr'>adulantiumque</span> <span class='ocrx_word' id='word_1_389' title='bbox 1449 1820 1619 1859; x_wconf 77' lang='lat' dir='ltr'>blanditias,</span> 
     </span>
     <span class='ocr_line' id='line_1_65' title="bbox 943 1860 1618 1899; baseline 0 -10"><span class='ocrx_word' id='word_1_390' title='bbox 943 1860 976 1889; x_wconf 86' lang='lat' dir='ltr'>ab</span> <span class='ocrx_word' id='word_1_391' title='bbox 1000 1861 1095 1899; x_wconf 60' lang='lat' dir='ltr'>infimi</span> <span class='ocrx_word' id='word_1_392' title='bbox 1120 1861 1196 1898; x_wconf 78' lang='lat' dir='ltr'>plebe</span> <span class='ocrx_word' id='word_1_393' title='bbox 1216 1861 1369 1897; x_wconf 66' lang='lat' dir='ltr'>appellatus</span> <span class='ocrx_word' id='word_1_394' title='bbox 1391 1861 1488 1898; x_wconf 79' lang='lat' dir='ltr'>Nero,</span> <span class='ocrx_word' id='word_1_395' title='bbox 1515 1861 1618 1890; x_wconf 83' lang='lat' dir='ltr'>nullum</span> 
     </span>
     <span class='ocr_line' id='line_1_66' title="bbox 943 1899 1618 1945; baseline 0.001 -17"><span class='ocrx_word' id='word_1_396' title='bbox 943 1899 1073 1929; x_wconf 80' lang='lat' dir='ltr'>indicium</span> <span class='ocrx_word' id='word_1_397' title='bbox 1088 1900 1321 1940; x_wconf 70' lang='lat' dir='ltr'>recusantisdedit</span> <span class='ocrx_word' id='word_1_398' title='bbox 1334 1913 1342 1928; x_wconf 88' lang='lat'>.·</span> <span class='ocrx_word' id='word_1_399' title='bbox 1360 1901 1438 1930; x_wconf 81' lang='lat' dir='ltr'>immo</span> <span class='ocrx_word' id='word_1_400' title='bbox 1448 1924 1456 1938; x_wconf 85' lang='lat'>,</span> <span class='ocrx_word' id='word_1_401' title='bbox 1468 1909 1496 1929; x_wconf 76' lang='lat' dir='ltr'>ut</span> <span class='ocrx_word' id='word_1_402' title='bbox 1507 1900 1618 1945; x_wconf 73' lang='lat' dir='ltr'>quidam</span> 
     </span>
     <span class='ocr_line' id='line_1_67' title="bbox 943 1939 1616 1979; baseline 0 -11"><span class='ocrx_word' id='word_1_403' title='bbox 943 1939 1134 1978; x_wconf 75' lang='lat' dir='ltr'>tradiderunt,</span> <span class='ocrx_word' id='word_1_404' title='bbox 1157 1941 1241 1969; x_wconf 72' lang='lat' dir='ltr'>etiam</span> <span class='ocrx_word' id='word_1_405' title='bbox 1260 1940 1453 1976; x_wconf 70' lang='lat' dir='ltr'>diplomatibus</span> <span class='ocrx_word' id='word_1_406' title='bbox 1474 1940 1616 1979; x_wconf 49' lang='lat' dir='ltr'>primisque</span> 
     </span>
     <span class='ocr_line' id='line_1_68' title="bbox 942 1979 1617 2019; baseline 0 -10"><span class='ocrx_word' id='word_1_407' title='bbox 942 1979 1057 2019; x_wconf 75' lang='lat' dir='ltr'>epistolis</span> <span class='ocrx_word' id='word_1_408' title='bbox 1070 1980 1131 2018; x_wconf 82' lang='lat' dir='ltr'>suis</span> <span class='ocrx_word' id='word_1_409' title='bbox 1144 1979 1179 2008; x_wconf 77' lang='lat' dir='ltr'>ad</span> <span class='ocrx_word' id='word_1_410' title='bbox 1197 1979 1320 2019; x_wconf 72' lang='lat' dir='ltr'>quostiam</span> <span class='ocrx_word' id='word_1_411' title='bbox 1332 1979 1537 2016; x_wconf 73' lang='lat' dir='ltr'>provinciarum</span> <span class='ocrx_word' id='word_1_412' title='bbox 1544 1989 1617 2016; x_wconf 65' lang='grc' dir='ltr'><em>Γναῖ-</em></span> 
     </span>
     <span class='ocr_line' id='line_1_69' title="bbox 940 2018 1461 2058; baseline 0.002 -11"><span class='ocrx_word' id='word_1_413' title='bbox 940 2018 1010 2057; x_wconf 79' lang='lat' dir='ltr'>[ides</span> <span class='ocrx_word' id='word_1_414' title='bbox 1020 2043 1029 2055; x_wconf 91' lang='lat'>‚</span> <span class='ocrx_word' id='word_1_415' title='bbox 1053 2019 1177 2049; x_wconf 85' lang='lat' dir='ltr'>Neronis</span> <span class='ocrx_word' id='word_1_416' title='bbox 1190 2029 1336 2058; x_wconf 75' lang='lat' dir='ltr'>cognomen</span> <span class='ocrx_word' id='word_1_417' title='bbox 1349 2018 1461 2057; x_wconf 63' lang='lat' dir='ltr'>adjecit.</span> 
     </span>
    </p>

    <p class='ocr_par' dir='ltr' id='par_1_17' title="bbox 941 2058 1617 2207">
     <span class='ocr_line' id='line_1_70' title="bbox 985 2058 1617 2097; baseline 0 -8"><span class='ocrx_word' id='word_1_418' title='bbox 985 2064 993 2086; x_wconf 82' lang='lat'><em>5</em></span> <span class='ocrx_word' id='word_1_419' title='bbox 1018 2060 1238 2097; x_wconf 61' lang='lat' dir='ltr'>Rnoxomm]</span> <span class='ocrx_word' id='word_1_420' title='bbox 1260 2059 1449 2089; x_wconf 80' lang='lat' dir='ltr'>Habitabant</span> <span class='ocrx_word' id='word_1_421' title='bbox 1463 2058 1546 2089; x_wconf 88' lang='lat' dir='ltr'>inter</span> <span class='ocrx_word' id='word_1_422' title='bbox 1557 2059 1617 2089; x_wconf 83' lang='lat' dir='ltr'>Bo-</span> 
     </span>
     <span class='ocr_line' id='line_1_71' title="bbox 942 2097 1615 2135; baseline -0.003 -7"><span class='ocrx_word' id='word_1_423' title='bbox 942 2109 955 2128; x_wconf 86' lang='lat' dir='ltr'>r</span> <span class='ocrx_word' id='word_1_424' title='bbox 979 2098 1113 2129; x_wconf 88' lang='lat' dir='ltr'>sthenem</span> <span class='ocrx_word' id='word_1_425' title='bbox 1125 2122 1133 2135; x_wconf 90' lang='lat'><strong><em>‚</em></strong></span> <span class='ocrx_word' id='word_1_426' title='bbox 1154 2098 1178 2127; x_wconf 87' lang='lat' dir='ltr'>le</span> <span class='ocrx_word' id='word_1_427' title='bbox 1190 2097 1317 2134; x_wconf 75' lang='lat' dir='ltr'>Dnieper</span> <span class='ocrx_word' id='word_1_428' title='bbox 1329 2121 1337 2133; x_wconf 96' lang='lat'>,</span> <span class='ocrx_word' id='word_1_429' title='bbox 1361 2099 1395 2129; x_wconf 87' lang='lat'>&amp;</span> <span class='ocrx_word' id='word_1_430' title='bbox 1412 2097 1544 2128; x_wconf 78' lang='lat' dir='ltr'>Tanaim</span> <span class='ocrx_word' id='word_1_431' title='bbox 1558 2120 1566 2133; x_wconf 88' lang='lat'>‚</span> <span class='ocrx_word' id='word_1_432' title='bbox 1591 2098 1615 2126; x_wconf 81' lang='lat' dir='ltr'>le</span> 
     </span>
     <span class='ocr_line' id='line_1_72' title="bbox 942 2109 1614 2176; baseline 0 -10"><span class='ocrx_word' id='word_1_433' title='bbox 942 2109 1027 2167; x_wconf 50' lang='lat' dir='ltr'>[gorm</span> <span class='ocrx_word' id='word_1_434' title='bbox 1044 2148 1128 2169; x_wconf 88' lang='lat' dir='ltr'>nunc</span> <span class='ocrx_word' id='word_1_435' title='bbox 1152 2137 1243 2175; x_wconf 70' lang='lat' dir='ltr'>partie</span> <span class='ocrx_word' id='word_1_436' title='bbox 1263 2137 1294 2166; x_wconf 83' lang='lat' dir='ltr'>de</span> <span class='ocrx_word' id='word_1_437' title='bbox 1314 2137 1343 2167; x_wconf 81' lang='lat' dir='ltr'>la</span> <span class='ocrx_word' id='word_1_438' title='bbox 1367 2136 1453 2176; x_wconf 83' lang='lat' dir='ltr'>Ruffie</span> <span class='ocrx_word' id='word_1_439' title='bbox 1475 2136 1505 2166; x_wconf 64' lang='lat' dir='ltr'>Cr</span> <span class='ocrx_word' id='word_1_440' title='bbox 1531 2137 1563 2166; x_wconf 79' lang='lat' dir='ltr'>de</span> <span class='ocrx_word' id='word_1_441' title='bbox 1586 2137 1614 2166; x_wconf 83' lang='lat' dir='ltr'>la</span> 
     </span>
     <span class='ocr_line' id='line_1_73' title="bbox 941 2176 1079 2207; baseline 0.007 -1"><span class='ocrx_word' id='word_1_442' title='bbox 941 2176 1079 2207; x_wconf 77' lang='lat' dir='ltr'>Tartarie.</span> 
     </span>
    </p>

    <p class='ocr_par' dir='ltr' id='par_1_18' title="bbox 942 2214 1617 2405">
     <span class='ocr_line' id='line_1_74' title="bbox 983 2214 1615 2255; baseline -0.006 -8"><span class='ocrx_word' id='word_1_443' title='bbox 983 2218 995 2235; x_wconf 83' lang='lat'><strong>⁶</strong></span> <span class='ocrx_word' id='word_1_444' title='bbox 1020 2218 1065 2247; x_wconf 75' lang='lat' dir='ltr'>AD</span> <span class='ocrx_word' id='word_1_445' title='bbox 1090 2217 1223 2246; x_wconf 73' lang='grc' dir='ltr'>ΜαεςιΛΜ</span> <span class='ocrx_word' id='word_1_446' title='bbox 1241 2217 1255 2253; x_wconf 96' lang='grc'>]</span> <span class='ocrx_word' id='word_1_447' title='bbox 1275 2216 1370 2246; x_wconf 87' lang='lat' dir='ltr'>Nunc</span> <span class='ocrx_word' id='word_1_448' title='bbox 1391 2215 1417 2243; x_wconf 88' lang='lat' dir='ltr'>la</span> <span class='ocrx_word' id='word_1_449' title='bbox 1438 2215 1569 2255; x_wconf 78' lang='lat' dir='ltr'>Bulgarie</span> <span class='ocrx_word' id='word_1_450' title='bbox 1585 2214 1615 2244; x_wconf 60' lang='grc' dir='ltr'>ἰν</span> 
     </span>
     <span class='ocr_line' id='line_1_75' title="bbox 943 2253 1616 2290; baseline -0.006 -5"><span class='ocrx_word' id='word_1_451' title='bbox 943 2256 969 2285; x_wconf 81' lang='grc' dir='ltr'>[α</span> <span class='ocrx_word' id='word_1_452' title='bbox 998 2255 1104 2285; x_wconf 68' lang='lat' dir='ltr'>Servio.</span> <span class='ocrx_word' id='word_1_453' title='bbox 1125 2259 1149 2285; x_wconf 84' lang='lat' dir='ltr'>A</span> <span class='ocrx_word' id='word_1_454' title='bbox 1175 2256 1346 2290; x_wconf 72' lang='lat' dir='ltr'>&#39;sauruno-‚</span> <span class='ocrx_word' id='word_1_455' title='bbox 1367 2254 1464 2285; x_wconf 77' lang='lat' dir='ltr'>hodie</span> <span class='ocrx_word' id='word_1_456' title='bbox 1491 2253 1616 2290; x_wconf 63' lang='lat' dir='ltr'>Senilin,</span> 
     </span>
     <span class='ocr_line' id='line_1_76' title="bbox 942 2293 1617 2333; baseline -0.004 -8"><span class='ocrx_word' id='word_1_457' title='bbox 942 2296 980 2326; x_wconf 78' lang='lat' dir='ltr'>ad</span> <span class='ocrx_word' id='word_1_458' title='bbox 1009 2297 1144 2326; x_wconf 83' lang='lat' dir='ltr'>Pontum</span> <span class='ocrx_word' id='word_1_459' title='bbox 1174 2296 1267 2333; x_wconf 81' lang='lat' dir='ltr'>usque</span> <span class='ocrx_word' id='word_1_460' title='bbox 1283 2318 1291 2330; x_wconf 91' lang='lat'>,</span> <span class='ocrx_word' id='word_1_461' title='bbox 1316 2294 1344 2322; x_wconf 80' lang='lat' dir='ltr'>la</span> <span class='ocrx_word' id='word_1_462' title='bbox 1366 2293 1430 2322; x_wconf 68' lang='lat' dir='ltr'>Mer</span> <span class='ocrx_word' id='word_1_463' title='bbox 1446 2295 1539 2327; x_wconf 66' lang='lat' dir='ltr'>noire„</span> <span class='ocrx_word' id='word_1_464' title='bbox 1565 2294 1617 2323; x_wconf 41' lang='lat' dir='ltr'>ric*</span> 
     </span>
     <span class='ocr_line' id='line_1_77' title="bbox 943 2333 1616 2371; baseline -0.004 -6"><span class='ocrx_word' id='word_1_465' title='bbox 943 2336 1084 2366; x_wconf 81' lang='lat' dir='ltr'>currebat</span> <span class='ocrx_word' id='word_1_466' title='bbox 1114 2333 1219 2365; x_wconf 68' lang='lat' dir='ltr'>Moefia</span> <span class='ocrx_word' id='word_1_467' title='bbox 1238 2358 1246 2371; x_wconf 89' lang='lat'>,</span> <span class='ocrx_word' id='word_1_468' title='bbox 1279 2335 1352 2363; x_wconf 78' lang='lat' dir='ltr'>teste</span> <span class='ocrx_word' id='word_1_469' title='bbox 1373 2334 1476 2363; x_wconf 82' lang='lat' dir='ltr'>Plinio</span> <span class='ocrx_word' id='word_1_470' title='bbox 1497 2356 1505 2368; x_wconf 82' lang='lat'>,</span> <span class='ocrx_word' id='word_1_471' title='bbox 1530 2335 1566 2362; x_wconf 90' lang='lat' dir='ltr'>II</span> <span class='ocrx_word' id='word_1_472' title='bbox 1584 2334 1616 2367; x_wconf 92' lang='lat' dir='ltr'>I,</span> 
     </span>
     <span class='ocr_line' id='line_1_78' title="bbox 944 2379 993 2405; baseline -0.02 0"><span class='ocrx_word' id='word_1_473' title='bbox 944 2379 993 2405; x_wconf 88' lang='lat'>26.</span> 
     </span>
    </p>

    <p class='ocr_par' dir='ltr' id='par_1_19' title="bbox 944 2410 1618 2492">
     <span class='ocr_line' id='line_1_79' title="bbox 983 2410 1618 2449; baseline -0.008 -6"><span class='ocrx_word' id='word_1_474' title='bbox 983 2420 995 2439; x_wconf 84' lang='lat'><em>7</em></span> <span class='ocrx_word' id='word_1_475' title='bbox 1017 2415 1142 2443; x_wconf 62' lang='lat' dir='ltr'>Trnrm</span> <span class='ocrx_word' id='word_1_476' title='bbox 1166 2417 1285 2447; x_wconf 65' lang='lat' dir='ltr'>meto]</span> <span class='ocrx_word' id='word_1_477' title='bbox 1320 2415 1396 2448; x_wconf 74' lang='lat' dir='ltr'>Quo:</span> <span class='ocrx_word' id='word_1_478' title='bbox 1425 2422 1440 2440; x_wconf 81' lang='lat' dir='ltr'>c</span> <span class='ocrx_word' id='word_1_479' title='bbox 1472 2410 1558 2449; x_wconf 57' lang='lat' dir='ltr'>Syriai</span> <span class='ocrx_word' id='word_1_480' title='bbox 1585 2410 1618 2439; x_wconf 78' lang='lat' dir='ltr'>in</span> 
     </span>
     <span class='ocr_line' id='line_1_80' title="bbox 944 2450 1592 2492; baseline -0.011 -7"><span class='ocrx_word' id='word_1_481' title='bbox 944 2453 1080 2485; x_wconf 76' lang='lat' dir='ltr'>Moesiam</span> <span class='ocrx_word' id='word_1_482' title='bbox 1100 2452 1245 2492; x_wconf 62' lang='lat' dir='ltr'>transieras</span> <span class='ocrx_word' id='word_1_483' title='bbox 1261 2463 1266 2482; x_wconf 90' lang='lat'><strong>:</strong></span> <span class='ocrx_word' id='word_1_484' title='bbox 1286 2451 1366 2481; x_wconf 64' lang='lat' dir='ltr'>infra</span> <span class='ocrx_word' id='word_1_485' title='bbox 1384 2450 1456 2481; x_wconf 83' lang='lat' dir='ltr'>Ilill.</span> <span class='ocrx_word' id='word_1_486' title='bbox 1475 2452 1500 2479; x_wconf 82' lang='lat' dir='ltr'>II</span> <span class='ocrx_word' id='word_1_487' title='bbox 1514 2474 1521 2487; x_wconf 78' lang='lat'>‚</span> <span class='ocrx_word' id='word_1_488' title='bbox 1544 2460 1592 2486; x_wconf 48' lang='grc' dir='ltr'>κς.</span> 
     </span>
    </p>
   </div>
  </div>
 </body>
</html>
