2209 3047
326 176 408 218 AD
437 177 659 219 LIBRUM
683 177 756 219 IV.
782 176 926 219 HIST.
954 177 1002 218 C,
1030 176 1209 218 CORN.
1236 175 1445 219 TACITI.
1491 182 1544 229 48
1551 191 1577 227 9

600 303 1181 356 SANCTIO.

200 413 372 444 sxovrs.
409 414 635 438 HVIVSCE.
676 414 825 437 LEors.
861 412 998 436 Essoo.
1027 412 1279 438 ADVERsvs.
1312 413 1466 439 LEGEs.
1502 415 1578 440 Ro-

256 463 529 487 GATIONES.
565 463 808 487 PLEBISVE.
841 463 999 486 sclTA.

256 514 549 538 SENATVSVE.
606 511 881 537 CONSVLTA.
928 511 1103 537 FECIT.
1153 511 1390 537 FECERIT.
1446 514 1576 540 SIVE.

255 564 397 593 QVOD.
438 564 539 588 EVM.
574 564 638 586 EX.
676 561 804 585 LEGE.
841 561 1148 585 ROGATIONE.

253 613 504 638 PLEBISVE.
530 612 678 636 SCITO.
710 612 737 634 S.
768 610 836 634 VE.
865 612 897 634 C.
928 611 1121 635 FACERE.
1149 610 1433 637 OPORTEBIT.
1463 612 1576 638 NON.

255 663 495 687 FECERIT.
532 661 705 686 HV1vs.
741 660 897 684 LEG1s.

254 713 392 736 ERGO.
420 713 483 735 ID.
504 712 559 734 EI.
580 710 863 735 NE.FRAVD1.
891 711 1021 735 ESTO.
1052 711 1187 735 NEVE.
1220 710 1351 741 QVIT.
1374 710 1440 736 ΟΒ.
1467 713 1576 738 EAM.

253 762 360 785 REM.
390 760 580 794 POPVLO.
612 760 751 783 DARE.
782 761 983 784 DEBETO.

253 811 383 835 NEVE.
405 810 492 834 cur.
520 811 586 833 DE.
613 810 679 835 EA.
706 810 770 842 RE.
796 810 955 834 ACTIO.
986 810 1116 836 NEVE.
1142 810 1416 836 1VD1CAT10.
1445 810 1575 837 Esro.

252 861 389 884 NEVE.
419 861 538 890 QVIS·
570 860 640 883 DE.
666 859 736 884 EA.
762 859 830 884 RE.
858 859 1003 885 APVD.

250 899 286 946 fi:
311 910 399 934 aG1.
428 908 620 933 errTo.

251 997 362 1034 Initia
385 998 472 1047 legis
503 997 664 1046 periere,
688 997 840 1047 quibus,
862 1006 903 1033 ut
932 998 1113 1045 conjicere
1138 998 1248 1042 licet,
1277 998 1439 1034 omnium
1465 1008 1580 1035 rerum

197 1047 252 1096 jus
267 1076 276 1090 ‚
299 1048 485 1083 arbitrium
506 1048 590 1083 vita:
607 1051 639 1083 ὃς
658 1047 755 1084 necis
770 1076 780 1090 ‚
808 1047 894 1083 belli
928 1061 969 1084 ac
996 1048 1094 1097 pacis
1121 1049 1339 1084 commercia
1362 1046 1579 1096 Vespasiano

196 1096 495 1146 permittebantur
520 1098 601 1141 ita‚'
619 1097 671 1132 uti
695 1097 784 1134 divo
807 1097 968 1147 Augusto
988 1126 998 1142 ‚
1024 1098 1176 1135 Tiberio
1191 1127 1201 1142 ‚
1227 1097 1457 1147 claudioque
1484 1097 1581 1135 fuere

197 1147 370 1196 permissa.
402 1148 449 1183 lis
474 1147 716 1184 subuenitur:

253 1198 422 1245 Foedusque
438 1226 447 1241 ‚
471 1211 539 1232 cum
558 1199 667 1246 quibus
689 1199 774 1232 volet
787 1225 796 1240 ,
809 1197 919 1243 facere
937 1199 1028 1233 liceat
1049 1200 1114 1240 ita,
1145 1198 1192 1232 ιιτὶ
1214 1200 1307 1233 licuit
1322 1199 1396 1233 divo
1413 1197 1556 1245 Augusto
1572 1226 1581 1239 ‚

197 1247 321 1282 Tiberio
342 1249 428 1282 Julio
448 1248 562 1286 Caeslzri
576 1247 720 1295 Augusto
737 1275 745 1290 ,
773 1248 951 1295 Tiberioque
974 1249 1112 1283 Claudio
1139 1248 1257 1292 Caesari
1279 1248 1425 1294 Augusto
1443 1249 1583 1282 Germa-

197 1297 458 1333 nico.Tiberius
470 1297 671 1345 adoptione
691 1297 728 1332 in
744 1296 874 1333 Juliam
895 1296 1065 1333 familiam
1084 1297 1265 1334 transierat
1290 1312 1298 1333 :
1329 1297 1413 1333 inde
1440 1296 1492 1332 illi
1511 1309 1583 1332 no-

197 1359 279 1382 men
301 1347 422 1382 Tiberio
442 1348 528 1382 Iulio
552 1348 680 1394 Ca’fizri.
706 1346 751 1381 Et
771 1356 809 1381 ut
831 1348 907 1393 jura
923 1346 1136 1382 dominandi
1151 1348 1262 1396 magis
1276 1360 1317 1383 ac
1334 1347 1445 1395 magis
1466 1347 1582 1382 firma-

197 1406 267 1438 ret,
296 1396 406 1444 vulgo
430 1396 616 1432 dicebatur
634 1408 685 1431 TI.
703 1407 860 1431 CAESAR.
889 1407 983 1431 D1v1.
1006 1408 1094 1432 Avo.
1122 1409 1150 1431 F.
1170 1409 1580 1434 n›1v1.1v1.1.NE1>.Avc;.

194 1444 234 1481 id
255 1445 303 1482 est
322 1474 331 1487 ‚
365 1447 506 1482 Tiberius
533 1447 653 1493 Caefizm
676 1446 745 1480 divi
765 1445 1011 1493 Augustifilius
1029 1472 1038 1487 ,
1069 1446 1138 1481 divi
1163 1447 1245 1482 Iulii
1269 1461 1382 1491 nepos,
1406 1447 1581 1493 Augustus.

196 1495 240 1530 In
261 1495 440 1532 veteribus
461 1509 607 1544 quoque
629 1494 933 1542 Inscriptionibus
960 1506 1203 1531 memorantur
1228 1496 1341 1539 servi,
1370 1496 1431 1545 qui
1458 1496 1583 1545 appel-

196 1544 317 1581 lantur
339 1557 411 1581 TIB.
433 1557 563 1582 IVLIVS.
588 1557 675 1581 AvG.
705 1556 775 1579 ΜΒ.
804 1544 841 1578 id
863 1544 910 1581 est
925 1571 933 1586 ,
967 1546 1107 1581 Tiberius
1126 1548 1232 1585 Julius
1260 1547 1398 1596 Augusti
1422 1548 1551 1582 libertus
1566 1560 1583 1589 ;

196 1594 298 1644 quod
328 1607 460 1631 nomen
483 1607 502 1630 a
520 1605 677 1643 patrono
700 1594 765 1630 suo
782 1593 933 1630 Tiberio
948 1594 1046 1631 Julio
1064 1595 1228 1645 Augusto
1252 1596 1335 1632 sane
1356 1608 1580 1644 acceperant.

197 1644 360 1681 Nomina
391 1656 508 1681 autem
533 1644 617 1681 Julii
641 1644 789 1680 Caesaris
805 1671 814 1686 ‚
837 1644 920 1680 Caii
942 1644 1118 1693 Caligulae
1145 1673 1154 1689 ‚
1183 1645 1363 1689 Neronis,
1395 1645 1454 1681 hic
1480 1650 1511 1682 δε
1543 1647 1582 1682 in

197 1694 427 1743 sequentibus
442 1695 619 1743 capitibus
638 1694 865 1731 omittuntur.
888 1695 945 1730 Ac
971 1695 1098 1731 merito
1126 1695 1282 1743 quidem.
1311 1695 1460 1731 Nullum
1484 1696 1581 1733 enim

198 1744 387 1792 imperium
406 1773 415 1787 ‚
448 1744 546 1780 nulla
573 1744 628 1780 lex
659 1745 821 1793 imperii,
846 1745 929 1780 cum
957 1746 999 1780 C.
1034 1744 1145 1780 Julius
1165 1746 1283 1781 Caesar
1310 1745 1470 1782 cecidit:
1500 1745 1582 1782 Caii

199 1795 286 1831 vero
302 1794 476 1843 Caligulae*
495 1807 536 1830 ac
550 1794 705 1830 Neronis
719 1795 894 1830 memoria
919 1794 1084 1830 damnata
1101 1825 1110 1840 ,
1138 1795 1291 1843 proinde
1308 1795 1450 1832 silenda.
1477 1797 1582 1832 Cete-

198 1857 320 1881 rorum
336 1844 541 1892 Principum
561 1844 707 1885 Galbte,
732 1844 893 1880 Othonis
908 1847 940 1880 δε
956 1844 1094 1880 Vitellii
1117 1845 1252 1881 fluxum
1270 1846 1458 1894 imperium
1474 1874 1484 1890 ‚
1512 1859 1580 1883 nee

197 1894 236 1930 in
261 1894 334 1930 hoc
353 1894 514 1930 civilium
527 1894 707 1930 bellorum
720 1894 790 1932 fine
806 1894 1089 1931 memorandum.

251 1945 364 1992 Utique
380 1945 568 1991 eisenatum
587 1946 696 1980 hahere
710 1974 719 1986 ‚
743 1946 929 1980 relationem
945 1945 1072 1992 facere,
1102 1948 1258 1981 remittere
1276 1960 1290 1988 ;
1309 1947 1580 1996 senatusconsiilta

195 2007 254 2040 per
271 1995 455 2030 relationem
477 1994 740 2042 discessionemque
766 1995 876 2042 facere
897 1996 991 2030 liceat
1012 1997 1082 2038 ica,
1115 1997 1161 2030 ιιιὶ
1190 1997 1281 2031 licuit
1303 1997 1377 2031 divo
1403 1997 1545 2045 Augusto
1569 2026 1579 2040 ,

199 2044 322 2078 Tiberio
343 2046 430 2082 Julio
447 2046 564 2091 Coesizri
583 2044 725 2092 Augusto
741 2075 749 2086 ,
778 2045 900 2080 Tiberio
920 2045 1056 2079 Claudio
1079 2047 1194 2091 Caefari
1212 2045 1354 2094 Augusto
1377 2047 1579 2083 Germanico.

202 2092 338 2138 Quod,
356 2093 468 2130 libera
495 2093 586 2130 olim
604 2093 789 2142 republica
808 2120 817 2135 ,
840 2094 1035 2142 majoribus
1060 2094 1200 2131 tantum
1225 2095 1482 2145 magistratibus
1506 2108 1581 2133 erat

202 2142 344 2183 datum,
376 2142 413 2178 id
437 2142 597 2192 Principi
617 2143 820 2180 concellum
839 2144 907 2186 est,
935 2155 974 2179 ut
993 2144 1150 2180 senatum
1174 2145 1321 2181 haberet
1338 2172 1346 2187 ,
1365 2146 1408 2187 de
1424 2146 1578 2195 negotiis

201 2192 414 2228 relationem
433 2192 579 2235 faceret,
608 2193 867 2230 relationemve
882 2193 926 2234 ad
944 2193 1102 2230 senatum
1128 2195 1321 2232 remitteret
1336 2223 1345 2239 ,
1365 2207 1404 2232 ut
1421 2195 1579 2231 senatus-

203 2242 369 2279 consulta
392 2242 523 2278 faceret
547 2255 610 2290 per
633 2243 843 2280 relationem
858 2271 867 2286 ,
892 2243 1100 2292 conquifitis
1119 2257 1246 2293 nempe
1263 2244 1480 2292 fingulorum
1500 2245 1579 2281 sen-

204 2291 325 2329 tentiis
347 2319 355 2334 ,
387 2291 445 2328 vel
473 2305 534 2340 per
558 2292 804 2329 discessionem
825 2320 833 2335 ,
861 2294 942 2328 cum
963 2293 1060 2329 curia
1076 2293 1112 2328 in
1128 2306 1243 2342 partes
1263 2292 1476 2331 diseedebat.
1498 2296 1578 2330 Ηυ-

202 2341 297 2387 jusce
314 2352 431 2377 autem
458 2342 538 2376 usus
555 2342 648 2377 ratio
669 2369 676 2383 ‚
700 2342 797 2391 quod
822 2342 913 2391 saepe
932 2343 1042 2379 rubor
1058 2343 1215 2381 timorve
1234 2344 1369 2387 inerat,
1401 2345 1420 2379 si
1454 2343 1581 2389 linguli

204 2389 394 2430 sententias
409 2391 484 2429 suas
497 2392 724 2440 proferrent3
749 2393 876 2433 contr&
898 2393 984 2433 vero
1005 2406 1073 2432 nec
1086 2393 1197 2434 rubor
1210 2423 1221 2440 ‚
1240 2408 1308 2432 nec
1336 2394 1443 2430 timor
1460 2421 1470 2439 ‚
1498 2392 1521 2429 li
1542 2393 1581 2430 in

332 2461 370 2501 T
366 2477 438 2506 om.
470 2463 550 2507 III.
1276 2467 1318 2521 Q
1331 2480 1355 2519 q
1370 2479 1395 2520 q
