2209 3047
579 211 662 260 558
778 197 1000 241 NoTAE
1047 194 1131 235 ET
1176 188 1771 236 EMENDATIONES

581 280 787 318 Judaeorum
807 274 929 310 studiis
944 300 953 315 ,
978 271 1190 321 imperiique
1213 268 1370 306 Romani
1388 281 1488 318 pace.
1508 269 1606 306 Tum
1631 270 1727 307 enim
1745 270 1901 320 primum
1920 276 1964 313 ad

580 325 804 366 Salomonici
830 323 957 372 templi
978 334 1035 358 ma
1063 321 1282 358 nificentiam
1303 319 1474 356 accedere
1501 319 1617 356 visum
1644 321 1702 358 est.
1727 321 1876 371 Insuper
1901 324 1965 361 lo-

578 377 832 428 cupletiffimus
859 373 1008 424 quisque
1037 335 1244 410 ffudaeorum
1275 370 1405 407 domos
1435 370 1472 406 in
1489 371 1628 420 templo
1657 371 1871 409 exstruxerat
1889 401 1899 416 ‚
1925 374 1964 411 in

579 430 709 480 quibus
738 438 826 475 opes
858 426 934 461 suas
961 422 1173 460 condiderat
1204 450 1215 466 ,
1249 422 1299 457 ita
1324 433 1364 457 ut
1383 431 1469 457 tunc
1499 421 1551 456 ibi
1574 421 1683 458 essent
1706 422 1818 458 totius
1847 424 1965 472 gentis

579 477 757 520 thesauri,
784 475 871 512 teste
889 474 1048 522 Josepho
1065 499 1074 514 ‚
1102 473 1274 511 Bellffud.
1294 471 1346 507 VI
1361 500 1369 515 ‚
1396 483 1436 521 ς,
1452 484 1550 508 num.
1570 485 1606 508 2.
1634 475 1702 511 Παῖς
1728 479 1741 508 ὁ
1770 475 1900 518 ι’κὸαᾷων
1919 492 1963 510 σε-

580 530 702 578 σώρευτο
729 530 855 567 mabog.
888 524 976 561 Non
1004 522 1181 559 immerito
1211 534 1298 572 ergo
1320 521 1470 558 Tacitus
1493 523 1648 569 immensae
1679 524 1846 569 opulentiae
1881 535 1965 559 tem-

576 581 669 627 plum
699 577 800 613 dixit.

634 628 823 665 Haeremus
853 636 971 661 aurem
996 650 1006 667 ‚
1048 623 1133 659 cum
1159 622 1236 658 illas
1259 623 1386 671 templi
1409 622 1737 672 Hierosolymitani
1762 635 1850 672 opes
1872 623 1968 674 legi-

581 691 659 717 mus
675 706 684 722 ,
713 681 747 714 &
766 675 967 714 nostrorum
991 674 1211 722 templorum
1226 674 1432 721 pauperiem
1456 673 1754 722 contemplamur.
1782 676 1835 710 At
1861 686 1968 722 repu-

580 741 697 767 temus
719 727 867 765 unicum
896 723 994 760 fuisse
1018 736 1094 759 non
1115 723 1228 759 modo
1252 723 1349 759 urbis
1376 723 1719 773 Hierosolymorum
1737 752 1746 766 ‚
1779 722 1839 760 sed
1855 724 1968 761 totius

581 779 741 819 Judaieae
770 776 885 827 gentis
919 774 1104 822 templum.
1136 773 1173 810 Si
1199 774 1345 810 unicum
1368 786 1514 823 quoque
1533 774 1640 811 nobis
1659 774 1753 810 foret
1769 801 1778 817 ,
1809 777 1844 810 ὃς
1860 774 1969 824 quid-

581 829 673 881 quid
700 829 736 863 in
765 838 822 862 tor
843 823 976 872 templa
995 836 1192 874 eorumque
1210 834 1418 873 apparatum
1436 823 1505 859 fuit
1519 824 1712 872 expensum
1727 823 1765 859 in
1782 836 1858 860 uno
1877 836 1969 861 tem-

583 880 649 931 plo
677 877 865 914 colleeum
883 874 1091 910 haberemus
1111 901 1121 917 ,
1150 875 1286 924 quant‘o
1312 875 1462 922 majores
1478 886 1566 923 opes
1577 873 1785 910 miraremur
1809 876 1816 909 !

633 930 688 964 ET
731 938 855 963 PRIMIS
894 935 1142 960 MUNJMENTls
1172 928 1190 970 ]
1230 927 1349 960 Primis
1371 924 1507 960 habent
1535 923 1617 959 libri
1644 936 1769 960 omnes
1791 923 1914 973 scripti
1937 926 1971 961 &

584 978 686 1017 editi.
710 976 835 1013 Mallet
850 985 970 1011 tamen
984 973 1139 1023 Lipsius,
1159 978 1273 1018 trinis,
1291 974 1393 1024 quod
1414 974 1511 1009 urbis
1536 973 1881 1022 Hierosolymorum
1901 984 1972 1010 tres

585 1028 694 1067 essent
707 1038 841 1075 partes,
862 1025 931 1060 suis
948 1037 1099 1075 quaeque
1116 1024 1271 1062 defensae
1294 1024 1536 1060 munimentis.
1556 1023 1654 1060 Male
1665 1023 1864 1060 Beroaldus
1877 1052 1887 1068 ‚
1905 1038 1973 1059 mo·-

585 1082 754 1115 numemis.
779 1075 938 1125 Ryckius
967 1088 986 1111 e
1013 1075 1080 1111 ΜΓ.
1100 1074 1187 1125 Agr.
1212 1089 1252 1111 ex
1262 1078 1377 1121 primis
1390 1077 1593 1110 munimentis
1617 1074 1726 1120 urbis,
1755 1073 1794 1109 id
1817 1073 1865 1111 est
1882 1087 1971 1121 prae-

586 1133 711 1175 cipuum
725 1130 954 1161 munimentum
971 1126 1066 1161 urbis.

641 1178 743 1213 Usssss
760 1204 770 1219 ‚
801 1187 895 1212 DEIN
925 1178 1076 1220 REGIA]
1106 1174 1257 1222 Optime
1284 1175 1463 1211 Mercerus
1487 1176 1521 1210 ὃς
1546 1173 1791 1210 Recentiores.
1827 1172 1974 1209 Peffime

586 1227 655 1265 Ms.
690 1226 803 1263 Corb.
836 1226 908 1260 urbs
933 1225 1094 1272 deningia.
1123 1224 1190 1260 Ms.
1210 1224 1296 1275 Reg.
1326 1239 1377 1260 urs
1400 1226 1436 1260 ob
1463 1225 1603 1271 denigia.
1635 1222 1760 1259 Editio
1775 1222 1945 1272 princeps
1963 1248 1974 1265 ‚

586 1292 639 1313 urs
663 1278 699 1313 ob
722 1277 794 1312 dein
818 1278 915 1323 jugis.
939 1274 1016 1311 Mff.
1034 1274 1135 1311 Harl.
1159 1274 1267 1311 Bodl.
1286 1275 1352 1312 Jes.
1368 1274 1632 1311 &Puteolanus
1657 1304 1665 1316 ,
1699 1274 1771 1309 urbs
1786 1288 1800 1308 :
1824 1274 1895 1309 dein
1912 1277 1975 1320 ju-

586 1332 648 1377 gis.
673 1327 783 1363 Unde
799 1326 992 1362 Rhenanus
1014 1324 1267 1362 emendaverat
1288 1354 1298 1369 ,
1324 1327 1395 1361 urbs
1427 1325 1561 1374 dejugis.
1597 1324 1781 1360 Tentabat
1803 1322 1940 1373 Lipfius
1964 1348 1978 1367 ‚

587 1379 683 1419 urbs,
702 1378 738 1412 ob
752 1378 893 1425 dejugia.
921 1375 1084 1424 Ryckius
1108 1388 1128 1412 e
1148 1374 1214 1412 suo
1241 1376 1309 1413 Ms.
1336 1377 1427 1425 Agr.
1444 1374 1538 1411 male
1561 1373 1696 1418 edidit,
1723 1375 1807 1410 urbis
1821 1404 1830 1416 ,
1858 1375 1977 1410 alieni-

583 1431 676 1478 genis
694 1428 846 1473 templum
862 1429 996 1461 interius
1012 1426 1163 1473 claufitm.

642 1478 705 1513 AD
732 1488 849 1512 FORES
877 1479 1074 1521 TANTUM]
1106 1474 1205 1510 Male
1221 1475 1290 1510 Ms.
1309 1474 1432 1510 Guelf.
1452 1474 1493 1509 ad
1504 1474 1593 1520 fores
1607 1484 1724 1509 tamen.

643 1527 795 1562 INTuvns
823 1537 1002 1561 CLAUSUM
1023 1527 1034 1571 ]
1063 1527 1191 1559 Intimis
1223 1523 1319 1560 abest
1348 1535 1369 1558 a
1386 1524 1453 1560 Ms.
1476 1523 1591 1559 Corb.
1618 1522 1757 1557 Frustra
1780 1531 1896 1558 tentat
1918 1521 1978 1557 Cl.

589 1575 755 1614 Ernestus
770 1601 779 1616 ‚
802 1576 920 1610 canens
934 1603 944 1618 ,
972 1574 1031 1611 vel
1056 1575 1244 1610 adeuntibus
1260 1574 1412 1621 clausum.

644 1627 786 1663 JUDAEO
819 1629 989 1672 ADITus]
1021 1624 1211 1674 Perperam
1240 1623 1320 1660 Mss.
1342 1623 1431 1674 Reg.
1452 1621 1567 1660 Corb.
1588 1624 1622 1658 &
1646 1621 1762 1659 editio
1785 1620 1953 1671 princeps
1967 1646 1980 1666 ‚

592 1677 722 1714 Judaeae.

641 1727 733 1762 ΝΛΜ
760 1737 810 1761 EA
832 1737 1082 1762 TEMPESTATE
1105 1725 1281 1761 ARsAcEs
1307 1726 1584 1768 DESCWERAT]
1615 1722 1672 1758 Cl.
1698 1721 1864 1758 Ernestus
1888 1720 1983 1758 exis-

596 1777 698 1812 timat
720 1776 829 1812 verba
856 1776 935 1811 haec
966 1775 1032 1811 esse
1060 1774 1345 1812 additamentum
1375 1772 1535 1824 imperiti
1567 1771 1740 1810 hominis.
1764 1772 1813 1807 At
1834 1771 1905 1807 hac
1935 1770 1980 1808 de

598 1839 634 1863 re
662 1826 793 1862 dieium
817 1825 865 1861 est
882 1825 962 1860 satis
987 1825 1025 1860 in
1044 1824 1165 1861 Notis.

650 1876 723 1914 81131
754 1879 851 1922 IPSI]
881 1875 949 1911 Ms.
973 1875 1242 1922 Corb.sedipfi.

653 1925 814 1962 Piiocur.
841 1930 1000 1972 ERANT]
1026 1927 1124 1962 Bene
1138 1925 1215 1961 ΜΠ.
1232 1925 1330 1961 Flor.
1349 1924 1438 1974 Reg.
1453 1923 1566 1960 Corb.
1578 1923 1667 1973 Agr.
1683 1922 1799 1959 editio
1817 1922 1983 1972 princeps

598 1979 634 2012 ὃς
649 1976 875 2013 recentiores.
904 1974 981 2011 ΜΠ.
1000 1975 1102 2012 Harl.
1119 1975 1226 2012 Bodl.
1245 1975 1312 2012 Jes.
1331 1978 1364 2011 ὃς
1381 1974 1600 2011 Puteolanus
1615 2001 1624 2017 ,
1651 1974 1764 2020 procul
1787 1974 1930 2008 aberant.

650 2075 757 2112 CAP.
775 2076 840 2113 IX.
869 2075 1028 2113 JUDAEOS
1054 2078 1239 2121 Domurr]
1280 2074 1404 2110 Judaeos
1439 2073 1535 2110 abest
1575 2085 1596 2108 a
1634 2072 1702 2109 Ms.
1733 2071 1846 2108 Corb.
1888 2069 1985 2107 Illud

602 2138 749 2175 quoque
775 2125 892 2162 omisit
913 2125 1063 2175 Lipsius.

657 2174 796 2211 NULLA
827 2188 941 2212 INTUS
967 2188 1079 2212 DEUM
1102 2177 1281 2219 EFHGOE]
1310 2174 1408 2212 Bene
1434 2174 1504 2211 Ms.
1533 2172 1647 2210 Corb.
1672 2171 1787 2208 editio
1816 2170 1985 2220 princeps

604 2228 640 2262 &
668 2226 896 2262 recentiores.
934 2226 1009 2263 ΜΠ.
1042 2224 1145 2262 Harl.
1177 2224 1285 2262 Bodl.
1313 2225 1383 2262 Jes.
1405 2224 1525 2262 Guelf.
1549 2227 1584 2261 &
1606 2222 1849 2266 Puteolanus,
1878 2222 1985 2256 nullas

605 2278 692 2311 intus
720 2277 812 2311 desim
838 2275 966 2323 effigies.

657 2326 785 2363 C1V1L1
819 2337 936 2362 INTER
978 2338 1050 2361 nos
1085 2329 1238 2371 BELLo]
1270 2324 1326 2361 Ita
1345 2324 1414 2361 Ms.
1446 2325 1534 2373 Agr.
1561 2326 1594 2360 &
1620 2323 1677 2359 Cl.
1702 2319 1865 2357 Ernestus
1885 2346 1895 2362 ,
1923 2319 1986 2368 qui

605 2384 726 2412 tamen
747 2375 805 2412 vel
822 2378 912 2410 civiti
926 2404 936 2419 ,
965 2376 1022 2412 vel
1048 2379 1130 2411 inter
1153 2390 1207 2411 nos
1226 2374 1424 2412 redundare
1443 2374 1628 2411 existimat.
1648 2374 1690 2408 In
1703 2371 1778 2407 Mff.
1789 2367 1985 2417 Flor.Reg.

607 2425 720 2481 ῼοὼ.
736 2425 942 2464 &editione
955 2425 1143 2475 principe,
1164 2427 1255 2462 civili
1278 2429 1402 2462 interno
1421 2426 1515 2462 bello.
1535 2422 1754 2461 Puteolanus
1767 2448 1777 2464 ‚
1796 2421 1886 2456 civili
1906 2421 1986 2455 belzo

609 2486 741 2512 ΠΗΕΙἭΟ.
