2209 3047
477 315 509 339 Α.
520 316 548 338 ι’.
559 315 589 337 C.

494 363 566 397 823.

493 413 516 435 J.
535 412 566 436 C.

505 468 558 496 70.

622 189 711 224 266
876 182 924 222 C.
984 179 1398 223 CORNELII
1452 176 1737 221 TACITI

615 265 748 304 »tium
767 263 896 304 exitus
907 292 919 313 ‚
937 261 1062 316 quam·
1073 261 1170 304 fides
1187 262 1383 315 famaque.
1403 257 1599 300 Tolerant
1619 262 1710 300 cum
1730 261 1903 302 maxime
1918 264 2001 305 ino-

614 345 635 365 »
647 328 753 383 piam
771 326 1043 380 obsidiumque
1059 326 1164 382 apud
1178 326 1327 366 Vetera
1346 322 1550 378 legiones,
1570 337 1648 364 nec
1662 336 1813 364 terrore
1829 338 1896 365 aut
1911 340 2001 381 pro-

613 390 762 431 »miffis
783 390 1060 431 demoventur.
1079 388 1211 430 Nobis
1225 418 1238 438 ,
1267 388 1382 443 super
1403 402 1511 427 arma
1541 390 1582 428 ὅ(
1606 388 1741 437 viros,
1770 391 1811 427 &
1840 390 2002 442 egregia

614 455 863 495 »castrorum
892 455 1167 502 munimenta,
1198 451 1444 492 frumentum
1476 455 1518 492 &
1545 463 1794 492 commeatus
1821 452 2002 504 quamvis

613 516 774 572 »longo
794 516 904 558 bello
930 532 1054 572 pares.
1075 516 1251 556 Pecunia
1271 529 1397 571 nuper
1417 516 1539 556 etiam
1559 513 1753 555 donativo
1779 519 1789 535 ¹
1814 514 2000 561 suffecit;

613 597 635 619 >³
646 581 755 635 quod
775 580 853 622 five
875 596 896 622 a
916 579 1184 635 Vespasiano,
1214 578 1292 619 sive
1328 594 1350 619 a
1371 577 1542 620 Vitellio
1577 576 1715 618 datum
1748 578 2000 633 interpretari

611 643 831 685 »mavultis
844 673 857 694 ,
883 643 930 684 ab
955 644 1202 698 Imperatore
1225 643 1333 683 certe
1354 642 1546 683 Romano
1570 641 1789 697 accepistis.
1811 640 1896 681 Tot
1915 638 2002 681 bel-

610 724 633 746 >›
643 705 775 749 lorum
820 708 988 747 vir-stores
1002 735 1014 755 ‚
1043 705 1148 761 apud
1171 703 1401 746 Geldubam
1419 709 1433 726 ²
1456 735 1470 756 ,
1498 705 1603 761 apud
1622 706 1770 746 Vetera
1785 734 1799 754 ,
1823 704 1911 745 fuso
1935 717 2002 744 to-

609 787 633 808 >2
643 772 745 812 tiens
769 770 904 819 hoste,
930 769 957 807 fi
975 770 1129 825 pavetis
1151 770 1305 819 aciem,
1332 769 1543 823 indignum
1564 768 1604 809 id
1632 768 1819 822 quidem:
1850 767 1918 808 sed
1946 767 2000 807 est

608 832 793 874 »vallum
815 833 1026 886 murique,
1052 837 1092 873 ὃ(
1116 833 1298 873 trahendi
1321 846 1450 882 artes,
1475 831 1606 872 donec
1634 846 1656 872 e
1683 831 1877 887 proximis
1906 845 1999 885 pro-

607 898 784 937 »vinciis
801 895 949 936 auxilia
965 895 1242 950 exercitusque
1260 908 1515 936 concurrant.
1528 895 1633 935 Sane
1650 909 1728 949 ego
1743 892 1997 949 displiceam:

606 960 730 1000 »sunt
758 958 825 999 alii
856 958 1008 1013 legati,
1033 958 1211 1008 tribuni,
1239 960 1424 999 centurio
1452 958 1624 1012 denique
1641 987 1653 1008 ,
1682 971 1749 997 aut
1777 954 1906 997 miles.
1929 958 1998 997 Ne

605 1024 719 1063 »hoc
740 1022 969 1078 prodigium
993 1036 1083 1062 toto
1107 1035 1300 1062 terrarum
1323 1020 1418 1062 orbe
1444 1020 1658 1075 vulgetur,
1685 1019 1800 1060 vobis
1822 1018 1997 1060 satelliti-

604 1084 709 1125 »bus
722 1115 735 1135 ,
762 1085 939 1126 Civilem
960 1089 1000 1126 ὅ(
1023 1083 1238 1126 Clafficum
1262 1083 1421 1125 Italiam
1441 1084 1664 1124 invasuros.
1685 1084 1752 1122 An
1779 1083 1806 1122 fi
1828 1083 1878 1123 ad
1898 1097 1996 1123 moe-

602 1164 625 1186 >2
636 1149 702 1189 nia
723 1148 838 1190 Urbis
855 1149 1049 1190 Germani
1066 1147 1256 1202 Gallique
1275 1148 1462 1189 duxerint
1477 1177 1490 1199 ,
1511 1162 1619 1188 arma
1637 1147 1769 1203 patriae
1789 1146 1993 1187 inferetis?

601 1211 787 1252 »Horret
810 1213 964 1253 animus
994 1213 1095 1252 tanti
1118 1212 1261 1267 flagitii
1282 1212 1470 1266 imagine.
1499 1211 1646 1252 Tutori
1666 1210 1847 1250 Trevero
1870 1224 1994 1264 agen—

601 1288 700 1315 »tur
720 1275 924 1316 excubiae?
948 1276 1117 1330 Signum
1139 1274 1237 1316 belli
1259 1275 1433 1316 Batavus
1454 1274 1590 1315 dabit?
1612 1275 1910 1314 Germanorum
1933 1287 1995 1314 ca-

601 1351 764 1379 »tervas
787 1338 1050 1395 supplebitis?
1072 1340 1158 1393 quis
1180 1338 1324 1379 deinde
1346 1337 1506 1379 sceleris
1537 1339 1695 1379 exitus?
1718 1339 1811 1378 cum
1841 1337 1991 1377 Roma-

600 1416 690 1441 »nae
706 1400 888 1456 legiones
906 1401 1047 1443 contra
1062 1402 1295 1443 direxerint:
1311 1401 1522 1456 transfugae
1543 1416 1564 1442 e
1584 1401 1821 1455 transfugis,
1841 1403 1880 1440 ὃς
1897 1414 1993 1456 pro-

600 1464 782 1506 »ditores
816 1480 839 1506 e
868 1464 1167 1522 proditoribus,
1193 1466 1297 1505 inter
1322 1479 1463 1506 recens
1491 1469 1533 1505 &
1556 1478 1671 1505 vetus
1699 1464 1992 1504 sacramentum

599 1528 746 1568 »invisi
764 1528 847 1569 deis
867 1528 1068 1570 errabitis?
1086 1528 1168 1579 Te,
1189 1528 1346 1584 Jupiter
1366 1529 1542 1584 optime,
1562 1528 1757 1577 maxime,
1779 1541 1898 1580 quem
1920 1541 1991 1582 per

598 1592 888 1646 »octingentos
909 1594 1054 1647 viginti
1075 1606 1201 1633 annos
1236 1606 1300 1632 tot
1320 1591 1535 1647 triumphis
1557 1589 1783 1637 coluimus3
1804 1603 1843 1631 te
1857 1619 1870 1640 ,
1890 1590 1991 1644 Qui·

597 1655 738 1705 »rine,
762 1656 956 1696 Romanae
977 1670 1119 1712 parens
1139 1654 1279 1705 Urbis,
1300 1669 1445 1711 precor
1467 1668 1737 1708 venerorque,
1758 1666 1803 1693 ut
1826 1653 1853 1692 fi
1875 1652 1990 1694 vobis

597 1733 716 1758 »non
736 1718 812 1760 fuit
832 1720 969 1770 cordi,
988 1734 1054 1760 me
1073 1719 1176 1760 duce
1195 1720 1280 1760 haec
1302 1719 1423 1760 castra
1441 1719 1675 1774 incorrupta
1694 1722 1735 1758 δί
1755 1718 1989 1758 intemerata

596 1797 619 1818 2)
631 1781 774 1822 servari
788 1813 801 1833 ,
829 1796 869 1824 at
896 1783 1004 1824 certe
1031 1781 1163 1839 pollui
1189 1781 1412 1837 foedarique
1439 1797 1462 1823 a
1483 1782 1639 1823 Tutore
1663 1785 1704 1822 ὃ(
1735 1779 1907 1821 Claffico
1936 1794 1987 1821 ne

597 1845 772 1887 »finatis.
794 1846 998 1888 Militibus
1020 1847 1218 1901 Romanis
1239 1860 1307 1887 aut
1325 1847 1603 1887 innocentiam
1622 1844 1749 1896 detis,
1771 1857 1839 1885 aut
1857 1857 1988 1885 matu-

596 1923 708 1949 »ram
728 1939 740 1958 ,
769 1913 809 1951 ὃς
836 1910 916 1952 fine
945 1909 1051 1952 noxa
1077 1911 1347 1966 paenitentiam
1370 1927 1413 1950 2).

659 1972 782 2014 LIX.
815 1975 976 2015 VARIE
1006 1988 1177 2030 excepta
1198 1975 1328 2015 oratio
1355 1974 1459 2014 inter
1481 1971 1620 2029 spem,
1649 1984 1908 2025 metumque,
1937 1985 1986 2012 ac

595 2036 804 2090 pudorem.
825 2037 1054 2093 Digreffum
1074 2036 1303 2087 Voculam,
1325 2041 1365 2078 &
1386 2036 1435 2076 de
1456 2035 1647 2092 supremis
1667 2035 1884 2089 agitantem
1898 2064 1912 2084 ,
1935 2033 1984 2073 li-

2027 848 2080 876 1<2

2025 1157 2072 1198 15

2017 1481 2074 1508 2<2

2012 1791 2065 1829 25

593 2096 698 2138 berti
717 2099 897 2154 servique
927 2100 1166 2156 prohibuere
1189 2100 1441 2141 foediffimam
1467 2113 1640 2140 mortem
1670 2103 1680 2126 ³
1713 2098 1856 2153 sponte
1885 2111 1982 2153 prae-
2007 2111 2064 2148 30

593 2162 745 2202 venire.
772 2162 824 2203 Et
846 2163 1036 2206 Classicus
1050 2195 1063 2215 ,
1089 2164 1202 2206 misso
1231 2162 1404 2204 AEmilio
1424 2163 1618 2217 Longino
1633 2191 1645 2211 ‚
1674 2161 1877 2202 desertore
1899 2161 1982 2216 pri-

594 2239 667 2265 mae
693 2223 893 2280 legionis,
919 2228 1067 2268 caedem
1089 2226 1173 2281 ejus
1208 2228 1435 2269 maturavit.
1468 2226 1724 2268 Herennium
1756 2229 1797 2266 ὅ(
1830 2224 1981 2265 Numi-

633 2328 642 2342 ¹
667 2324 844 2355 DONATIVO
870 2328 881 2359 J
906 2325 953 2355 De
977 2336 1040 2365 quo
1077 2325 1165 2365 supra
1195 2337 1261 2366 cap.
1345 2331 1356 2351 3
1376 2326 1581 2356 Foemssmffl
1593 2320 1976 2364 monrsn]Foedissimarn

596 2365 635 2399 35
1305 2374 1399 2395 vocat
1417 2374 1574 2400 mortem,
1594 2375 1661 2402 quae
1681 2361 1843 2393 desertoris
1863 2361 1978 2399 prodi-

631 2385 645 2420 2·
667 2402 846 2433 Gan-unam
861 2408 872 2439 ]
896 2403 976 2436 Vide
997 2404 1086 2444 supra
1109 2414 1178 2444 cap.
1201 2409 1260 2442 26,
1304 2404 1441 2442 torisque
1455 2414 1549 2435 manu
1561 2402 1717 2441 obvenit;
1734 2410 1768 2432 ut
1780 2403 1859 2432 recle
1872 2399 1976 2440 expli-

593 2449 630 2476 32-
653 2442 686 2473 8<
708 2442 793 2482 seqq.
1303 2443 1511 2475 catPichena.
1714 2443 1719 2446 '
