2230 3047
580 202 632 238 28
846 196 893 237 C.
960 196 1362 240 CORNELII
1425 196 1712 238 TACITI

394 267 399 272 ’
441 290 556 312 Ξ
576 278 703 331 risque
739 276 1004 333 suspicionem
1032 279 1298 320 conscientiae.
1338 278 1614 333 Anteposuere
1643 277 1767 317 ceteri
1794 292 1954 334 quoque

442 330 557 403 Agz'zc‘
576 340 749 390 tribuni,
777 342 1134 396 centurionesque,
1156 343 1358 398 praesentia
1381 340 1535 390 dubiis,
1563 344 1602 380 ὅ(
1627 341 1813 381 honestis.
1838 343 1955 396 Isque

461 395 533 454 ια’
574 401 732 443 habitus
756 404 979 445 animorum
1003 405 1106 455 fuit,
1134 419 1178 445 ut
1198 405 1401 461 pesfimum
1425 403 1579 445 facinus
1600 403 1789 444 auderent
1809 406 1954 460 pauci,

470 477 521 512 69·
575 465 708 521 plures
731 465 911 517 vellent,
938 482 1076 508 omnes
1103 481 1343 523 paterentur.

639 528 815 571 XXIX.
848 531 1071 570 IGNARUS
1098 532 1258 571 interim
1283 528 1439 580 Galba,
1463 533 1502 570 ὅ(
1531 530 1647 571 sacris
1671 530 1848 570 intentus
1865 558 1878 579 ,
1895 529 1953 571 fa-
2014 550 2037 590 5

572 590 724 645 rigabat
747 591 867 633 alieni
891 591 971 646 jam
994 595 1151 649 imperii
1179 593 1276 634 deos
1299 599 1307 615 ¹
1326 610 1334 632 ε
1363 595 1454 634 cum
1478 593 1652 634 adfertur
1669 607 1804 633 rumor
1827 608 1848 628 «
1868 594 1954 649 rapi
2018 616 2032 631 ο

569 655 644 694 »in
674 656 820 706 castra,
852 657 1050 697 incertum
1076 671 1194 710 quem
1228 656 1449 696 senatorem
1477 672 1517 695 »z
1544 670 1668 705 mox,
1697 672 1717 691 «
1742 656 1956 697 Othonem

570 717 679 758 »effe
692 747 704 768 ,
731 720 798 772 qui
813 733 1015 774 raperetur
1036 736 1058 756 >›
1071 749 1079 758 .
1094 717 1225 759 Simul
1241 733 1291 759 ex
1307 716 1391 760 tota
1409 718 1516 760 Urbe
1532 748 1545 768 ‚
1572 731 1616 758 ut
1633 717 1797 772 quisque
1812 717 1954 759 obvius

570 779 720 831 fuerat,
741 780 807 821 alii
819 781 1076 822 formidinem
1092 795 1282 837 augentes
1291 812 1303 832 ,
1319 782 1479 835 quidam
1493 783 1648 821 minora
1664 795 1760 821 vero
1774 810 1787 831 ,
1803 795 1852 821 ne
1868 795 1955 822 tum

571 843 733 896 quidem
743 843 859 884 obliti
880 843 1132 886 adulationis.
1162 845 1290 899 Igitur
1309 843 1626 885 consultantibus
1646 842 1819 899 placuit,
1836 859 1857 880 «
1872 857 1954 885 ten—
1989 855 2039 882 10

570 907 647 946 tari
675 909 850 947 animum
874 909 1079 958 cohortis,
1113 922 1195 961 quae
1219 908 1259 947 in
1283 906 1431 963 palatio
1455 908 1663 947 stationem
1686 905 1848 960 agebat:
1875 921 1953 948 nec

571 982 642 1023 per
666 970 794 1024 ipsum
817 969 987 1010 Galbam
1021 974 1063 1020 ²,
1093 968 1205 1022 cujus
1226 971 1381 1023 integra
1415 971 1624 1010 au&oritas
1650 967 1865 1017 maioribus
1894 984 1955 1009 re-

570 1031 712 1072 mediis
727 1032 964 1073 servabatur.
980 1032 1070 1073 Piso
1086 1048 1158 1089 pro
1175 1032 1359 1088 gradibus
1377 1032 1517 1072 domus
1540 1037 1549 1060 ³
1571 1045 1739 1072 vocatos
1754 1061 1765 1080 ‚
1787 1032 1828 1071 in
1844 1034 1955 1073 hunc

569 1094 738 1134 modum
761 1094 971 1136 adlocutus
997 1096 1073 1136 est:
1102 1112 1124 1132 «
1148 1097 1292 1136 Sextus
1321 1095 1403 1135 dies
1432 1096 1589 1149 agitur,
1615 1092 1916 1136 commilitones
1940 1124 1954 1145 ‚

569 1170 654 1198 »ex
674 1172 753 1210 quo
769 1188 782 1208 ‚
807 1159 965 1212 ignarus
987 1158 1137 1208 futuri,
1167 1162 1207 1198 ὃς
1228 1158 1305 1199 five
1327 1158 1547 1213 optandum
1569 1158 1650 1198 hoc
1673 1171 1821 1197 nomen
1835 1187 1848 1208 ‚
1875 1158 1953 1198 sive
1989 1170 2001 1194 1
2015 1167 2034 1205 5

569 1220 826 1260 »timendum
847 1234 929 1262 erat
941 1251 954 1271 ‚
978 1220 1105 1261 Caesar
1119 1221 1288 1262 adscitus
1305 1221 1408 1260 sum:
1433 1235 1512 1274 quo
1534 1220 1674 1261 domus
1696 1221 1831 1260 nostrae
1846 1250 1858 1272 ,
1884 1234 1952 1262 aut

568 1297 591 1320 >2
602 1281 828 1338 reipublicae
848 1284 931 1324 fato
945 1313 957 1334 ,
982 1285 1023 1324 in
1047 1281 1171 1324 vestra
1191 1298 1311 1324 manu
1328 1284 1497 1339 positum
1515 1284 1567 1323 est
1586 1300 1593 1323 :
1618 1298 1700 1323 non
1717 1284 1808 1336 quia
1821 1312 1833 1332 ‚
1859 1298 1952 1324 meo

567 1347 766 1386 »nomine
780 1376 793 1397 ,
819 1348 1030 1387 tristiorem
1053 1347 1186 1387 casum
1214 1361 1406 1402 paveam,
1435 1360 1479 1386 ut
1504 1348 1571 1400 qui
1601 1346 1781 1386 adversas
1795 1360 1854 1386 res
1885 1361 1954 1387 ex-

569 1421 765 1463 >›pertus‚
793 1412 884 1450 cum
909 1411 1081 1450 maxime
1108 1410 1255 1450 discam
1281 1439 1293 1459 ,
1328 1424 1379 1449 ne
1411 1409 1603 1450 secundas
1634 1409 1794 1462 quidem
1821 1410 1953 1451 minus

567 1470 839 1513 »discriminis
860 1472 1029 1513 habere:
1058 1474 1176 1528 patris
1201 1478 1247 1524 4,
1277 1477 1317 1513 ὅ(
1342 1472 1497 1513 senatus
1514 1500 1525 1522 ,
1554 1476 1592 1512 ὅ(
1618 1471 1733 1526 ipsius
1760 1473 1952 1528 imperii,
1985 1483 2039 1511 20

567 1534 732 1574 »vicem
757 1534 906 1586 doleo,
938 1536 964 1574 fi
985 1535 1127 1586 nobis,
1156 1539 1223 1576 am
1250 1536 1376 1591 perire
1410 1535 1531 1575 hodie
1558 1534 1712 1575 necesse
1749 1535 1828 1585 est,
1860 1549 1953 1587 aut,

566 1611 589 1633 2>
601 1596 708 1650 quod
727 1598 834 1651 aeque
852 1598 954 1654 apud
975 1597 1102 1639 bonos
1122 1599 1308 1639 miserum
1325 1599 1378 1638 est
1391 1627 1403 1648 ,
1428 1597 1627 1638 occidere.
1642 1596 1842 1637 Solarium
1859 1613 1952 1653 pro-

567 1660 700 1699 »ximi
731 1662 862 1701 motus
891 1665 902 1691 5
926 1660 1194 1711 habebamus,
1224 1662 1477 1702 incruentam
1506 1659 1653 1700 Urbem
1671 1690 1683 1709 ‚
1717 1664 1757 1700 ὅ(
1788 1675 1848 1701 res
1874 1662 1954 1702 sine

568 1721 799 1763 »discordia
829 1725 1043 1764 transsatas.
1078 1724 1287 1764 Provisum
1307 1723 1525 1779 adoptione
1555 1722 1763 1764 videbatur
1781 1753 1794 1774 ,
1829 1737 1874 1764 ut
1904 1739 1954 1765 ne

567 1799 591 1820 >2
601 1785 686 1840 post
704 1785 876 1827 Galbam
903 1787 1064 1840 quidem
1084 1786 1194 1827 bello
1221 1786 1336 1828 locus
1357 1786 1506 1828 effet».
1621 1832 1623 1837 λ
1982 1793 2036 1832 25

632 1847 783 1889 XXX.
832 1866 854 1886 2>
878 1850 1030 1890 N1H1L
1064 1848 1258 1904 arrogabo
1286 1851 1386 1890 mihi
1419 1846 1639 1890 nobilitatis
1666 1879 1679 1898 ,
1715 1862 1783 1889 aut
1811 1850 1952 1891 mode-

567 1910 674 1949 »stiae
701 1928 708 1950 z
735 1926 863 1965 neque
885 1913 992 1952 enim
1015 1911 1142 1953 relatu
1166 1913 1358 1954 virtutum
1383 1942 1395 1962 ,
1424 1913 1465 1952 in
1493 1913 1794 1967 comparatione
1823 1914 1953 1954 Otho-

566 1988 589 2009 :o
600 1974 659 2013 nis
682 2003 694 2022 ,
725 1989 824 2030 opus
847 1976 912 2015 est.
939 1977 1075 2025 Vitia,
1101 1975 1242 2029 quibus
1276 1974 1368 2016 solis
1398 1973 1592 2029 gloriatur
1613 2004 1626 2025 ‚
1663 1975 1842 2016 evertere
1875 1978 1952 2016 im-

564 2050 587 2070 >2
599 2037 752 2090 perium
771 2068 783 2087 ‚
809 2039 928 2078 etiam
956 2040 1047 2078 cum
1072 2039 1246 2078 amicum
1262 2039 1518 2094 Imperatoris
1542 2036 1558 2059 ⁶
1583 2051 1729 2092 ageret.
1744 2038 1951 2080 Habitune

565 2100 607 2137 ὅ(
631 2099 779 2139 inceffu
793 2130 806 2150 ,
835 2116 884 2141 an
909 2099 982 2141 illo
1018 2099 1203 2141 muliebri
1227 2115 1369 2142 ornatu
1396 2106 1411 2128 ⁷
1426 2131 1441 2151 ,
1472 2113 1687 2141 mereretur
1712 2101 1950 2156 imperium?
1981 2118 2037 2154 30

605 2209 614 2223 ¹
645 2205 832 2237 Parmam
863 2219 969 2238 numu
1008 2219 1069 2240 JAM
1109 2219 1235 2240 1Mr’1-:R11
1276 2208 1432 2248 Augustae,
1459 2208 1511 2238 seu
1533 2208 1652 2246 palatii.

563 2245 672 2281 meos]
700 2247 776 2282 Quae
801 2247 1002 2286 eloquentia!
1314 2253 1329 2272 4
1357 2250 1471 2278 PATais
1499 2250 1512 2286 ]
1549 2248 1667 2278 Galbae.

602 2288 614 2301 ²
637 2284 782 2328 NEC.¹'ER
802 2297 893 2316 ῐΡευΜ
918 2288 1084 2325 ΘΑιΒΑΜ]
1104 2288 1171 2318 Nec
1183 2298 1234 2318 co·
1316 2293 1324 2314 5
1349 2289 1493 2317 PRoli
1521 2290 1652 2325 morus]
1678 2289 1751 2324 Quo
1771 2287 1859 2320 Nero
1888 2299 1946 2320 ex-

559 2321 657 2352 hortls
675 2333 796 2354 ammos
819 2335 871 2363 per
896 2325 993 2363 ipsum
1010 2327 1140 2357 Galbam
1164 2337 1233 2365 per·
1273 2329 1460 2358 auctoratus.

558 2363 745 2405 tentandos,
770 2372 804 2394 ut
826 2364 944 2403 integra
975 2366 1038 2403 ejus
1067 2367 1231 2397 auctoritas
1312 2368 1325 2385 ⁶
1347 2366 1584 2402 lMPERATORls]
1609 2366 1759 2396 Neronis.

556 2401 729 2437 majoribus
751 2403 896 2433 remediis
913 2404 1097 2435 servaretur.
1310 2411 1323 2431 7
1346 2406 1507 2434 Montium
1540 2415 1667 2435 onNATu
1691 2407 1705 2443 ]
1745 2403 1869 2443 Quippe
1891 2404 1946 2447 qui

596 2444 607 2465 ³
630 2441 697 2473 Pno
732 2451 889 2475 emmaus
917 2454 1024 2476 Domus
1057 2444 1072 2482 ]
1108 2444 1230 2477 Domus
1272 2444 1385 2484 &ipsa
1405 2444 1521 2484 pedum
1538 2443 1664 2483 vestigia
1696 2452 1859 2484 unguento
1886 2451 1946 2476 tm-
