2209 3047
308 168 391 210 AD
424 169 649 210 LIBRUM
683 169 737 210 ΙΙ.
765 167 909 211 HIST.
937 168 985 208 C.
1022 168 1203 210 CORN.
1237 165 1448 211 TACITI.
1488 183 1574 224 415

181 257 322 284 soum.
349 259 437 283 FIDE
465 258 712 284 COALESCERE
739 250 757 292 ]
783 245 860 282 Mff.
887 248 920 282 ὃς
941 254 1078 282 veteres
1097 245 1298 291 editiones,
1323 248 1496 295 exspeffari
1520 249 1581 284 bel-

185 299 253 332 lum
266 312 279 331 .·
306 311 374 332 cum
399 300 434 332 in
457 298 591 332 viclores
618 300 686 333 δίε.
710 296 802 333 Inde
837 294 1057 343 conjiciebat
1088 294 1269 341 Pichena‚
1305 300 1479 345 exspeclari
1504 300 1580 334 belli

185 350 309 382 exitum
323 363 336 382 .·
364 348 499 382 vic'lores
519 350 585 382 &c.
609 346 708 383 Male
728 346 801 383 Jac.
819 345 1033 383 Gronovius
1049 372 1058 388 ‚
1083 344 1159 379 belli
1179 360 1290 382 nutum
1306 348 1386 392 ‚vel
1403 351 1577 386 cumulum.

184 396 279 433 Mox
297 397 436 445 optime
459 396 610 433 restituit
633 396 810 439 Pichena,
835 396 973 432 secutus
996 395 1061 432 Ms.
1085 393 1182 430 Flor.
1197 398 1385 446 solidrifide
1401 401 1578 447 coalescere.

185 447 246 483 Sic
264 459 411 496 quoque
426 446 535 483 habet
549 446 664 483 editio
679 446 858 496 princeps.
884 445 927 482 In
936 446 1013 483 Mff.
1038 443 1142 482 Harl.
1158 444 1267 482 Bodl.
1287 452 1320 485 ὃς
1335 449 1580 497 Puteolanus,

177 497 288 546 solida
306 497 393 544 fides
418 498 609 544 coalesceret.

243 546 396 583 CETERI
426 558 520 583 omm
551 550 568 593 ]
595 547 693 583 Bene
710 545 824 582 editio
846 547 1014 594 princeps
1030 547 1064 581 δε
1086 545 1315 582 recentiores,
1337 549 1577 596 Puteolanus,

183 609 342 633 caeterum.
360 597 543 646 Corrupt‘e
559 596 624 633 Ms.
646 595 761 632 Corb.
786 599 859 632 ceci.
881 595 978 632 Male
1001 595 1161 645 Ryckius
1195 609 1215 634 e
1234 595 1300 632 suo
1313 596 1381 633 Ms.
1401 600 1487 650 Agr.
1514 603 1579 639 Titi

184 647 280 694 operti
298 650 411 683 mixtis
433 647 582 696 consiliis.

232 735 341 772 CAP.
369 735 472 772 VIII.
501 737 590 772 EUM
618 747 899 779 FINGENTIBUS,
931 748 1278 778 CREDENTIBUSQUE
1305 740 1322 782 ]
1348 737 1417 781 Que
1443 738 1538 774 abest
1557 752 1577 776 a

182 783 249 822 ΜΓ.
271 785 341 821 Jes.
360 785 470 822 Forte
495 785 670 834 scriptum
695 785 803 827 olim,
823 787 1067 833 credentibusve.
1096 786 1211 823 Aliter
1231 785 1358 822 durum
1376 786 1578 832 videbitur,

182 848 293 883 eoque.
307 863 314 872 .
329 864 336 872 .
360 836 629 885 credentibusque.
642 862 671 872 ..
697 837 896 884 conatusque.
922 837 992 872 Pro
1018 850 1088 872 eum
1097 837 1299 886 fingentibus
1312 865 1324 882 ,
1348 835 1388 873 in
1403 837 1469 873 Ms.
1490 838 1578 888 Agr.

181 898 239 920 con
268 898 287 920 η
313 887 446 922 entibus.

231 884 407 972 {nfirma
433 948 487 972 AD
517 946 762 972 FALLENDUM
790 939 807 982 ]
847 935 926 972 Mff.
963 936 1029 974 Jes.
1057 939 1092 973 δε
1131 936 1222 987 Agr.
1252 939 1413 984 proprior.
1452 937 1579 975 Mallet

182 982 470 1030 Freinshemius,
498 988 688 1033 promptior.
713 985 906 1035 Optimum
929 984 1000 1030 est,
1019 989 1176 1033 propior-3
1204 997 1244 1023 ut
1268 986 1397 1025 fatetur
1419 988 1494 1038 ipse
1518 988 1579 1026 Cl.

181 1033 348 1071 Ernestus
361 1064 370 1079 ‚
387 1035 449 1086 qui
464 1045 578 1072 tentat
596 1038 740 1083 pronior.

232 1085 279 1121 Vr
306 1097 597 1122 TEMPESTATUM
629 1085 836 1122 CYTHNUM
865 1097 1034 1122 INSULAM
1065 1089 1082 1132 ]
1108 1086 1187 1122 Mss.
1207 1086 1324 1123 Vatic.
1346 1086 1448 1124 Harl.
1469 1087 1578 1128 Bodl.

180 1132 248 1171 Jes.
268 1138 302 1172 &
317 1134 557 1180 Puteolanus,
575 1136 760 1184 Scythinum
774 1136 923 1182 insulam.
941 1135 1067 1172 Editio
1082 1136 1248 1185 princeps
1264 1140 1415 1173 Cinthum
1430 1139 1578 1186 infidam.

181 1184 282 1222 Bene
306 1185 373 1222 Ms.
399 1185 498 1223 Flor.
523 1189 558 1223 ὃς
590 1186 822 1223 Recentiores
848 1188 1017 1234 Cythnum.
1042 1187 1092 1221 At
1118 1186 1200 1223 cum
1228 1187 1266 1222 in
1289 1187 1357 1223 Ms.
1390 1188 1502 1225 Corb.
1526 1189 1580 1226 le-

181 1245 304 1284 gatur,
321 1239 356 1271 vi
379 1236 572 1284 tempestatis
588 1239 767 1286 incync'lum
782 1236 939 1283 infidam,
962 1236 1057 1273 forte
1076 1235 1248 1286 scriptum
1266 1237 1375 1282 olim,
1397 1242 1432 1274 vi
1450 1240 1580 1287 tempes-

180 1288 260 1321 tatis
284 1289 317 1321 in
341 1288 501 1335 Cythnum
530 1287 680 1334 insulam.

230 1334 314 1371 VEL
337 1348 568 1373 ABNUENTES
585 1341 602 1383 ]
623 1338 722 1372 Bene
740 1335 816 1371 Mff.
835 1336 933 1372 Flor.
949 1336 1069 1372 Guelf.
1085 1337 1187 1372 Harl.
1206 1337 1314 1374 Bodl.
1334 1338 1402 1376 Jes.
1418 1338 1580 1389 Ryckius

154 1422 158 1428 ,
179 1387 215 1422 &
239 1383 486 1423 Recentiores.
513 1385 557 1422 In
582 1385 1033 1430 editionibus·veteribus‚
1063 1387 1100 1422 ξς·
1123 1388 1305 1424 abnuentes.

234 1474 342 1511 CAP.
370 1475 433 1512 IX.
452 1476 518 1512 An
538 1486 858 1518 PROSEQUENDUM
872 1502 882 1518 ‚
912 1487 993 1511 CUM
1015 1488 1150 1518 Qumus
1170 1481 1187 1523 ]
1207 1478 1264 1514 Ita
1279 1477 1357 1516 Mss.
1378 1477 1469 1516 Bud.
1488 1479 1578 1530 Reg.

180 1523 303 1561 Guelf.
329 1524 433 1561 Harl.
461 1525 570 1562 Bodl.
598 1525 666 1562 Jes.
690 1524 885 1561 Rhenanus
909 1527 943 1560 ὅ(
958 1524 1205 1565 Recentiores.
1229 1528 1273 1564 In
1299 1529 1480 1566 veteribus
1498 1531 1579 1567 edi-

177 1574 365 1619 tionibUS,
393 1576 435 1611 ad
453 1576 700 1625 prosequendum
721 1589 790 1611 eum
804 1602 814 1618 ‚
843 1575 965 1623 quibus.

229 1625 482 1663 Tmmmncm
515 1637 721 1662 NUTANTEs
751 1627 763 1672 ]
797 1624 981 1674 corrupte
1005 1625 1072 1662 Ms.
1094 1625 1183 1678 Reg.
1208 1631 1242 1664 &
1259 1628 1375 1665 editio
1391 1629 1578 1681 princeps,

179 1677 376 1711 trierarchis.
402 1675 512 1713 Unde
536 1675 699 1712 tentabat
724 1674 889 1713 Ernestus
903 1701 913 1718 ‚
939 1678 1106 1713 trierarchi
1117 1679 1176 1724 seu
1194 1691 1355 1715 nutantes.
1377 1679 1448 1716 Sed
1469 1681 1580 1718 mini-

181 1725 240 1762 me
264 1725 480 1771 necessario,
506 1737 547 1762 ut
572 1725 714 1763 fatetur.

229 1776 539 1818 ADLoQUENDos
567 1789 633 1813 sun
663 1780 681 1823 ]
707 1777 807 1813 Bene
832 1775 1064 1813 Puteolanus.
1089 1777 1150 1814 Sic
1179 1791 1326 1828 quoque
1353 1792 1478 1817 omnes
1499 1781 1578 1819 Mss‘.

177 1824 225 1861 In
246 1824 410 1862 editione
435 1825 620 1875 principe,
646 1827 858 1875 adequandos.
881 1827 989 1865 Unde
1011 1826 1134 1864 frustra
1152 1839 1267 1865 tentat
1288 1830 1481 1875 Gruterus,
1502 1833 1580 1869 ada-

179 1875 321 1924 quandos
333 1889 342 1912 τ
355 1876 497 1914 Gallice
511 1878 620 1926 ‚faire
637 1877 673 1912 de
691 1877 787 1913 l'eau.

230 1963 340 2023 CAP.
368 1965 414 2023 X.
443 1966 583 2016 Vnsws
601 1966 762 2003 Cmspus
785 1970 803 2014 ]
828 1967 929 2005 Male
950 1966 1020 2004 Ms.
1046 1967 1161 2005 Corb.
1186 1970 1221 2005 ὃς
1239 1968 1354 2006 editio
1377 1971 1547 2022 princeps
1564 1998 1578 2019 ,

181 2015 298 2100 JulXug
318 2017 629 2104 Zffiusienssonss
657 2070 676 2113 ]
707 2067 805 2105 Bene
839 2067 1041 2104 Beroaldus
1075 2071 1109 2105 &
1137 2067 1382 2108 Recentiores.
1418 2070 1463 2108 In
1500 2071 1579 2108 Mss.

183 2113 282 2151 Flor.
310 2112 362 2151 Re
390 2143 398 2152 .
422 2116 513 2153 Bud.
538 2118 580 2153 ad
601 2119 682 2152 hunc
705 2120 848 2154 terroris.
871 2118 937 2154 Ms.
960 2118 1066 2154 Bodl.
1085 2119 1199 2155 adhoc
1217 2124 1358 2158 terroris.
1376 2121 1453 2158 Mff.
1472 2121 1578 2158 Harl.

182 2164 252 2201 Jes.
286 2163 366 2202 Gue
385 2165 408 2203 f.
433 2169 466 2203 ὅς
492 2165 732 2210 Puteolanus,
759 2168 800 2203 ad
822 2170 885 2204 haec
912 2172 1053 2204 terroris.
1080 2168 1148 2205 Ms.
1173 2169 1262 2219 Agr.
1286 2173 1320 2207 &
1344 2171 1460 2208 editio
1478 2172 1580 2221 prin-

180 2226 289 2263 ceps,
322 2216 364 2250 ad
395 2217 476 2252 hunc
505 2228 634 2254 terrore.
662 2217 753 2255 Inde
786 2217 948 2255 tentabat
972 2217 1002 2255 J.
1034 2217 1129 2255 Frid.
1163 2219 1402 2266 Gronovius,
1433 2222 1474 2257 ad
1499 2224 1579 2256 hunc

180 2277 406 2351 tetgzrgrx-TUS
437 2327 596 2352 PARTEM
626 2321 643 2363 ]
671 2316 770 2354 Bene
805 2317 873 2354 Ms.
898 2318 989 2368 Reg.
1018 2321 1052 2355 &
1087 2317 1170 2353 libri
1194 2331 1319 2355 omnes
1344 2319 1443 2356 editi.
1480 2319 1580 2355 Male

183 2362 262 2401 ΜΠ.
282 2364 384 2420 Har-l.
412 2364 521 2423 Bodl.
539 2366 607 2403 Jes.
631 2367 838 2416 magistratus
850 2380 988 2415 partem.
1005 2368 1064 2405 Sic
1081 2381 1228 2419 quoque
1250 2369 1326 2406 ΜΠ.
1345 2369 1436 2406 Bud.
1456 2368 1582 2407 Guelf.

183 2425 292 2451 manu
312 2427 438 2464 prima.
