<?xml version="1.0" encoding="UTF-8"?>
<!DOCTYPE html PUBLIC "-//W3C//DTD XHTML 1.0 Transitional//EN"
    "http://www.w3.org/TR/xhtml1/DTD/xhtml1-transitional.dtd">
<html xmlns="http://www.w3.org/1999/xhtml" xml:lang="en" lang="en">
 <head>
  <title>
</title>
<meta http-equiv="Content-Type" content="text/html;charset=utf-8" />
  <meta name='ocr-system' content='tesseract 3.04.00' />
  <meta name='ocr-capabilities' content='ocr_page ocr_carea ocr_par ocr_line ocrx_word'/>
</head>
<body>
  <div class='ocr_page' id='page_1' title='image "./operabro03taciuoft_0323.png"; bbox 0 0 2209 3047; ppageno 0'>
   <div class='ocr_carea' id='block_1_1' title="bbox 354 166 1590 224">
    <p class='ocr_par' dir='ltr' id='par_1_1' title="bbox 354 166 1590 224">
     <span class='ocr_line' id='line_1_1' title="bbox 354 166 1590 224; baseline 0.001 -11"><span class='ocrx_word' id='word_1_1' title='bbox 354 166 828 214; x_wconf 84' lang='lat' dir='ltr'>HISTORIARUM</span> <span class='ocrx_word' id='word_1_2' title='bbox 864 166 1058 210; x_wconf 80' lang='lat' dir='ltr'>LIBER</span> <span class='ocrx_word' id='word_1_3' title='bbox 1099 169 1402 224; x_wconf 78' lang='lat' dir='ltr'><strong>QUINTUS.</strong></span> <span class='ocrx_word' id='word_1_4' title='bbox 1501 187 1590 223; x_wconf 82' lang='lat'>309</span> 
     </span>
    </p>
   </div>
   <div class='ocr_carea' id='block_1_2' title="bbox 131 247 1595 1386">
    <p class='ocr_par' dir='ltr' id='par_1_2' title="bbox 131 247 1595 1386">
     <span class='ocr_line' id='line_1_2' title="bbox 210 247 1592 307; baseline -0.001 -11"><span class='ocrx_word' id='word_1_5' title='bbox 210 254 416 304; x_wconf 83' lang='lat' dir='ltr'>exercuit,</span> <span class='ocrx_word' id='word_1_6' title='bbox 446 250 621 293; x_wconf 64' lang='lat' dir='ltr'>Drusilla</span> <span class='ocrx_word' id='word_1_7' title='bbox 640 258 650 274; x_wconf 91' lang='lat'>¹</span> <span class='ocrx_word' id='word_1_8' title='bbox 666 281 680 303; x_wconf 86' lang='grc'>,</span> <span class='ocrx_word' id='word_1_9' title='bbox 709 250 932 307; x_wconf 77' lang='lat' dir='ltr'>Cleopatra:</span> <span class='ocrx_word' id='word_1_10' title='bbox 961 251 1001 288; x_wconf 75' lang='grc' dir='ltr'>ὅ(</span> <span class='ocrx_word' id='word_1_11' title='bbox 1025 247 1196 289; x_wconf 82' lang='lat' dir='ltr'>Antonii</span> <span class='ocrx_word' id='word_1_12' title='bbox 1222 264 1369 307; x_wconf 82' lang='lat' dir='ltr'>nepte,</span> <span class='ocrx_word' id='word_1_13' title='bbox 1395 252 1436 291; x_wconf 90' lang='lat' dir='ltr'>in</span> <span class='ocrx_word' id='word_1_14' title='bbox 1456 255 1592 295; x_wconf 86' lang='lat' dir='ltr'>matri-</span> 
     </span>
     <span class='ocr_line' id='line_1_3' title="bbox 208 311 1591 372; baseline -0.001 -14"><span class='ocrx_word' id='word_1_15' title='bbox 208 319 393 358; x_wconf 82' lang='lat' dir='ltr'>monium</span> <span class='ocrx_word' id='word_1_16' title='bbox 416 314 582 372; x_wconf 60' lang='lat' dir='ltr'>accepta</span> <span class='ocrx_word' id='word_1_17' title='bbox 597 346 610 366; x_wconf 85' lang='lat'>,</span> <span class='ocrx_word' id='word_1_18' title='bbox 630 328 675 356; x_wconf 88' lang='lat' dir='ltr'>ut</span> <span class='ocrx_word' id='word_1_19' title='bbox 695 313 872 367; x_wconf 86' lang='lat' dir='ltr'>ejusdem</span> <span class='ocrx_word' id='word_1_20' title='bbox 896 312 1067 355; x_wconf 87' lang='lat' dir='ltr'>Antonii</span> <span class='ocrx_word' id='word_1_21' title='bbox 1088 311 1204 353; x_wconf 83' lang='lat' dir='ltr'>Felix</span> <span class='ocrx_word' id='word_1_22' title='bbox 1221 330 1420 370; x_wconf 82' lang='lat' dir='ltr'>progener</span> <span class='ocrx_word' id='word_1_23' title='bbox 1433 346 1447 368; x_wconf 72' lang='lat'><em>³</em></span> <span class='ocrx_word' id='word_1_24' title='bbox 1470 317 1591 360; x_wconf 84' lang='lat' dir='ltr'>Clau-</span> 
     </span>
     <span class='ocr_line' id='line_1_4' title="bbox 211 380 612 435; baseline -0.007 -14"><span class='ocrx_word' id='word_1_25' title='bbox 211 381 298 422; x_wconf 79' lang='lat' dir='ltr'>dius</span> <span class='ocrx_word' id='word_1_26' title='bbox 322 395 447 435; x_wconf 88' lang='lat' dir='ltr'>nepos</span> <span class='ocrx_word' id='word_1_27' title='bbox 469 384 483 400; x_wconf 84' lang='lat'>²</span> <span class='ocrx_word' id='word_1_28' title='bbox 507 380 612 420; x_wconf 81' lang='lat' dir='ltr'>effet.</span> 
     </span>
     <span class='ocr_line' id='line_1_5' title="bbox 274 439 1593 497; baseline 0.002 -14"><span class='ocrx_word' id='word_1_29' title='bbox 274 444 326 483; x_wconf 86' lang='lat' dir='ltr'>X.</span> <span class='ocrx_word' id='word_1_30' title='bbox 363 443 606 483; x_wconf 83' lang='lat' dir='ltr'>DURAV1T</span> <span class='ocrx_word' id='word_1_31' title='bbox 633 455 767 482; x_wconf 88' lang='lat' dir='ltr'>tamen</span> <span class='ocrx_word' id='word_1_32' title='bbox 795 441 987 497; x_wconf 83' lang='lat' dir='ltr'>patientia</span> <span class='ocrx_word' id='word_1_33' title='bbox 1008 439 1151 484; x_wconf 79' lang='lat' dir='ltr'>Judaeis</span> <span class='ocrx_word' id='word_1_34' title='bbox 1166 468 1179 491; x_wconf 90' lang='lat'>,</span> <span class='ocrx_word' id='word_1_35' title='bbox 1201 441 1324 495; x_wconf 76' lang='lat' dir='ltr'>usque</span> <span class='ocrx_word' id='word_1_36' title='bbox 1345 443 1392 483; x_wconf 81' lang='lat' dir='ltr'>ad</span> <span class='ocrx_word' id='word_1_37' title='bbox 1415 444 1593 486; x_wconf 85' lang='lat' dir='ltr'>Gessium</span> 
     </span>
     <span class='ocr_line' id='line_1_6' title="bbox 158 502 1593 565; baseline 0.001 -16"><span class='ocrx_word' id='word_1_38' title='bbox 158 513 183 558; x_wconf 80' lang='lat'><em>5</em></span> <span class='ocrx_word' id='word_1_39' title='bbox 209 504 376 549; x_wconf 92' lang='lat' dir='ltr'>Florum</span> <span class='ocrx_word' id='word_1_40' title='bbox 396 511 405 534; x_wconf 85' lang='lat'>³</span> <span class='ocrx_word' id='word_1_41' title='bbox 423 535 436 556; x_wconf 84' lang='lat'>,</span> <span class='ocrx_word' id='word_1_42' title='bbox 465 519 779 562; x_wconf 85' lang='lat' dir='ltr'>procuratorem.</span> <span class='ocrx_word' id='word_1_43' title='bbox 803 504 885 545; x_wconf 87' lang='lat' dir='ltr'>Sub</span> <span class='ocrx_word' id='word_1_44' title='bbox 912 519 960 545; x_wconf 91' lang='lat' dir='ltr'>eo</span> <span class='ocrx_word' id='word_1_45' title='bbox 985 502 1138 544; x_wconf 89' lang='lat' dir='ltr'>bellum</span> <span class='ocrx_word' id='word_1_46' title='bbox 1169 517 1324 544; x_wconf 89' lang='lat' dir='ltr'>ortum:</span> <span class='ocrx_word' id='word_1_47' title='bbox 1355 510 1393 546; x_wconf 66' lang='grc' dir='ltr'>ἃ</span> <span class='ocrx_word' id='word_1_48' title='bbox 1418 511 1593 565; x_wconf 85' lang='lat' dir='ltr'>compri-</span> 
     </span>
     <span class='ocr_line' id='line_1_7' title="bbox 208 566 1592 625; baseline -0.001 -15"><span class='ocrx_word' id='word_1_49' title='bbox 208 584 316 611; x_wconf 87' lang='lat' dir='ltr'><strong>mere</strong></span> <span class='ocrx_word' id='word_1_50' title='bbox 354 582 602 625; x_wconf 83' lang='lat' dir='ltr'>coeptantem</span> <span class='ocrx_word' id='word_1_51' title='bbox 638 568 814 609; x_wconf 84' lang='lat' dir='ltr'>Cestium</span> <span class='ocrx_word' id='word_1_52' title='bbox 843 566 1009 607; x_wconf 87' lang='lat' dir='ltr'>Gallum</span> <span class='ocrx_word' id='word_1_53' title='bbox 1029 572 1071 617; x_wconf 81' lang='lat'>4,</span> <span class='ocrx_word' id='word_1_54' title='bbox 1103 568 1223 621; x_wconf 83' lang='lat' dir='ltr'>Syriae</span> <span class='ocrx_word' id='word_1_55' title='bbox 1251 566 1427 622; x_wconf 83' lang='lat' dir='ltr'>legatum</span> <span class='ocrx_word' id='word_1_56' title='bbox 1445 601 1456 621; x_wconf 85' lang='grc'>,</span> <span class='ocrx_word' id='word_1_57' title='bbox 1484 574 1592 614; x_wconf 74' lang='lat' dir='ltr'>varia</span> 
     </span>
     <span class='ocr_line' id='line_1_8' title="bbox 209 630 1590 690; baseline 0.003 -16"><span class='ocrx_word' id='word_1_58' title='bbox 209 631 351 690; x_wconf 85' lang='lat' dir='ltr'>proelia</span> <span class='ocrx_word' id='word_1_59' title='bbox 367 663 380 684; x_wconf 90' lang='lat'>,</span> <span class='ocrx_word' id='word_1_60' title='bbox 404 648 450 674; x_wconf 91' lang='lat' dir='ltr'>ac</span> <span class='ocrx_word' id='word_1_61' title='bbox 468 633 604 688; x_wconf 83' lang='lat' dir='ltr'>saepius</span> <span class='ocrx_word' id='word_1_62' title='bbox 625 631 785 672; x_wconf 84' lang='lat' dir='ltr'>adversa</span> <span class='ocrx_word' id='word_1_63' title='bbox 811 645 1019 686; x_wconf 86' lang='lat' dir='ltr'><strong>excepere.</strong></span> <span class='ocrx_word' id='word_1_64' title='bbox 1045 631 1130 685; x_wconf 86' lang='lat' dir='ltr'>Qui</span> <span class='ocrx_word' id='word_1_65' title='bbox 1155 630 1223 671; x_wconf 90' lang='lat' dir='ltr'>ubi</span> <span class='ocrx_word' id='word_1_66' title='bbox 1254 630 1365 682; x_wconf 83' lang='lat' dir='ltr'>fato,</span> <span class='ocrx_word' id='word_1_67' title='bbox 1388 648 1453 673; x_wconf 84' lang='lat' dir='ltr'>aut</span> <span class='ocrx_word' id='word_1_68' title='bbox 1474 638 1590 678; x_wconf 80' lang='lat' dir='ltr'>taedio</span> 
     </span>
     <span class='ocr_line' id='line_1_9' title="bbox 207 692 1591 753; baseline -0.001 -14"><span class='ocrx_word' id='word_1_69' title='bbox 207 697 384 743; x_wconf 84' lang='lat' dir='ltr'>occidit3</span> <span class='ocrx_word' id='word_1_70' title='bbox 406 696 519 736; x_wconf 87' lang='lat' dir='ltr'>missu</span> <span class='ocrx_word' id='word_1_71' title='bbox 532 695 710 736; x_wconf 89' lang='lat' dir='ltr'>Neronis</span> <span class='ocrx_word' id='word_1_72' title='bbox 719 694 1002 750; x_wconf 72' lang='lat' dir='ltr'>,Vespasianus</span> <span class='ocrx_word' id='word_1_73' title='bbox 1017 692 1177 735; x_wconf 64' lang='lat' dir='ltr'>fortunii</span> <span class='ocrx_word' id='word_1_74' title='bbox 1196 694 1379 749; x_wconf 61' lang='lat' dir='ltr'>famaque</span> <span class='ocrx_word' id='word_1_75' title='bbox 1389 726 1401 747; x_wconf 94' lang='lat'>,</span> <span class='ocrx_word' id='word_1_76' title='bbox 1423 700 1463 737; x_wconf 83' lang='lat'>&amp;</span> <span class='ocrx_word' id='word_1_77' title='bbox 1478 714 1591 753; x_wconf 81' lang='lat' dir='ltr'>egre-</span> 
     </span>
     <span class='ocr_line' id='line_1_10' title="bbox 208 758 1593 815; baseline 0.001 -16"><span class='ocrx_word' id='word_1_78' title='bbox 208 761 283 814; x_wconf 89' lang='lat' dir='ltr'>giis</span> <span class='ocrx_word' id='word_1_79' title='bbox 311 759 523 809; x_wconf 86' lang='lat' dir='ltr'>ministris,</span> <span class='ocrx_word' id='word_1_80' title='bbox 553 760 655 798; x_wconf 86' lang='lat' dir='ltr'>intra</span> <span class='ocrx_word' id='word_1_81' title='bbox 687 758 782 799; x_wconf 82' lang='lat' dir='ltr'>duas</span> <span class='ocrx_word' id='word_1_82' title='bbox 808 759 952 798; x_wconf 77' lang='lat' dir='ltr'>aestates</span> <span class='ocrx_word' id='word_1_83' title='bbox 975 763 1018 808; x_wconf 82' lang='lat'>5,</span> <span class='ocrx_word' id='word_1_84' title='bbox 1049 759 1190 799; x_wconf 57' lang='lat' dir='ltr'>cuneta</span> <span class='ocrx_word' id='word_1_85' title='bbox 1217 774 1477 815; x_wconf 85' lang='lat' dir='ltr'>camporum,</span> <span class='ocrx_word' id='word_1_86' title='bbox 1506 777 1593 802; x_wconf 86' lang='lat' dir='ltr'>om-</span> 
     </span>
     <span class='ocr_line' id='line_1_11' title="bbox 131 820 1591 878; baseline 0.001 -16"><span class='ocrx_word' id='word_1_87' title='bbox 131 837 183 864; x_wconf 88' lang='lat'>10</span> <span class='ocrx_word' id='word_1_88' title='bbox 205 822 352 876; x_wconf 89' lang='lat' dir='ltr'>nesque</span> <span class='ocrx_word' id='word_1_89' title='bbox 366 851 379 872; x_wconf 90' lang='lat'>,</span> <span class='ocrx_word' id='word_1_90' title='bbox 404 835 544 878; x_wconf 88' lang='lat' dir='ltr'>praeter</span> <span class='ocrx_word' id='word_1_91' title='bbox 561 820 847 875; x_wconf 86' lang='lat' dir='ltr'>Hierosolyma</span> <span class='ocrx_word' id='word_1_92' title='bbox 864 850 876 871; x_wconf 86' lang='lat'>‚</span> <span class='ocrx_word' id='word_1_93' title='bbox 896 820 1012 861; x_wconf 87' lang='lat' dir='ltr'>urbes</span> <span class='ocrx_word' id='word_1_94' title='bbox 1026 850 1038 871; x_wconf 88' lang='lat'>,</span> <span class='ocrx_word' id='word_1_95' title='bbox 1052 822 1203 862; x_wconf 53' lang='lat' dir='ltr'>vietore</span> <span class='ocrx_word' id='word_1_96' title='bbox 1217 824 1398 864; x_wconf 82' lang='lat' dir='ltr'>exercitu</span> <span class='ocrx_word' id='word_1_97' title='bbox 1417 824 1591 866; x_wconf 80' lang='lat' dir='ltr'>tenebat.</span> 
     </span>
     <span class='ocr_line' id='line_1_12' title="bbox 205 883 1592 939; baseline 0.002 -13"><span class='ocrx_word' id='word_1_98' title='bbox 205 886 417 927; x_wconf 85' lang='lat' dir='ltr'>Proximus</span> <span class='ocrx_word' id='word_1_99' title='bbox 447 900 571 926; x_wconf 90' lang='lat' dir='ltr'>annus</span> <span class='ocrx_word' id='word_1_100' title='bbox 601 884 618 906; x_wconf 78' lang='lat'><strong><em>⁶</em></strong></span> <span class='ocrx_word' id='word_1_101' title='bbox 648 883 760 926; x_wconf 90' lang='lat' dir='ltr'>civili</span> <span class='ocrx_word' id='word_1_102' title='bbox 780 883 891 925; x_wconf 90' lang='lat' dir='ltr'>bello</span> <span class='ocrx_word' id='word_1_103' title='bbox 916 885 1119 935; x_wconf 88' lang='lat' dir='ltr'>intentus,</span> <span class='ocrx_word' id='word_1_104' title='bbox 1147 899 1339 939; x_wconf 87' lang='lat' dir='ltr'>quantum</span> <span class='ocrx_word' id='word_1_105' title='bbox 1362 887 1410 928; x_wconf 80' lang='lat' dir='ltr'>ad</span> <span class='ocrx_word' id='word_1_106' title='bbox 1435 888 1592 932; x_wconf 77' lang='lat' dir='ltr'>Judaeos</span> 
     </span>
     <span class='ocr_line' id='line_1_13' title="bbox 206 946 1594 1005; baseline 0.002 -15"><span class='ocrx_word' id='word_1_107' title='bbox 206 964 278 1005; x_wconf 90' lang='lat' dir='ltr'>per</span> <span class='ocrx_word' id='word_1_108' title='bbox 303 950 431 990; x_wconf 91' lang='lat' dir='ltr'>otium</span> <span class='ocrx_word' id='word_1_109' title='bbox 445 948 615 989; x_wconf 80' lang='lat' dir='ltr'>transiit:</span> <span class='ocrx_word' id='word_1_110' title='bbox 648 963 747 1004; x_wconf 87' lang='lat' dir='ltr'>pace</span> <span class='ocrx_word' id='word_1_111' title='bbox 782 963 851 1004; x_wconf 90' lang='lat' dir='ltr'>per</span> <span class='ocrx_word' id='word_1_112' title='bbox 885 946 1043 988; x_wconf 87' lang='lat' dir='ltr'>Italiam</span> <span class='ocrx_word' id='word_1_113' title='bbox 1064 947 1173 1003; x_wconf 58' lang='lat' dir='ltr'>parta</span> <span class='ocrx_word' id='word_1_114' title='bbox 1187 979 1200 999; x_wconf 95' lang='lat'>,</span> <span class='ocrx_word' id='word_1_115' title='bbox 1238 953 1276 990; x_wconf 70' lang='grc' dir='ltr'>ὅ(</span> <span class='ocrx_word' id='word_1_116' title='bbox 1297 964 1468 992; x_wconf 86' lang='lat' dir='ltr'>externae</span> <span class='ocrx_word' id='word_1_117' title='bbox 1492 967 1594 993; x_wconf 83' lang='lat' dir='ltr'>curae</span> 
     </span>
     <span class='ocr_line' id='line_1_14' title="bbox 206 1010 1592 1067; baseline 0.004 -16"><span class='ocrx_word' id='word_1_118' title='bbox 206 1013 373 1053; x_wconf 81' lang='lat' dir='ltr'>rediere.</span> <span class='ocrx_word' id='word_1_119' title='bbox 389 1011 578 1067; x_wconf 85' lang='lat' dir='ltr'>Augebat</span> <span class='ocrx_word' id='word_1_120' title='bbox 606 1013 708 1062; x_wconf 82' lang='lat' dir='ltr'>iras,</span> <span class='ocrx_word' id='word_1_121' title='bbox 735 1011 844 1066; x_wconf 81' lang='lat' dir='ltr'>quod</span> <span class='ocrx_word' id='word_1_122' title='bbox 866 1010 941 1052; x_wconf 92' lang='lat' dir='ltr'>soli</span> <span class='ocrx_word' id='word_1_123' title='bbox 967 1011 1094 1055; x_wconf 78' lang='lat' dir='ltr'>Judaei</span> <span class='ocrx_word' id='word_1_124' title='bbox 1122 1027 1204 1052; x_wconf 91' lang='lat' dir='ltr'>non</span> <span class='ocrx_word' id='word_1_125' title='bbox 1231 1013 1434 1055; x_wconf 75' lang='lat' dir='ltr'>cessissent.</span> <span class='ocrx_word' id='word_1_126' title='bbox 1462 1016 1592 1057; x_wconf 89' lang='lat' dir='ltr'>Simul</span> 
     </span>
     <span class='ocr_line' id='line_1_15' title="bbox 205 1075 1595 1134; baseline 0.004 -19"><span class='ocrx_word' id='word_1_127' title='bbox 205 1090 366 1116; x_wconf 89' lang='lat' dir='ltr'>manere</span> <span class='ocrx_word' id='word_1_128' title='bbox 395 1075 501 1131; x_wconf 89' lang='lat' dir='ltr'>apud</span> <span class='ocrx_word' id='word_1_129' title='bbox 529 1076 728 1116; x_wconf 88' lang='lat' dir='ltr'>exercitus</span> <span class='ocrx_word' id='word_1_130' title='bbox 763 1075 931 1125; x_wconf 83' lang='lat' dir='ltr'>Titum,</span> <span class='ocrx_word' id='word_1_131' title='bbox 967 1075 1015 1116; x_wconf 90' lang='lat' dir='ltr'>ad</span> <span class='ocrx_word' id='word_1_132' title='bbox 1045 1089 1184 1116; x_wconf 88' lang='lat' dir='ltr'>omnes</span> <span class='ocrx_word' id='word_1_133' title='bbox 1215 1078 1460 1134; x_wconf 73' lang='lat' dir='ltr'>principatus</span> <span class='ocrx_word' id='word_1_134' title='bbox 1495 1081 1595 1121; x_wconf 87' lang='lat' dir='ltr'>novi</span> 
     </span>
     <span class='ocr_line' id='line_1_16' title="bbox 132 1137 1592 1194; baseline 0.006 -19"><span class='ocrx_word' id='word_1_135' title='bbox 132 1150 146 1175; x_wconf 89' lang='lat'><em>1</em></span> <span class='ocrx_word' id='word_1_136' title='bbox 157 1147 178 1189; x_wconf 88' lang='lat'>5</span> <span class='ocrx_word' id='word_1_137' title='bbox 207 1151 375 1179; x_wconf 89' lang='lat' dir='ltr'>eventus</span> <span class='ocrx_word' id='word_1_138' title='bbox 393 1138 558 1180; x_wconf 69' lang='lat' dir='ltr'>&#39;casusve</span> <span class='ocrx_word' id='word_1_139' title='bbox 572 1138 710 1180; x_wconf 91' lang='lat' dir='ltr'>utilius</span> <span class='ocrx_word' id='word_1_140' title='bbox 724 1137 946 1179; x_wconf 86' lang='lat' dir='ltr'>videbatur.</span> <span class='ocrx_word' id='word_1_141' title='bbox 963 1138 1091 1193; x_wconf 87' lang='lat' dir='ltr'>Igitur</span> <span class='ocrx_word' id='word_1_142' title='bbox 1113 1139 1244 1180; x_wconf 88' lang='lat' dir='ltr'>castris</span> <span class='ocrx_word' id='word_1_143' title='bbox 1253 1169 1265 1190; x_wconf 83' lang='grc'>,</span> <span class='ocrx_word' id='word_1_144' title='bbox 1284 1143 1343 1181; x_wconf 78' lang='lat' dir='ltr'>uti</span> <span class='ocrx_word' id='word_1_145' title='bbox 1360 1142 1533 1184; x_wconf 85' lang='lat' dir='ltr'>diximus</span> <span class='ocrx_word' id='word_1_146' title='bbox 1549 1149 1564 1172; x_wconf 95' lang='lat'><em>⁷</em></span> <span class='ocrx_word' id='word_1_147' title='bbox 1579 1173 1592 1194; x_wconf 87' lang='lat'>‚</span> 
     </span>
     <span class='ocr_line' id='line_1_17' title="bbox 205 1201 1594 1262; baseline 0.006 -20"><span class='ocrx_word' id='word_1_148' title='bbox 205 1215 299 1243; x_wconf 90' lang='lat' dir='ltr'>ante</span> <span class='ocrx_word' id='word_1_149' title='bbox 343 1203 495 1243; x_wconf 83' lang='lat' dir='ltr'>moenia</span> <span class='ocrx_word' id='word_1_150' title='bbox 535 1201 917 1257; x_wconf 79' lang='lat' dir='ltr'>Hierosolymorum</span> <span class='ocrx_word' id='word_1_151' title='bbox 959 1201 1094 1258; x_wconf 77' lang='lat' dir='ltr'>positis</span> <span class='ocrx_word' id='word_1_152' title='bbox 1115 1231 1129 1254; x_wconf 90' lang='lat'>,</span> <span class='ocrx_word' id='word_1_153' title='bbox 1165 1203 1366 1247; x_wconf 61' lang='lat' dir='ltr'>instrufitas</span> <span class='ocrx_word' id='word_1_154' title='bbox 1408 1204 1594 1262; x_wconf 83' lang='lat' dir='ltr'>legiones</span> 
     </span>
     <span class='ocr_line' id='line_1_18' title="bbox 206 1263 466 1307; baseline 0.004 -1"><span class='ocrx_word' id='word_1_155' title='bbox 206 1266 421 1307; x_wconf 87' lang='lat' dir='ltr'>ostentavit</span> <span class='ocrx_word' id='word_1_156' title='bbox 438 1263 466 1307; x_wconf 66' lang='grc' dir='ltr'>Β.</span> 
     </span>
     <span class='ocr_line' id='line_1_19' title="bbox 267 1328 1593 1386; baseline 0.003 -15"><span class='ocrx_word' id='word_1_157' title='bbox 267 1329 349 1371; x_wconf 88' lang='grc' dir='ltr'>ΧΙ.</span> <span class='ocrx_word' id='word_1_158' title='bbox 383 1329 408 1374; x_wconf 90' lang='lat' dir='ltr'>J</span> <span class='ocrx_word' id='word_1_159' title='bbox 416 1341 546 1370; x_wconf 85' lang='lat' dir='ltr'>UDAE1</span> <span class='ocrx_word' id='word_1_160' title='bbox 570 1329 639 1371; x_wconf 88' lang='lat' dir='ltr'>sub</span> <span class='ocrx_word' id='word_1_161' title='bbox 662 1328 770 1386; x_wconf 88' lang='lat' dir='ltr'>ipsos</span> <span class='ocrx_word' id='word_1_162' title='bbox 792 1342 927 1370; x_wconf 89' lang='lat' dir='ltr'>muros</span> <span class='ocrx_word' id='word_1_163' title='bbox 949 1329 1122 1370; x_wconf 85' lang='lat' dir='ltr'>struxere</span> <span class='ocrx_word' id='word_1_164' title='bbox 1145 1329 1300 1381; x_wconf 87' lang='lat' dir='ltr'>aciem,</span> <span class='ocrx_word' id='word_1_165' title='bbox 1320 1330 1437 1374; x_wconf 88' lang='lat' dir='ltr'>rebus</span> <span class='ocrx_word' id='word_1_166' title='bbox 1455 1332 1593 1375; x_wconf 89' lang='lat' dir='ltr'>secun-</span> 
     </span>
    </p>
   </div>
   <div class='ocr_carea' id='block_1_3' title="bbox 1614 273 1728 278">
    <p class='ocr_par' dir='ltr' id='par_1_3' title="bbox 1614 273 1728 278">
     <span class='ocr_line' id='line_1_20' title="bbox 1614 273 1728 278; baseline 0 0"><span class='ocrx_word' id='word_1_167' title='bbox 1614 273 1728 278; x_wconf 95' lang='lat' dir='ltr'> </span> 
     </span>
    </p>
   </div>
   <div class='ocr_carea' id='block_1_4' title="bbox 1613 280 1730 295">
    <p class='ocr_par' dir='ltr' id='par_1_4' title="bbox 1613 280 1730 295">
     <span class='ocr_line' id='line_1_21' title="bbox 1613 280 1730 295; baseline -0.009 0"><span class='ocrx_word' id='word_1_168' title='bbox 1613 280 1730 295; x_wconf 51' lang='grc' dir='ltr'><strong>ξ</strong></span> 
     </span>
    </p>
   </div>
   <div class='ocr_carea' id='block_1_5' title="bbox 1616 309 1728 497">
    <p class='ocr_par' dir='ltr' id='par_1_5' title="bbox 1616 309 1728 497">
     <span class='ocr_line' id='line_1_22' title="bbox 1616 309 1728 336; baseline 0.027 -3"><span class='ocrx_word' id='word_1_169' title='bbox 1616 309 1648 334; x_wconf 80' lang='lat' dir='ltr'>A.</span> <span class='ocrx_word' id='word_1_170' title='bbox 1657 311 1687 334; x_wconf 88' lang='lat' dir='ltr'>U.</span> <span class='ocrx_word' id='word_1_171' title='bbox 1698 311 1728 336; x_wconf 89' lang='lat' dir='ltr'>C-</span> 
     </span>
     <span class='ocr_line' id='line_1_23' title="bbox 1638 360 1709 396; baseline 0 -7"><span class='ocrx_word' id='word_1_172' title='bbox 1638 360 1709 396; x_wconf 88' lang='lat'>823.</span> 
     </span>
     <span class='ocr_line' id='line_1_24' title="bbox 1635 416 1708 441; baseline 0.027 -2"><span class='ocrx_word' id='word_1_173' title='bbox 1635 416 1659 439; x_wconf 83' lang='lat' dir='ltr'>J.</span> <span class='ocrx_word' id='word_1_174' title='bbox 1677 416 1708 441; x_wconf 85' lang='lat' dir='ltr'>c.</span> 
     </span>
     <span class='ocr_line' id='line_1_25' title="bbox 1645 469 1695 497; baseline 0 -8"><span class='ocrx_word' id='word_1_175' title='bbox 1645 469 1695 497; x_wconf 89' lang='lat'>70.</span> 
     </span>
    </p>
   </div>
   <div class='ocr_carea' id='block_1_6' title="bbox 199 1443 880 2473">
    <p class='ocr_par' dir='ltr' id='par_1_6' title="bbox 201 1443 879 1880">
     <span class='ocr_line' id='line_1_26' title="bbox 244 1443 876 1484; baseline -0.003 -9"><span class='ocrx_word' id='word_1_176' title='bbox 244 1450 253 1465; x_wconf 93' lang='lat'><em>¹</em></span> <span class='ocrx_word' id='word_1_177' title='bbox 276 1444 514 1484; x_wconf 70' lang='lat' dir='ltr'>DRusutA]</span> <span class='ocrx_word' id='word_1_178' title='bbox 545 1445 615 1476; x_wconf 87' lang='lat' dir='ltr'>Alia</span> <span class='ocrx_word' id='word_1_179' title='bbox 636 1444 696 1476; x_wconf 81' lang='lat' dir='ltr'>fuit</span> <span class='ocrx_word' id='word_1_180' title='bbox 725 1443 876 1481; x_wconf 77' lang='lat' dir='ltr'>Drusilla,</span> 
     </span>
     <span class='ocr_line' id='line_1_27' title="bbox 202 1483 878 1529; baseline 0 -15"><span class='ocrx_word' id='word_1_181' title='bbox 202 1483 345 1529; x_wconf 82' lang='lat' dir='ltr'>Agrippae</span> <span class='ocrx_word' id='word_1_182' title='bbox 357 1487 383 1516; x_wconf 90' lang='lat'>11</span> <span class='ocrx_word' id='word_1_183' title='bbox 398 1485 487 1516; x_wconf 87' lang='lat' dir='ltr'>soror</span> <span class='ocrx_word' id='word_1_184' title='bbox 498 1509 506 1523; x_wconf 90' lang='lat'>‚</span> <span class='ocrx_word' id='word_1_185' title='bbox 521 1486 571 1516; x_wconf 84' lang='lat' dir='ltr'>cui</span> <span class='ocrx_word' id='word_1_186' title='bbox 584 1485 686 1524; x_wconf 86' lang='lat' dir='ltr'>postea</span> <span class='ocrx_word' id='word_1_187' title='bbox 700 1483 791 1515; x_wconf 83' lang='lat' dir='ltr'>Felix</span> <span class='ocrx_word' id='word_1_188' title='bbox 801 1494 878 1523; x_wconf 84' lang='lat' dir='ltr'>nup-</span> 
     </span>
     <span class='ocr_line' id='line_1_28' title="bbox 201 1522 877 1560; baseline -0.003 -6"><span class='ocrx_word' id='word_1_189' title='bbox 201 1522 248 1554; x_wconf 83' lang='lat' dir='ltr'>fit.</span> <span class='ocrx_word' id='word_1_190' title='bbox 267 1524 346 1555; x_wconf 69' lang='lat' dir='ltr'>vide</span> <span class='ocrx_word' id='word_1_191' title='bbox 368 1527 505 1556; x_wconf 84' lang='lat' dir='ltr'>Stemma</span> <span class='ocrx_word' id='word_1_192' title='bbox 520 1525 700 1560; x_wconf 81' lang='lat' dir='ltr'>Heredum,</span> <span class='ocrx_word' id='word_1_193' title='bbox 725 1533 809 1554; x_wconf 91' lang='lat' dir='ltr'>num.</span> <span class='ocrx_word' id='word_1_194' title='bbox 830 1534 877 1553; x_wconf 89' lang='lat'>12.</span> 
     </span>
     <span class='ocr_line' id='line_1_29' title="bbox 221 1563 877 1602; baseline -0.002 -9"><span class='ocrx_word' id='word_1_195' title='bbox 221 1590 223 1593; x_wconf 81' lang='grc'>,</span> <span class='ocrx_word' id='word_1_196' title='bbox 243 1566 254 1579; x_wconf 85' lang='lat'>²</span> <span class='ocrx_word' id='word_1_197' title='bbox 280 1564 442 1594; x_wconf 71' lang='lat' dir='ltr'>CLAumus</span> <span class='ocrx_word' id='word_1_198' title='bbox 471 1567 591 1602; x_wconf 67' lang='lat' dir='ltr'>nepos]</span> <span class='ocrx_word' id='word_1_199' title='bbox 618 1563 790 1599; x_wconf 84' lang='lat' dir='ltr'>Claudius,</span> <span class='ocrx_word' id='word_1_200' title='bbox 814 1564 877 1592; x_wconf 82' lang='lat' dir='ltr'>An-</span> 
     </span>
     <span class='ocr_line' id='line_1_30' title="bbox 203 1601 877 1642; baseline -0.004 -8"><span class='ocrx_word' id='word_1_201' title='bbox 203 1601 302 1634; x_wconf 84' lang='lat' dir='ltr'>toniae</span> <span class='ocrx_word' id='word_1_202' title='bbox 332 1603 465 1634; x_wconf 87' lang='lat' dir='ltr'>minoris</span> <span class='ocrx_word' id='word_1_203' title='bbox 488 1603 588 1638; x_wconf 83' lang='lat' dir='ltr'>filius,</span> <span class='ocrx_word' id='word_1_204' title='bbox 611 1613 710 1642; x_wconf 88' lang='lat' dir='ltr'>nepos</span> <span class='ocrx_word' id='word_1_205' title='bbox 742 1610 806 1633; x_wconf 86' lang='lat' dir='ltr'>erat</span> <span class='ocrx_word' id='word_1_206' title='bbox 834 1602 877 1631; x_wconf 90' lang='lat' dir='ltr'>M.</span> 
     </span>
     <span class='ocr_line' id='line_1_31' title="bbox 204 1641 879 1680; baseline -0.001 -8"><span class='ocrx_word' id='word_1_207' title='bbox 204 1641 361 1680; x_wconf 85' lang='lat' dir='ltr'>Antonii,</span> <span class='ocrx_word' id='word_1_208' title='bbox 377 1642 545 1674; x_wconf 87' lang='lat' dir='ltr'>triumviri.</span> <span class='ocrx_word' id='word_1_209' title='bbox 564 1642 646 1674; x_wconf 88' lang='lat' dir='ltr'>Vide</span> <span class='ocrx_word' id='word_1_210' title='bbox 661 1644 798 1672; x_wconf 84' lang='lat' dir='ltr'>Stemma</span> <span class='ocrx_word' id='word_1_211' title='bbox 814 1641 879 1671; x_wconf 81' lang='lat' dir='ltr'>Cae-</span> 
     </span>
     <span class='ocr_line' id='line_1_32' title="bbox 203 1681 876 1720; baseline -0.006 -8"><span class='ocrx_word' id='word_1_212' title='bbox 203 1681 302 1712; x_wconf 84' lang='lat' dir='ltr'>sarum</span> <span class='ocrx_word' id='word_1_213' title='bbox 315 1704 324 1717; x_wconf 94' lang='lat'><strong>‚</strong></span> <span class='ocrx_word' id='word_1_214' title='bbox 342 1693 428 1713; x_wconf 92' lang='lat' dir='ltr'>num.</span> <span class='ocrx_word' id='word_1_215' title='bbox 451 1694 490 1720; x_wconf 88' lang='lat'>42</span> <span class='ocrx_word' id='word_1_216' title='bbox 513 1683 547 1713; x_wconf 88' lang='lat'>&amp;</span> <span class='ocrx_word' id='word_1_217' title='bbox 576 1693 638 1712; x_wconf 88' lang='lat'>100.</span> <span class='ocrx_word' id='word_1_218' title='bbox 656 1683 752 1712; x_wconf 88' lang='lat' dir='ltr'>Torn.</span> <span class='ocrx_word' id='word_1_219' title='bbox 773 1682 795 1710; x_wconf 91' lang='grc' dir='ltr'>Ι.</span> <span class='ocrx_word' id='word_1_220' title='bbox 811 1690 876 1719; x_wconf 85' lang='lat' dir='ltr'>pag.</span> 
     </span>
     <span class='ocr_line' id='line_1_33' title="bbox 203 1719 878 1759; baseline -0.004 -7"><span class='ocrx_word' id='word_1_221' title='bbox 203 1724 274 1759; x_wconf 80' lang='lat'>461.</span> <span class='ocrx_word' id='word_1_222' title='bbox 303 1723 344 1752; x_wconf 90' lang='lat' dir='ltr'>Ut</span> <span class='ocrx_word' id='word_1_223' title='bbox 366 1730 470 1753; x_wconf 82' lang='lat' dir='ltr'>autem</span> <span class='ocrx_word' id='word_1_224' title='bbox 497 1722 647 1753; x_wconf 88' lang='lat' dir='ltr'>Claudius</span> <span class='ocrx_word' id='word_1_225' title='bbox 675 1722 719 1751; x_wconf 82' lang='lat' dir='ltr'>M.</span> <span class='ocrx_word' id='word_1_226' title='bbox 745 1719 878 1751; x_wconf 83' lang='lat' dir='ltr'>Antonii</span> 
     </span>
     <span class='ocr_line' id='line_1_34' title="bbox 203 1760 878 1801; baseline -0.003 -10"><span class='ocrx_word' id='word_1_227' title='bbox 203 1768 269 1792; x_wconf 85' lang='lat' dir='ltr'>erat</span> <span class='ocrx_word' id='word_1_228' title='bbox 292 1771 409 1800; x_wconf 87' lang='lat' dir='ltr'>nepos,</span> <span class='ocrx_word' id='word_1_229' title='bbox 426 1761 465 1792; x_wconf 85' lang='lat' dir='ltr'>fic</span> <span class='ocrx_word' id='word_1_230' title='bbox 489 1772 618 1801; x_wconf 84' lang='lat' dir='ltr'>quoque</span> <span class='ocrx_word' id='word_1_231' title='bbox 634 1761 724 1791; x_wconf 86' lang='lat' dir='ltr'>Felix</span> <span class='ocrx_word' id='word_1_232' title='bbox 741 1760 878 1798; x_wconf 85' lang='lat' dir='ltr'>ejusdem</span> 
     </span>
     <span class='ocr_line' id='line_1_35' title="bbox 203 1799 879 1840; baseline 0 -10"><span class='ocrx_word' id='word_1_233' title='bbox 203 1800 339 1831; x_wconf 80' lang='lat' dir='ltr'>Antonii</span> <span class='ocrx_word' id='word_1_234' title='bbox 362 1811 526 1840; x_wconf 87' lang='lat' dir='ltr'>progener.</span> <span class='ocrx_word' id='word_1_235' title='bbox 546 1802 647 1831; x_wconf 88' lang='lat' dir='ltr'>Tanta</span> <span class='ocrx_word' id='word_1_236' title='bbox 665 1800 724 1831; x_wconf 87' lang='lat' dir='ltr'>fuit</span> <span class='ocrx_word' id='word_1_237' title='bbox 744 1799 800 1831; x_wconf 88' lang='lat' dir='ltr'>hac</span> <span class='ocrx_word' id='word_1_238' title='bbox 812 1809 879 1830; x_wconf 80' lang='lat' dir='ltr'>aeta·</span> 
     </span>
     <span class='ocr_line' id='line_1_36' title="bbox 202 1839 658 1880; baseline -0.002 -9"><span class='ocrx_word' id='word_1_239' title='bbox 202 1847 234 1871; x_wconf 83' lang='lat' dir='ltr'>te</span> <span class='ocrx_word' id='word_1_240' title='bbox 253 1839 440 1871; x_wconf 84' lang='lat' dir='ltr'>libertorum</span> <span class='ocrx_word' id='word_1_241' title='bbox 461 1840 658 1880; x_wconf 83' lang='lat' dir='ltr'>arrogantia!</span> 
     </span>
    </p>

    <p class='ocr_par' dir='ltr' id='par_1_7' title="bbox 201 1878 877 2156">
     <span class='ocr_line' id='line_1_37' title="bbox 244 1878 873 1917; baseline -0.003 -7"><span class='ocrx_word' id='word_1_242' title='bbox 244 1884 253 1906; x_wconf 86' lang='lat'>³</span> <span class='ocrx_word' id='word_1_243' title='bbox 279 1880 420 1910; x_wconf 65' lang='lat' dir='ltr'>Grssmm</span> <span class='ocrx_word' id='word_1_244' title='bbox 446 1880 581 1911; x_wconf 68' lang='lat' dir='ltr'>Fronum</span> <span class='ocrx_word' id='word_1_245' title='bbox 603 1881 617 1917; x_wconf 92' lang='lat'>]</span> <span class='ocrx_word' id='word_1_246' title='bbox 645 1880 748 1916; x_wconf 86' lang='lat' dir='ltr'>Quem</span> <span class='ocrx_word' id='word_1_247' title='bbox 772 1878 873 1909; x_wconf 85' lang='lat' dir='ltr'>crude-</span> 
     </span>
     <span class='ocr_line' id='line_1_38' title="bbox 201 1917 877 1958; baseline -0.001 -10"><span class='ocrx_word' id='word_1_248' title='bbox 201 1917 344 1949; x_wconf 85' lang='lat' dir='ltr'>liffimum</span> <span class='ocrx_word' id='word_1_249' title='bbox 360 1920 393 1951; x_wconf 72' lang='grc' dir='ltr'>ὃ(</span> <span class='ocrx_word' id='word_1_250' title='bbox 403 1919 699 1958; x_wconf 84' lang='lat' dir='ltr'>impudentiffimum</span> <span class='ocrx_word' id='word_1_251' title='bbox 709 1918 877 1948; x_wconf 85' lang='lat' dir='ltr'>hominum</span> 
     </span>
     <span class='ocr_line' id='line_1_39' title="bbox 201 1958 877 2029; baseline -0.001 -2"><span class='ocrx_word' id='word_1_252' title='bbox 201 1958 337 2028; x_wconf 51' lang='lat' dir='ltr'>aa?</span> <span class='ocrx_word' id='word_1_253' title='bbox 362 1958 799 2029; x_wconf 47' lang='lat' dir='ltr'>iztphzz’estffrssziffl2</span> <span class='ocrx_word' id='word_1_254' title='bbox 826 1968 877 2026; x_wconf 45' lang='grc' dir='ltr'>ᾗς</span> 
     </span>
     <span class='ocr_line' id='line_1_40' title="bbox 204 2009 876 2076; baseline 0 -10"><span class='ocrx_word' id='word_1_255' title='bbox 204 2036 285 2067; x_wconf 84' lang='lat' dir='ltr'>daeos</span> <span class='ocrx_word' id='word_1_256' title='bbox 301 2022 339 2068; x_wconf 78' lang='lat' dir='ltr'>ac&#39;l</span> <span class='ocrx_word' id='word_1_257' title='bbox 357 2009 569 2069; x_wconf 58' lang='lat' dir='ltr'>defeffiponem</span> <span class='ocrx_word' id='word_1_258' title='bbox 584 2036 707 2076; x_wconf 84' lang='lat' dir='ltr'>adegit:</span> <span class='ocrx_word' id='word_1_259' title='bbox 720 2021 876 2075; x_wconf 82' lang='lat' dir='ltr'>coepitque</span> 
     </span>
     <span class='ocr_line' id='line_1_41' title="bbox 201 2075 876 2109; baseline 0.001 -4"><span class='ocrx_word' id='word_1_260' title='bbox 201 2075 322 2106; x_wconf 88' lang='lat' dir='ltr'>bellum</span> <span class='ocrx_word' id='word_1_261' title='bbox 353 2087 437 2108; x_wconf 84' lang='lat' dir='ltr'>anno</span> <span class='ocrx_word' id='word_1_262' title='bbox 466 2079 501 2108; x_wconf 89' lang='lat' dir='ltr'>U.</span> <span class='ocrx_word' id='word_1_263' title='bbox 527 2079 564 2108; x_wconf 90' lang='lat' dir='ltr'>C.</span> <span class='ocrx_word' id='word_1_264' title='bbox 594 2087 781 2109; x_wconf 81' lang='lat' dir='ltr'>Dcccxvm.</span> <span class='ocrx_word' id='word_1_265' title='bbox 807 2076 876 2106; x_wconf 81' lang='lat' dir='ltr'>Jcsu</span> 
     </span>
     <span class='ocr_line' id='line_1_42' title="bbox 202 2114 384 2156; baseline 0 -10"><span class='ocrx_word' id='word_1_266' title='bbox 202 2114 314 2146; x_wconf 80' lang='lat' dir='ltr'>Christi</span> <span class='ocrx_word' id='word_1_267' title='bbox 335 2119 384 2156; x_wconf 89' lang='lat'>65.</span> 
     </span>
    </p>

    <p class='ocr_par' dir='ltr' id='par_1_8' title="bbox 199 2155 880 2473">
     <span class='ocr_line' id='line_1_43' title="bbox 240 2155 878 2194; baseline 0 -10"><span class='ocrx_word' id='word_1_268' title='bbox 240 2159 255 2177; x_wconf 81' lang='lat'><strong>⁴</strong></span> <span class='ocrx_word' id='word_1_269' title='bbox 278 2155 423 2186; x_wconf 65' lang='lat' dir='ltr'>Casuum</span> <span class='ocrx_word' id='word_1_270' title='bbox 445 2156 611 2194; x_wconf 57' lang='lat' dir='ltr'>Garum]</span> <span class='ocrx_word' id='word_1_271' title='bbox 650 2155 770 2186; x_wconf 79' lang='lat' dir='ltr'>Cestius</span> <span class='ocrx_word' id='word_1_272' title='bbox 803 2155 878 2185; x_wconf 85' lang='lat' dir='ltr'>Gal-</span> 
     </span>
     <span class='ocr_line' id='line_1_44' title="bbox 201 2193 876 2234; baseline 0 -10"><span class='ocrx_word' id='word_1_273' title='bbox 201 2193 266 2229; x_wconf 79' lang='lat' dir='ltr'>lus,</span> <span class='ocrx_word' id='word_1_274' title='bbox 286 2201 320 2224; x_wconf 89' lang='lat' dir='ltr'>ut</span> <span class='ocrx_word' id='word_1_275' title='bbox 349 2203 453 2226; x_wconf 83' lang='lat' dir='ltr'>ortum</span> <span class='ocrx_word' id='word_1_276' title='bbox 483 2196 602 2226; x_wconf 88' lang='lat' dir='ltr'>bellum</span> <span class='ocrx_word' id='word_1_277' title='bbox 631 2195 876 2234; x_wconf 82' lang='lat' dir='ltr'>comprimeret,</span> 
     </span>
     <span class='ocr_line' id='line_1_45' title="bbox 199 2233 878 2273; baseline -0.001 -9"><span class='ocrx_word' id='word_1_278' title='bbox 199 2233 421 2273; x_wconf 85' lang='lat' dir='ltr'>Hierosolyma</span> <span class='ocrx_word' id='word_1_279' title='bbox 444 2234 583 2271; x_wconf 82' lang='lat' dir='ltr'>obsedit,</span> <span class='ocrx_word' id='word_1_280' title='bbox 607 2243 725 2273; x_wconf 84' lang='lat' dir='ltr'>partem</span> <span class='ocrx_word' id='word_1_281' title='bbox 736 2236 878 2272; x_wconf 83' lang='lat' dir='ltr'>Septem-</span> 
     </span>
     <span class='ocr_line' id='line_1_46' title="bbox 199 2272 878 2318; baseline -0.001 -14"><span class='ocrx_word' id='word_1_282' title='bbox 199 2272 369 2304; x_wconf 81' lang='lat' dir='ltr'>trionalem</span> <span class='ocrx_word' id='word_1_283' title='bbox 393 2273 476 2304; x_wconf 83' lang='lat' dir='ltr'>urbis</span> <span class='ocrx_word' id='word_1_284' title='bbox 496 2274 597 2318; x_wconf 72' lang='lat' dir='ltr'>cepit,</span> <span class='ocrx_word' id='word_1_285' title='bbox 613 2274 765 2313; x_wconf 83' lang='lat' dir='ltr'>templum</span> <span class='ocrx_word' id='word_1_286' title='bbox 779 2272 878 2312; x_wconf 83' lang='lat' dir='ltr'>ipsum</span> 
     </span>
     <span class='ocr_line' id='line_1_47' title="bbox 201 2312 879 2396; baseline 0.003 -16"><span class='ocrx_word' id='word_1_287' title='bbox 201 2312 629 2392; x_wconf 52' lang='grc' dir='ltr'>ῑῗὲξίᾞῖῗὲμιὲὶᾶξῗῇἰῗᾘ</span> <span class='ocrx_word' id='word_1_288' title='bbox 642 2312 879 2396; x_wconf 43' lang='grc' dir='ltr'>ὲὲξὲῗΐῖἐῐᾷῗιῖἶ</span> 
     </span>
     <span class='ocr_line' id='line_1_48' title="bbox 203 2390 879 2433; baseline 0.003 -13"><span class='ocrx_word' id='word_1_289' title='bbox 203 2390 284 2433; x_wconf 68' lang='grc' dir='ltr'><strong>βεῙΙ.</strong></span> <span class='ocrx_word' id='word_1_290' title='bbox 305 2392 374 2421; x_wconf 88' lang='lat' dir='ltr'>Jud.</span> <span class='ocrx_word' id='word_1_291' title='bbox 395 2393 442 2427; x_wconf 88' lang='lat'>11,</span> <span class='ocrx_word' id='word_1_292' title='bbox 463 2403 506 2429; x_wconf 85' lang='lat'>¹9-</span> <span class='ocrx_word' id='word_1_293' title='bbox 527 2393 594 2422; x_wconf 86' lang='lat' dir='ltr'>Nec</span> <span class='ocrx_word' id='word_1_294' title='bbox 611 2392 700 2424; x_wconf 81' lang='lat' dir='ltr'>aliter</span> <span class='ocrx_word' id='word_1_295' title='bbox 713 2395 879 2422; x_wconf 78' lang='lat' dir='ltr'>Suetonius</span> 
     </span>
     <span class='ocr_line' id='line_1_49' title="bbox 206 2430 880 2473; baseline 0 -12"><span class='ocrx_word' id='word_1_296' title='bbox 206 2438 241 2461; x_wconf 84' lang='lat' dir='ltr'>m</span> <span class='ocrx_word' id='word_1_297' title='bbox 260 2430 379 2470; x_wconf 72' lang='lat' dir='ltr'>Vespas.</span> <span class='ocrx_word' id='word_1_298' title='bbox 402 2432 454 2464; x_wconf 82' lang='lat' dir='ltr'>lv.</span> <span class='ocrx_word' id='word_1_299' title='bbox 481 2430 606 2473; x_wconf 68' lang='lat' dir='ltr'>Coeftque</span> <span class='ocrx_word' id='word_1_300' title='bbox 619 2431 781 2472; x_wconf 71' lang='lat' dir='ltr'>proepqsito,</span> <span class='ocrx_word' id='word_1_301' title='bbox 803 2431 880 2471; x_wconf 75' lang='lat' dir='ltr'>tega-</span> 
     </span>
    </p>
   </div>
   <div class='ocr_carea' id='block_1_7' title="bbox 917 1443 1594 2429">
    <p class='ocr_par' dir='ltr' id='par_1_9' title="bbox 918 1443 1593 1527">
     <span class='ocr_line' id='line_1_50' title="bbox 918 1443 1593 1487; baseline 0.007 -13"><span class='ocrx_word' id='word_1_302' title='bbox 918 1453 974 1474; x_wconf 82' lang='lat' dir='ltr'>tum</span> <span class='ocrx_word' id='word_1_303' title='bbox 991 1443 1098 1483; x_wconf 67' lang='lat' dir='ltr'>infizper</span> <span class='ocrx_word' id='word_1_304' title='bbox 1109 1444 1201 1485; x_wconf 82' lang='lat' dir='ltr'>Syrioe</span> <span class='ocrx_word' id='word_1_305' title='bbox 1220 1446 1385 1486; x_wconf 57' lang='lat' dir='ltr'>consiliarem</span> <span class='ocrx_word' id='word_1_306' title='bbox 1397 1448 1593 1487; x_wconf 73' lang='lat' dir='ltr'>fizppetiasfe-</span> 
     </span>
     <span class='ocr_line' id='line_1_51' title="bbox 918 1484 1461 1527; baseline 0.007 -15"><span class='ocrx_word' id='word_1_307' title='bbox 918 1493 1041 1519; x_wconf 83' lang='lat' dir='ltr'>rentem,</span> <span class='ocrx_word' id='word_1_308' title='bbox 1061 1486 1142 1521; x_wconf 69' lang='lat' dir='ltr'>rapui</span> <span class='ocrx_word' id='word_1_309' title='bbox 1161 1484 1461 1527; x_wconf 73' lang='lat' dir='ltr'>aquilti‚fugaverunt.</span> 
     </span>
    </p>

    <p class='ocr_par' dir='ltr' id='par_1_10' title="bbox 918 1524 1594 1647">
     <span class='ocr_line' id='line_1_52' title="bbox 960 1524 1594 1563; baseline 0.011 -11"><span class='ocrx_word' id='word_1_310' title='bbox 960 1529 968 1550; x_wconf 86' lang='lat'>5</span> <span class='ocrx_word' id='word_1_311' title='bbox 991 1524 1079 1554; x_wconf 59' lang='lat' dir='ltr'>Duas</span> <span class='ocrx_word' id='word_1_312' title='bbox 1104 1528 1269 1563; x_wconf 51' lang='lat' dir='ltr'>,tsi-Ares]</span> <span class='ocrx_word' id='word_1_313' title='bbox 1306 1529 1470 1557; x_wconf 87' lang='lat' dir='ltr'>Annorum</span> <span class='ocrx_word' id='word_1_314' title='bbox 1491 1528 1526 1558; x_wconf 86' lang='lat' dir='ltr'>U.</span> <span class='ocrx_word' id='word_1_315' title='bbox 1553 1530 1594 1559; x_wconf 55' lang='lat' dir='ltr'>Ca</span> 
     </span>
     <span class='ocr_line' id='line_1_53' title="bbox 918 1564 1592 1606; baseline 0.007 -13"><span class='ocrx_word' id='word_1_316' title='bbox 918 1574 1045 1593; x_wconf 86' lang='lat' dir='ltr'>Dcccxx</span> <span class='ocrx_word' id='word_1_317' title='bbox 1061 1564 1094 1594; x_wconf 76' lang='grc' dir='ltr'>ὅ(</span> <span class='ocrx_word' id='word_1_318' title='bbox 1110 1575 1264 1595; x_wconf 71' lang='lat' dir='ltr'>ncccxm.</span> <span class='ocrx_word' id='word_1_319' title='bbox 1286 1566 1366 1597; x_wconf 91' lang='lat' dir='ltr'>Vide</span> <span class='ocrx_word' id='word_1_320' title='bbox 1385 1567 1592 1606; x_wconf 87' lang='lat' dir='ltr'>Supplemen-</span> 
     </span>
     <span class='ocr_line' id='line_1_54' title="bbox 918 1602 1594 1647; baseline 0.009 -15"><span class='ocrx_word' id='word_1_321' title='bbox 918 1610 984 1632; x_wconf 91' lang='lat' dir='ltr'>tum</span> <span class='ocrx_word' id='word_1_322' title='bbox 1011 1602 1124 1632; x_wconf 77' lang='lat' dir='ltr'>Annal.</span> <span class='ocrx_word' id='word_1_323' title='bbox 1149 1604 1243 1640; x_wconf 87' lang='lat' dir='ltr'>XVI,</span> <span class='ocrx_word' id='word_1_324' title='bbox 1255 1615 1313 1642; x_wconf 86' lang='lat'>47,</span> <span class='ocrx_word' id='word_1_325' title='bbox 1332 1616 1363 1645; x_wconf 90' lang='lat'>51</span> <span class='ocrx_word' id='word_1_326' title='bbox 1378 1629 1386 1642; x_wconf 91' lang='lat'>,</span> <span class='ocrx_word' id='word_1_327' title='bbox 1405 1617 1442 1645; x_wconf 90' lang='lat'>57</span> <span class='ocrx_word' id='word_1_328' title='bbox 1458 1607 1491 1637; x_wconf 91' lang='lat'>&amp;</span> <span class='ocrx_word' id='word_1_329' title='bbox 1506 1606 1594 1647; x_wconf 84' lang='lat' dir='ltr'>seqq.</span> 
     </span>
    </p>

    <p class='ocr_par' dir='ltr' id='par_1_11' title="bbox 917 1642 1594 1870">
     <span class='ocr_line' id='line_1_55' title="bbox 958 1642 1592 1682; baseline 0.011 -12"><span class='ocrx_word' id='word_1_330' title='bbox 958 1643 971 1660; x_wconf 88' lang='lat'><strong><em>⁶</em></strong></span> <span class='ocrx_word' id='word_1_331' title='bbox 993 1642 1159 1672; x_wconf 68' lang='lat' dir='ltr'>Pnoxmus</span> <span class='ocrx_word' id='word_1_332' title='bbox 1195 1647 1320 1682; x_wconf 63' lang='lat' dir='ltr'>mnus]</span> <span class='ocrx_word' id='word_1_333' title='bbox 1345 1645 1435 1675; x_wconf 91' lang='lat' dir='ltr'>Urbis</span> <span class='ocrx_word' id='word_1_334' title='bbox 1453 1647 1592 1677; x_wconf 81' lang='lat' dir='ltr'>conditae</span> 
     </span>
     <span class='ocr_line' id='line_1_56' title="bbox 918 1682 1591 1719; baseline 0.01 -9"><span class='ocrx_word' id='word_1_335' title='bbox 918 1682 1026 1711; x_wconf 83' lang='lat' dir='ltr'>Annus</span> <span class='ocrx_word' id='word_1_336' title='bbox 1039 1692 1193 1712; x_wconf 80' lang='lat' dir='ltr'>Dcccxxu</span> <span class='ocrx_word' id='word_1_337' title='bbox 1207 1706 1215 1719; x_wconf 92' lang='lat'>,</span> <span class='ocrx_word' id='word_1_338' title='bbox 1232 1683 1319 1714; x_wconf 92' lang='lat' dir='ltr'>bello</span> <span class='ocrx_word' id='word_1_339' title='bbox 1333 1683 1421 1714; x_wconf 86' lang='lat' dir='ltr'>civili</span> <span class='ocrx_word' id='word_1_340' title='bbox 1432 1684 1591 1717; x_wconf 87' lang='lat' dir='ltr'>interGal-</span> 
     </span>
     <span class='ocr_line' id='line_1_57' title="bbox 918 1721 1590 1757; baseline 0.012 -8"><span class='ocrx_word' id='word_1_341' title='bbox 918 1722 990 1750; x_wconf 89' lang='lat' dir='ltr'>bam</span> <span class='ocrx_word' id='word_1_342' title='bbox 1002 1744 1010 1757; x_wconf 92' lang='lat'>,</span> <span class='ocrx_word' id='word_1_343' title='bbox 1027 1721 1244 1757; x_wconf 84' lang='lat' dir='ltr'>Othonem,&amp;</span> <span class='ocrx_word' id='word_1_344' title='bbox 1260 1723 1425 1754; x_wconf 86' lang='lat' dir='ltr'>Vitellium</span> <span class='ocrx_word' id='word_1_345' title='bbox 1439 1724 1590 1757; x_wconf 84' lang='lat' dir='ltr'>intentus.</span> 
     </span>
     <span class='ocr_line' id='line_1_58' title="bbox 919 1760 1594 1802; baseline 0.01 -13"><span class='ocrx_word' id='word_1_346' title='bbox 919 1760 1023 1790; x_wconf 85' lang='lat' dir='ltr'>Postea</span> <span class='ocrx_word' id='word_1_347' title='bbox 1034 1760 1176 1799; x_wconf 86' lang='lat' dir='ltr'>Principe</span> <span class='ocrx_word' id='word_1_348' title='bbox 1190 1761 1386 1800; x_wconf 69' lang='lat' dir='ltr'>Vespasiano,</span> <span class='ocrx_word' id='word_1_349' title='bbox 1396 1773 1454 1802; x_wconf 84' lang='lat' dir='ltr'>pax</span> <span class='ocrx_word' id='word_1_350' title='bbox 1466 1775 1520 1802; x_wconf 91' lang='lat' dir='ltr'>per</span> <span class='ocrx_word' id='word_1_351' title='bbox 1531 1767 1594 1797; x_wconf 87' lang='lat' dir='ltr'>Ita—</span> 
     </span>
     <span class='ocr_line' id='line_1_59' title="bbox 918 1799 1593 1843; baseline 0.012 -14"><span class='ocrx_word' id='word_1_352' title='bbox 918 1799 992 1829; x_wconf 83' lang='lat' dir='ltr'>liam</span> <span class='ocrx_word' id='word_1_353' title='bbox 1001 1808 1101 1839; x_wconf 85' lang='lat' dir='ltr'>parta;</span> <span class='ocrx_word' id='word_1_354' title='bbox 1115 1800 1149 1831; x_wconf 64' lang='grc' dir='ltr'>ὃς</span> <span class='ocrx_word' id='word_1_355' title='bbox 1161 1809 1295 1832; x_wconf 76' lang='lat' dir='ltr'>externae</span> <span class='ocrx_word' id='word_1_356' title='bbox 1305 1826 1313 1840; x_wconf 90' lang='lat'>,</span> <span class='ocrx_word' id='word_1_357' title='bbox 1332 1802 1363 1833; x_wconf 88' lang='lat' dir='ltr'>id</span> <span class='ocrx_word' id='word_1_358' title='bbox 1382 1803 1421 1834; x_wconf 84' lang='lat' dir='ltr'>est</span> <span class='ocrx_word' id='word_1_359' title='bbox 1434 1804 1569 1842; x_wconf 82' lang='lat' dir='ltr'>Judaicae</span> <span class='ocrx_word' id='word_1_360' title='bbox 1582 1829 1593 1843; x_wconf 94' lang='lat'><em>‚</em></span> 
     </span>
     <span class='ocr_line' id='line_1_60' title="bbox 917 1839 1148 1870; baseline -0.004 0"><span class='ocrx_word' id='word_1_361' title='bbox 917 1850 996 1870; x_wconf 84' lang='lat' dir='ltr'>curae</span> <span class='ocrx_word' id='word_1_362' title='bbox 1017 1839 1148 1870; x_wconf 88' lang='lat' dir='ltr'>rediere.</span> 
     </span>
    </p>

    <p class='ocr_par' dir='ltr' id='par_1_12' title="bbox 918 1880 1594 1955">
     <span class='ocr_line' id='line_1_61' title="bbox 957 1880 1594 1924; baseline 0.011 -16"><span class='ocrx_word' id='word_1_363' title='bbox 957 1885 969 1904; x_wconf 93' lang='lat'><em>7</em></span> <span class='ocrx_word' id='word_1_364' title='bbox 991 1880 1049 1909; x_wconf 74' lang='lat' dir='ltr'>UT1</span> <span class='ocrx_word' id='word_1_365' title='bbox 1073 1883 1235 1914; x_wconf 66' lang='lat' dir='ltr'>nmmos]</span> <span class='ocrx_word' id='word_1_366' title='bbox 1267 1881 1363 1919; x_wconf 67' lang='lat' dir='ltr'>Supra</span> <span class='ocrx_word' id='word_1_367' title='bbox 1385 1892 1449 1922; x_wconf 86' lang='lat' dir='ltr'>cap.</span> <span class='ocrx_word' id='word_1_368' title='bbox 1475 1894 1500 1912; x_wconf 86' lang='lat'>1.</span> <span class='ocrx_word' id='word_1_369' title='bbox 1523 1893 1594 1924; x_wconf 76' lang='lat' dir='ltr'>pag,</span> 
     </span>
     <span class='ocr_line' id='line_1_62' title="bbox 918 1927 1135 1955; baseline 0 -7"><span class='ocrx_word' id='word_1_370' title='bbox 918 1929 990 1955; x_wconf 87' lang='lat'>294.</span> <span class='ocrx_word' id='word_1_371' title='bbox 1010 1927 1079 1949; x_wconf 89' lang='lat' dir='ltr'>not.</span> <span class='ocrx_word' id='word_1_372' title='bbox 1109 1929 1135 1948; x_wconf 85' lang='lat'>1.</span> 
     </span>
    </p>

    <p class='ocr_par' dir='ltr' id='par_1_13' title="bbox 917 1958 1593 2429">
     <span class='ocr_line' id='line_1_63' title="bbox 959 1958 1592 1999; baseline 0.006 -11"><span class='ocrx_word' id='word_1_373' title='bbox 959 1958 970 1977; x_wconf 67' lang='lat'>⁸</span> <span class='ocrx_word' id='word_1_374' title='bbox 994 1959 1239 1995; x_wconf 68' lang='lat' dir='ltr'>Osrnumvrr]</span> <span class='ocrx_word' id='word_1_375' title='bbox 1270 1959 1433 1999; x_wconf 80' lang='lat' dir='ltr'>Eleganter</span> <span class='ocrx_word' id='word_1_376' title='bbox 1464 1961 1592 1992; x_wconf 59' lang='lat' dir='ltr'>dietum.</span> 
     </span>
     <span class='ocr_line' id='line_1_64' title="bbox 918 1997 1591 2039; baseline 0.006 -12"><span class='ocrx_word' id='word_1_377' title='bbox 918 1997 1009 2028; x_wconf 89' lang='lat' dir='ltr'>Titus</span> <span class='ocrx_word' id='word_1_378' title='bbox 1034 1997 1140 2035; x_wconf 87' lang='lat' dir='ltr'>enim,</span> <span class='ocrx_word' id='word_1_379' title='bbox 1165 2000 1236 2028; x_wconf 69' lang='lat' dir='ltr'>cum</span> <span class='ocrx_word' id='word_1_380' title='bbox 1261 2009 1278 2029; x_wconf 82' lang='lat' dir='ltr'>a</span> <span class='ocrx_word' id='word_1_381' title='bbox 1299 2000 1460 2039; x_wconf 85' lang='lat' dir='ltr'>Spinarum</span> <span class='ocrx_word' id='word_1_382' title='bbox 1486 2002 1591 2039; x_wconf 83' lang='lat' dir='ltr'>valle,</span> 
     </span>
     <span class='ocr_line' id='line_1_65' title="bbox 917 2037 1590 2079; baseline 0.007 -13"><span class='ocrx_word' id='word_1_383' title='bbox 917 2039 961 2067; x_wconf 81' lang='lat' dir='ltr'>uti</span> <span class='ocrx_word' id='word_1_384' title='bbox 983 2037 1117 2068; x_wconf 86' lang='lat' dir='ltr'>diximus</span> <span class='ocrx_word' id='word_1_385' title='bbox 1133 2038 1221 2076; x_wconf 73' lang='lat' dir='ltr'>supra</span> <span class='ocrx_word' id='word_1_386' title='bbox 1238 2048 1305 2077; x_wconf 85' lang='lat' dir='ltr'>cap.</span> <span class='ocrx_word' id='word_1_387' title='bbox 1327 2050 1336 2068; x_wconf 83' lang='lat'>1</span> <span class='ocrx_word' id='word_1_388' title='bbox 1355 2063 1363 2074; x_wconf 85' lang='lat'><strong>‚</strong></span> <span class='ocrx_word' id='word_1_389' title='bbox 1383 2040 1421 2070; x_wconf 89' lang='lat' dir='ltr'>ad</span> <span class='ocrx_word' id='word_1_390' title='bbox 1436 2042 1590 2079; x_wconf 87' lang='lat' dir='ltr'>Scopum,</span> 
     </span>
     <span class='ocr_line' id='line_1_66' title="bbox 917 2076 1593 2116; baseline 0.007 -10"><span class='ocrx_word' id='word_1_391' title='bbox 917 2076 960 2107; x_wconf 84' lang='lat' dir='ltr'>ita</span> <span class='ocrx_word' id='word_1_392' title='bbox 968 2077 1255 2116; x_wconf 78' lang='lat' dir='ltr'>appellatum‚quod</span> <span class='ocrx_word' id='word_1_393' title='bbox 1268 2077 1341 2109; x_wconf 83' lang='lat' dir='ltr'>inde</span> <span class='ocrx_word' id='word_1_394' title='bbox 1354 2079 1386 2109; x_wconf 88' lang='lat' dir='ltr'>in</span> <span class='ocrx_word' id='word_1_395' title='bbox 1398 2080 1505 2110; x_wconf 85' lang='lat' dir='ltr'>urbem</span> <span class='ocrx_word' id='word_1_396' title='bbox 1516 2089 1593 2111; x_wconf 89' lang='lat' dir='ltr'>tem-</span> 
     </span>
     <span class='ocr_line' id='line_1_67' title="bbox 918 2117 1590 2156; baseline 0.007 -11"><span class='ocrx_word' id='word_1_397' title='bbox 918 2117 1065 2156; x_wconf 86' lang='lat' dir='ltr'>plumque</span> <span class='ocrx_word' id='word_1_398' title='bbox 1079 2141 1087 2153; x_wconf 90' lang='lat'>,</span> <span class='ocrx_word' id='word_1_399' title='bbox 1107 2117 1370 2156; x_wconf 77' lang='lat' dir='ltr'>Septemtrionem</span> <span class='ocrx_word' id='word_1_400' title='bbox 1384 2122 1487 2150; x_wconf 72' lang='lat' dir='ltr'>versus</span> <span class='ocrx_word' id='word_1_401' title='bbox 1501 2143 1510 2156; x_wconf 90' lang='lat'>,</span> <span class='ocrx_word' id='word_1_402' title='bbox 1527 2130 1590 2151; x_wconf 81' lang='lat' dir='ltr'>crat</span> 
     </span>
     <span class='ocr_line' id='line_1_68' title="bbox 918 2156 1590 2198; baseline 0.006 -13"><span class='ocrx_word' id='word_1_403' title='bbox 918 2156 1093 2195; x_wconf 62' lang='lat' dir='ltr'>prospedius</span> <span class='ocrx_word' id='word_1_404' title='bbox 1109 2180 1116 2193; x_wconf 91' lang='lat'>‚</span> <span class='ocrx_word' id='word_1_405' title='bbox 1143 2157 1234 2186; x_wconf 87' lang='lat' dir='ltr'>castra</span> <span class='ocrx_word' id='word_1_406' title='bbox 1250 2158 1454 2196; x_wconf 76' lang='lat' dir='ltr'>promovisset</span> <span class='ocrx_word' id='word_1_407' title='bbox 1465 2183 1473 2195; x_wconf 96' lang='lat'>‚</span> <span class='ocrx_word' id='word_1_408' title='bbox 1492 2160 1590 2198; x_wconf 81' lang='lat' dir='ltr'>legio-</span> 
     </span>
     <span class='ocr_line' id='line_1_69' title="bbox 918 2195 1590 2237; baseline 0.006 -12"><span class='ocrx_word' id='word_1_409' title='bbox 918 2205 971 2225; x_wconf 85' lang='lat' dir='ltr'>nes</span> <span class='ocrx_word' id='word_1_410' title='bbox 998 2195 1177 2226; x_wconf 79' lang='lat' dir='ltr'>ostcntavit.</span> <span class='ocrx_word' id='word_1_411' title='bbox 1200 2196 1282 2226; x_wconf 88' lang='lat' dir='ltr'>Tum</span> <span class='ocrx_word' id='word_1_412' title='bbox 1303 2198 1341 2228; x_wconf 87' lang='lat' dir='ltr'>ab</span> <span class='ocrx_word' id='word_1_413' title='bbox 1360 2197 1590 2237; x_wconf 80' lang='lat' dir='ltr'>Hierosolymis</span> 
     </span>
     <span class='ocr_line' id='line_1_70' title="bbox 919 2234 1591 2275; baseline 0.006 -11"><span class='ocrx_word' id='word_1_414' title='bbox 919 2234 1047 2265; x_wconf 85' lang='lat' dir='ltr'>distabat</span> <span class='ocrx_word' id='word_1_415' title='bbox 1066 2238 1186 2266; x_wconf 70' lang='lat' dir='ltr'>tantum</span> <span class='ocrx_word' id='word_1_416' title='bbox 1207 2235 1322 2274; x_wconf 89' lang='lat' dir='ltr'>septem</span> <span class='ocrx_word' id='word_1_417' title='bbox 1338 2237 1449 2268; x_wconf 83' lang='lat' dir='ltr'>stadiis.</span> <span class='ocrx_word' id='word_1_418' title='bbox 1472 2238 1591 2275; x_wconf 80' lang='lat' dir='ltr'>Quinta</span> 
     </span>
     <span class='ocr_line' id='line_1_71' title="bbox 919 2274 1590 2318; baseline 0.006 -15"><span class='ocrx_word' id='word_1_419' title='bbox 919 2274 1004 2318; x_wconf 71' lang='lat' dir='ltr'>legio</span> <span class='ocrx_word' id='word_1_420' title='bbox 1022 2275 1189 2306; x_wconf 85' lang='lat' dir='ltr'>retrorsum</span> <span class='ocrx_word' id='word_1_421' title='bbox 1199 2275 1297 2306; x_wconf 86' lang='lat' dir='ltr'>tribus</span> <span class='ocrx_word' id='word_1_422' title='bbox 1309 2276 1407 2307; x_wconf 79' lang='lat' dir='ltr'>stadiis</span> <span class='ocrx_word' id='word_1_423' title='bbox 1420 2277 1508 2307; x_wconf 80' lang='lat' dir='ltr'>castra</span> <span class='ocrx_word' id='word_1_424' title='bbox 1522 2287 1590 2307; x_wconf 83' lang='lat' dir='ltr'>inu--</span> 
     </span>
     <span class='ocr_line' id='line_1_72' title="bbox 920 2314 1589 2355; baseline 0.004 -12"><span class='ocrx_word' id='word_1_425' title='bbox 920 2324 986 2344; x_wconf 79' lang='lat' dir='ltr'>nire</span> <span class='ocrx_word' id='word_1_426' title='bbox 1007 2314 1100 2352; x_wconf 74' lang='lat' dir='ltr'>jussa:</span> <span class='ocrx_word' id='word_1_427' title='bbox 1124 2314 1244 2345; x_wconf 87' lang='lat' dir='ltr'>decima</span> <span class='ocrx_word' id='word_1_428' title='bbox 1270 2324 1373 2346; x_wconf 78' lang='lat' dir='ltr'>autem</span> <span class='ocrx_word' id='word_1_429' title='bbox 1398 2316 1480 2355; x_wconf 80' lang='lat' dir='ltr'>legio</span> <span class='ocrx_word' id='word_1_430' title='bbox 1504 2317 1589 2354; x_wconf 77' lang='lat' dir='ltr'>juxta</span> 
     </span>
     <span class='ocr_line' id='line_1_73' title="bbox 918 2354 1588 2393; baseline 0.004 -10"><span class='ocrx_word' id='word_1_431' title='bbox 918 2362 1062 2384; x_wconf 82' lang='lat' dir='ltr'>montem</span> <span class='ocrx_word' id='word_1_432' title='bbox 1081 2354 1230 2385; x_wconf 83' lang='lat' dir='ltr'>Olearum</span> <span class='ocrx_word' id='word_1_433' title='bbox 1244 2379 1253 2391; x_wconf 89' lang='lat'><strong><em>‚</em></strong></span> <span class='ocrx_word' id='word_1_434' title='bbox 1272 2355 1438 2386; x_wconf 83' lang='lat' dir='ltr'>Orientem</span> <span class='ocrx_word' id='word_1_435' title='bbox 1467 2358 1588 2393; x_wconf 67' lang='lat' dir='ltr'>versus,</span> 
     </span>
     <span class='ocr_line' id='line_1_74' title="bbox 919 2392 1592 2429; baseline 0.006 -7"><span class='ocrx_word' id='word_1_436' title='bbox 919 2392 969 2423; x_wconf 86' lang='lat' dir='ltr'>sex</span> <span class='ocrx_word' id='word_1_437' title='bbox 989 2393 1027 2423; x_wconf 87' lang='lat' dir='ltr'>ab</span> <span class='ocrx_word' id='word_1_438' title='bbox 1053 2395 1128 2424; x_wconf 85' lang='lat' dir='ltr'>urbe</span> <span class='ocrx_word' id='word_1_439' title='bbox 1155 2394 1253 2424; x_wconf 78' lang='lat' dir='ltr'>stadiis</span> <span class='ocrx_word' id='word_1_440' title='bbox 1281 2395 1370 2425; x_wconf 78' lang='lat' dir='ltr'>castra</span> <span class='ocrx_word' id='word_1_441' title='bbox 1398 2402 1511 2426; x_wconf 78' lang='lat' dir='ltr'>metata</span> <span class='ocrx_word' id='word_1_442' title='bbox 1539 2395 1592 2429; x_wconf 70' lang='lat' dir='ltr'>est,</span> 
     </span>
    </p>
   </div>
   <div class='ocr_carea' id='block_1_8' title="bbox 907 2432 1481 2473">
    <p class='ocr_par' dir='ltr' id='par_1_14' title="bbox 907 2432 1481 2473">
     <span class='ocr_line' id='line_1_75' title="bbox 907 2432 1481 2473; baseline 0.002 -10"><span class='ocrx_word' id='word_1_443' title='bbox 907 2432 1042 2472; x_wconf 52' lang='lat' dir='ltr'>,Josepln</span> <span class='ocrx_word' id='word_1_444' title='bbox 1056 2434 1134 2465; x_wconf 87' lang='lat' dir='ltr'>Bell.</span> <span class='ocrx_word' id='word_1_445' title='bbox 1153 2434 1222 2465; x_wconf 81' lang='lat' dir='ltr'>Jud.</span> <span class='ocrx_word' id='word_1_446' title='bbox 1241 2437 1284 2473; x_wconf 80' lang='lat' dir='ltr'>V,</span> <span class='ocrx_word' id='word_1_447' title='bbox 1301 2445 1331 2466; x_wconf 82' lang='lat'>2..</span> <span class='ocrx_word' id='word_1_448' title='bbox 1353 2443 1438 2466; x_wconf 85' lang='lat' dir='ltr'>num.</span> <span class='ocrx_word' id='word_1_449' title='bbox 1454 2444 1481 2472; x_wconf 59' lang='grc' dir='ltr'>ς.</span> 
     </span>
    </p>
   </div>
  </div>
 </body>
</html>
