2209 3047
377 184 459 228 AD
486 186 711 229 LIBRUM
734 186 787 228 V.
825 185 970 228 HIST.
991 186 1039 226 C.
1061 184 1240 228 CORN.
1259 183 1468 226 TACITI.
1528 198 1609 236 57¹

226 276 308 314 pars
327 275 347 300 a
367 264 549 301 Cathedriz
568 264 701 313 Moysis
726 263 835 313 usque
860 262 905 298 ad
922 263 1028 299 Betlzel
1047 262 1240 298 humilibus
1255 262 1424 298 cancellis
1438 261 1617 310 utrimque

231 328 252 352 a
276 314 446 351 lateribus
469 314 518 351 est
539 314 665 350 divisa.
691 314 734 349 In
754 312 892 361 templo
915 323 1033 349 autem
1054 312 1133 348 sunt
1151 314 1288 362 semper
1309 311 1515 348 discalceati
1542 311 1567 346 ².

276 365 411 401 Verum
426 393 436 409 ‚
462 365 542 401 cum
562 363 675 400 libros
694 364 775 400 suos
803 363 958 399 maxima
975 363 1207 399 veneratione
1227 363 1486 412 prosequantur
1505 359 1621 397 Judaei

229 414 392 451 Sinenses
407 443 415 458 ‚
442 418 476 451 &
500 414 580 450 haec
604 414 644 450 lit
666 413 849 463 praecipua
868 426 995 449 eorum
1016 411 1144 461 religio
1161 439 1170 454 ‚
1194 412 1334 461 virique
1354 411 1486 449 eruditi
1507 410 1620 446 libros

228 464 313 501 illos
336 464 556 514 potissimum
578 464 726 501 noscere
749 463 983 512 percupiam,
1009 462 1053 498 de
1079 462 1120 497 iis
1140 462 1339 498 accuratius
1362 461 1567 499 dicendum.

281 515 442 552 Nomine
466 516 646 563 Ta-King‚
676 514 714 549 id
738 513 786 549 est
813 525 952 563 magnae
982 512 1163 561 scripturae
1181 540 1191 555 ‚
1229 511 1340 547 solam
1375 512 1528 562 Legem,
1559 510 1620 546 seu

226 563 347 601 'solum
372 564 653 602 Pentateuchurn
692 562 878 612 appellant
912 562 1027 599 Judaei
1056 561 1229 599 Sinenses.
1255 561 1331 597 Soli
1371 562 1423 597 illi
1459 562 1619 611 quinque

227 613 365 663 Moysis
387 614 470 650 libri
492 615 616 651 locum
640 613 679 648 in
701 614 812 649 Bethel
840 613 1019 649 obtinent.
1041 612 1227 662 Quodque
1259 612 1412 658 Ta-King
1447 611 1620 660 scriptum

227 663 278 700 est
295 664 408 713 longa
429 664 551 700 charta
575 663 708 700 Sinensl
739 691 748 707 ,
779 664 877 710 cujus
893 662 998 711 plura
1016 662 1107 698 folia
1127 661 1227 697 simul
1246 660 1495 709 conglutinata
1518 661 1617 704 sunt,

229 724 271 750 ut
302 714 446 751 crassior
466 714 507 750 fit
531 714 653 750 charta
668 741 676 756 ‚
706 716 740 750 <Sc
763 713 870 762 poffit
897 713 993 749 circa
1012 711 1209 748 voluminis
1231 710 1443 746 umbilicum
1467 711 1617 746 circum-

227 763 345 800 volvi.
370 764 554 814 Quodque
572 763 745 800 volumen
777 773 892 799 totam
923 764 1057 812 Legem
1082 762 1271 804 continet,
1301 760 1371 797 fine
1401 759 1474 796 ulla.
1502 759 1619 795 libro-

229 826 332 857 rum,
361 813 518 862 capitum
535 842 544 857 ,
571 813 736 850 versuum
768 812 1015 855 distinfflone,
1046 811 1197 848 divisam
1222 821 1341 846 tamen
1371 810 1407 846 in
1438 808 1619 859 quinqua-

227 863 330 912 ginta
355 874 424 900 tres
450 863 643 907 sectiones,
668 875 753 913 quas
775 862 889 900 Judaei
913 862 1099 911 appellant
1119 872 1265 900 murmo-
1289 860 1400 896 Nulla
1417 859 1469 895 ibi
1488 860 1618 907 puncta

228 913 376 950 vocalia
390 941 400 957 ‚
427 913 535 950 nullae
548 915 710 961 phetlzurae
728 940 737 956 ‚
769 912 1040 960 nullaesethumae
1057 940 1066 956 ,
1095 922 1156 947 aut
1172 910 1347 959 simplices
1365 923 1404 952 ο,
1417 921 1455 948 D,
1479 919 1539 944 aut
1556 909 1619 944 tri-

228 963 342 1012 plices
365 974 461 1002 000,
482 975 550 1002 9²:³¹2
566 991 575 1007 ,
604 976 683 1012 quae
707 963 745 998 in
769 962 895 999 nostris
919 962 1045 998 Bibliis
1070 960 1261 998 Hebraicis
1287 960 1379 1008 saepe
1411 968 1618 995 occurrunt.

227 1015 273 1050 In
296 1012 544 1050 voluminibus
566 1012 767 1050 Sinensibus
789 1012 928 1049 tantum
954 1013 1046 1049 inter
1077 1023 1254 1060 quamque
1284 1010 1477 1046 sectionem
1501 1008 1618 1044 inter-

226 1064 322 1112 jacet
343 1062 448 1099 unius
472 1062 577 1100 lineae
598 1063 762 1112 spatium.
787 1062 1003 1112 Interrogati
1027 1061 1141 1099 Judaei
1164 1059 1326 1097 Sinenses
1348 1059 1467 1096 curin
1492 1070 1618 1094 eorum

227 1114 394 1161 Ta-Kings
418 1112 519 1148 nulla
543 1113 652 1150 essent
675 1115 805 1162 pumera
824 1141 833 1157 ‚
870 1111 1133 1162 responderunt
1157 1110 1291 1161 Legem
1313 1110 1364 1146 ita
1390 1108 1566 1145 velociter
1596 1120 1618 1144 a

227 1162 314 1199 Deo
340 1162 440 1199 fuisse
464 1162 628 1200 distatam
644 1191 653 1207 ‚
681 1174 721 1199 ut
738 1163 884 1213 Moyses
905 1164 1036 1212 puncta
1058 1173 1242 1210 apponere
1264 1172 1341 1196 non
1366 1158 1548 1208 potuerit:
1574 1170 1618 1194 ea

227 1225 250 1248 a
267 1212 439 1262 magistris
456 1213 754 1250 Occidentalibus
770 1213 892 1262 postea
910 1212 1009 1249 fuiffe
1025 1211 1159 1248 addita.
1179 1209 1494 1246 Circumvolutum
1514 1207 1620 1244 unius

227 1264 381 1311 Ta-King
404 1262 578 1300 volumen
598 1263 709 1299 altum
731 1263 780 1300 est
805 1263 946 1299 duobus
975 1262 1116 1299 circiter
1138 1261 1314 1310 pedibus3
1348 1262 1421 1307 ejus
1447 1259 1621 1295 diameter

229 1312 279 1350 est
303 1314 408 1348 unius
429 1313 531 1362 pedis
553 1317 587 1350 δε
612 1313 723 1363 paulo
746 1313 912 1362 amplius,
938 1312 1062 1349 Unum
1085 1326 1128 1349 ex
1151 1311 1205 1347 his
1230 1312 1401 1357 Ta-Kings
1426 1308 1618 1358 antiquissi-

226 1375 325 1399 mum
343 1364 527 1411 praecipua
544 1363 782 1400 veneratione
796 1363 959 1399 habetur.
984 1362 1083 1398 Illud
1100 1362 1208 1397 trium
1224 1359 1378 1396 millium
1402 1371 1581 1394 annorum
1602 1358 1614 1374 ²

227 1412 295 1449 esse
321 1413 417 1448 Patri
441 1413 636 1462 Domenge
662 1413 794 1449 dixere.
819 1413 1001 1448 Hactenus
1025 1411 1068 1448 de
1095 1412 1282 1459 Ta-Kings,
1309 1421 1388 1458 quoe
1418 1408 1456 1443 in
1492 1406 1620 1445 Bethel

226 1461 469 1498 adservantur.
497 1462 607 1498 Nunc
633 1462 747 1498 libros
770 1462 808 1497 in
833 1461 989 1497 armariis
1016 1471 1210 1497 contentos
1234 1459 1488 1507 expendamus.

280 1512 380 1547 Inter
402 1511 636 1547 armariorum
660 1511 772 1548 libros
792 1511 904 1547 multa
929 1511 1010 1546 sunt
1027 1509 1130 1559 Legis
1145 1538 1154 1554 ‚
1186 1510 1244 1546 seu
1265 1509 1423 1558 quinque
1443 1507 1620 1544 librorum

227 1560 365 1611 Moysis
378 1589 388 1605 ,
415 1561 643 1610 exemplaria.
662 1561 710 1597 At
729 1574 924 1611 numquam
940 1571 1019 1597 tota
1036 1560 1093 1596 lex
1111 1561 1147 1595 in
1166 1573 1240 1596 uno
1260 1559 1354 1595 libro
1374 1559 1512 1608 integra
1530 1569 1620 1594 con-

227 1611 385 1649 tinetur:
412 1611 472 1648 sed
496 1624 719 1661 unaquaeque
738 1611 846 1648 festio
863 1611 993 1647 librum
1016 1623 1127 1646 unum
1151 1609 1269 1647 efficit.
1289 1610 1416 1658 Itaque
1431 1608 1619 1657 ,quinqua-

226 1662 331 1712 ginta
353 1661 466 1698 tribus
487 1661 586 1698 libris
612 1675 704 1710 opus
725 1661 797 1705 est,
827 1671 866 1697 ut
888 1672 967 1698 tota
990 1660 1063 1697 Lex
1084 1660 1267 1696 habeatur.
1288 1658 1386 1695 Libri
1407 1657 1482 1701 illi,
1512 1657 1619 1693 latio-

228 1725 283 1750 res
308 1712 389 1748 sunt
415 1712 521 1762 quam
546 1712 692 1749 altiores
721 1713 731 1731 ³
750 1739 760 1756 ,
790 1711 954 1748 constant
981 1711 1119 1747 tantum
1150 1710 1292 1760 aliquot
1323 1708 1442 1752 foliis,
1470 1720 1549 1758 quce
1581 1715 1620 1743 ut

267 1797 275 1808 ¹
295 1789 438 1814 Discalccati
450 1808 456 1818 ,
477 1789 501 1814 id
517 1791 548 1815 cst
561 1789 609 1814 stne
623 1790 705 1823 caligis
722 1808 728 1818 ‚
741 1791 798 1821 sans
806 1796 905 1822 panton-

227 1823 275 1854 ,ΠΗ
287 1840 293 1851 ,
316 1831 342 1847 ut
357 1825 437 1847 scribit
459 1825 484 1847 P.
502 1826 641 1856 Domcnge.
670 1826 727 1852 Quo
746 1825 772 1848 in
795 1826 836 1848 usu
853 1823 906 1847 san&

231 1858 360 1882 observant
372 1858 439 1890 quod
450 1859 529 1886 Deus,
550 1859 576 1882 in
593 1859 653 1882 rubo
664 1867 779 1890 apparens
792 1876 798 1888 ,
821 1866 906 1889 pratee-

234 1891 269 1923 pit
281 1891 356 1922 Moyfi
377 1901 382 1914 :
400 1892 439 1916 Ne
451 1892 569 1925 appropies
581 1910 588 1920 ,
601 1892 674 1925 inquit
684 1911 690 1920 ‚
702 1893 744 1917 huc
759 1904 767 1916 :
780 1892 847 1922 fhlve
859 1892 906 1916 cal-

230 1932 376 1950 ceamentum
390 1926 417 1950 de
425 1927 523 1958 pedihus
534 1926 579 1950 ruis
593 1935 599 1948 :
612 1927 677 1951 Iocus
688 1927 748 1951 enim
760 1927 784 1950 in
794 1925 904 1958 questas,

233 1959 383 1990 terra-{anch
394 1959 431 1990 est⁴
451 1960 529 1985 Exod.
550 1962 607 1988 ΙΙΙ,
620 1969 642 1990 ς,

266 1999 277 2012 ²
296 1994 353 2018 Tria
365 1993 407 2017 illa
418 1994 494 2018 millia
507 2003 630 2019 annorum
644 2003 675 2018 ne
689 1994 808 2026 intelligas
822 1993 849 2017 δε
861 2002 904 2018 co-

233 2025 283 2050 dice
303 2035 316 2051 a
340 2028 414 2051 tribus
432 2029 538 2052 millibus
555 2037 676 2053 annorum
696 2029 782 2060 scripto
799 2045 805 2055 ,
828 2027 866 2051 scd
877 2027 905 2051 de

233 2060 285 2092 lege
297 2060 345 2084 Iatss
364 2064 387 2086 δε
407 2070 420 2085 a
432 2063 498 2087 Mose
516 2063 600 2095 scripta
615 2063 689 2086 tribus
700 2063 788 2086 abhinc
800 2062 905 2086 millibus

230 2101 365 2118 annorum.
383 2095 438 2123 Qui
449 2097 474 2120 in
493 2105 516 2120 re
532 2097 609 2120 Judaei
620 2097 728 2120 Sinenses
739 2105 752 2120 a
765 2096 851 2120 Judaeis
862 2097 906 2119 Eu-

233 2129 318 2159 ropaeis
329 2136 381 2153 non
397 2129 499 2154 multum
512 2130 634 2155 differunt.
651 2131 714 2154 Nam
726 2138 802 2154 annus
825 2138 887 2158 ¹721-
899 2147 905 2158 ,

233 2170 283 2219 guo
293 2163 318 2186 1‘.
330 2164 459 2196 Domenge
476 2164 572 2190 Judaeos
588 2166 694 2189 Sinenses
717 2164 885 2196 alloquebatur
897 2181 903 2191 ,

244 2196 278 2219 uit
294 2196 381 2220 Judaeis
392 2198 513 2229 Europaeis
529 2207 606 2222 annus
621 2207 684 2232 3034
699 2198 727 2222 ab
740 2199 805 2222 exitu
820 2198 847 2221 de
860 2198 905 2221 ΑΞ-

234 2237 304 2262 gypto
315 2231 341 2255 (7
352 2229 409 2255 dard
417 2232 470 2264 lege
479 2250 484 2259 ‚
502 2240 527 2256 ut
539 2232 633 2257 constat
652 2241 681 2256 ex
692 2241 775 2255 eorum
789 2231 905 2255 Kalenda-

234 2265 283 2288 riis.
303 2264 473 2289 Vetustiffimus
488 2274 566 2290 autem
578 2265 654 2290 codex
667 2266 806 2290 Judaeorum
817 2267 903 2289 Sincu-

233 2297 293 2322 ssum
310 2307 359 2322 erat
375 2298 468 2322 tantum
479 2301 645 2324 sexcentorum
661 2308 795 2327 annorum,
809 2300 905 2323 ineunte

235 2332 354 2363 superiore
378 2333 464 2357 saeculo
477 2352 482 2361 ,
503 2343 528 2358 ut
542 2337 565 2359 ὅ(
587 2333 626 2366 ipsi
649 2334 675 2357 P.
687 2335 826 2357 Martliaeum
840 2334 906 2356 Ricci

234 2364 345 2390 docuere.
364 2367 412 2390 Nec
427 2369 515 2399 semper
535 2368 667 2392 adst-:vatus
682 2367 726 2391 suit
740 2369 764 2391 in
779 2366 907 2399 Synagogzi

234 2398 419 2432 Coi-fong-jou
435 2410 442 2429 ς
472 2402 510 2425 sed
523 2401 576 2426 cum
601 2410 628 2425 ea
650 2403 744 2425 incensa
762 2400 856 2428 fuisset.
880 2401 907 2424 li-

233 2432 319 2465 brique
334 2434 452 2464 periissent
463 2452 470 2462 ,
486 2437 616 2467 imperante
630 2435 738 2460 Onon-li
749 2453 754 2463 ,
778 2443 803 2459 ut
818 2434 907 2458 distum

233 2466 268 2493 est
285 2466 370 2499 suprri,
391 2469 581 2495 Pentateuclium
598 2469 667 2494 illum
684 2470 808 2496 obtinuere
828 2477 841 2493 a
857 2470 908 2494 Ma-

944 1789 1077 1812 humetano
1090 1787 1204 1815 homine,
1223 1795 1294 1819 quem
1311 1793 1413 1817 reperere
1426 1785 1449 1809 in
1463 1785 1519 1808 urbe
1532 1784 1616 1816 Ning-

943 1823 981 1846 hia
995 1840 1000 1849 ,
1019 1823 1044 1846 in
1066 1821 1190 1854 provincia
1211 1819 1326 1850 Chen-fi.
1348 1821 1530 1843 Mahumetanus
1548 1818 1618 1842 illum

943 1864 1063 1888 acceperat
1080 1864 1091 1879 a
1103 1855 1186 1879 Judaeo
1199 1856 1224 1878 in
1237 1856 1292 1878 urbe
1304 1855 1396 1878 Canton
1408 1854 1480 1878 morti
1493 1853 1618 1884 proximo.

944 1891 985 1923 qui
1007 1890 1091 1917 illurn,
1111 1898 1135 1912 ut
1145 1890 1266 1922 egregium
1283 1889 1432 1921 antiquitatis
1454 1889 1476 1911 ὃς
1495 1887 1618 1918 religionis

943 1926 1149 1951 monumentum,
1175 1923 1391 1948 commendaverat.
1411 1922 1534 1945 volumen
1556 1919 1616 1943 illud

944 1958 1061 1991 praecipui
1080 1960 1234 1982 veneratione
1247 1966 1311 1981 nunt:
1323 1957 1423 1979 liabetur
1433 1972 1439 1982 ‚
1463 1954 1527 1987 quod
1545 1962 1573 1977 ex
1585 1963 1616 1978 eo

943 2001 1019 2017 cetera
1036 1992 1168 2024 Ta-Kings
1179 1991 1293 2023 descripta
1310 1992 1379 2019 sum3
1392 1992 1415 2014 δι’
1428 1988 1574 2012 adservatum
1583 1988 1615 2011 est

944 2028 968 2050 in
990 2026 1164 2053 inundatione.
1175 2034 1226 2058 quae
1245 2025 1347 2056 contigit
1359 2032 1425 2048 anno
1441 2027 1502 2053 1642
1529 2032 1534 2045 :
1553 2021 1616 2045 unde

943 2061 1019 2088 multa
1030 2061 1149 2084 cluvionis
1163 2061 1259 2092 vestigia
1271 2058 1368 2091 praefcrt.

981 2102 987 2118 3
1008 2095 1071 2118 Libri
1089 2094 1123 2117 illi
1134 2094 1274 2118 ‚ludaeorum
1286 2092 1419 2117 Sincnfium
1433 2090 1474 2115 alti
1491 2091 1612 2122 suntqua-

944 2137 999 2153 tuor
1010 2130 1146 2162 quinqueve
1159 2128 1256 2159 pollices
1273 2145 1278 2155 ‚
1304 2127 1345 2150 lari
1356 2124 1412 2149 vero
1423 2126 1508 2156 septem
1522 2125 1613 2147 circiter

944 2163 1043 2194 pollices
1066 2171 1071 2185 :
1096 2163 1225 2192 majoribus
1246 2162 1317 2185 literis
1331 2178 1336 2188 ‚
1357 2159 1430 2193 quam
1438 2158 1472 2183 Ta
1484 2173 1493 2176 -
1505 2157 1583 2188 Kiugs
1604 2173 1611 2183 .

944 2198 1022 2228 scripti
1038 2198 1110 2225 sunt3
1126 2199 1149 2220 &
1162 2195 1258 2228 singulis
1270 2195 1361 2228 paginis
1377 2192 1450 2225 vulgo
1461 2191 1523 2216 haud
1536 2191 1613 2221 plures

945 2232 1011 2257 sunt,
1030 2230 1102 2263 quiam
1129 2230 1195 2253 dcuae
1213 2230 1281 2253 linc-v
1301 2246 1307 2256 ‚
1340 2236 1366 2251 ut
1385 2227 1459 2257 vulgo
1473 2226 1613 2257 loquimur,

946 2265 986 2289 dix
997 2265 1082 2296 lignes.
1101 2263 1155 2287 Alia
1173 2264 1204 2287 cst
1217 2264 1332 2287 librorum
1345 2261 1475 2285 Sint-urium
1489 2277 1495 2286 ,
1517 2259 1558 2290 qui
1575 2257 1611 2281 al-

947 2300 1096 2325 tiorcssunr,
1116 2298 1188 2330 quirin
1211 2298 1319 2324 latiores,
1336 2295 1422 2320 fornia.
1440 2292 1499 2316 Inde
1511 2292 1614 2315 {urinam

947 2334 1008 2356 hanc
1024 2332 1140 2356 librorum
1151 2331 1307 2356 Judnicorum
1320 2348 1326 2357 .
1346 2330 1397 2362 post
1410 2328 1522 2352 volumen
1532 2344 1538 2353 ,
1551 2326 1614 2348 anri-

947 2366 1078 2400 quissirnam
1103 2365 1247 2390 crediderim.
1272 2363 1429 2396 Antiquiuris
1448 2361 1523 2384 adhuc
1544 2366 1614 2390 argu-

948 2408 1056 2424 mentum
1065 2400 1096 2424 cst
1108 2417 1114 2427 ,
1127 2400 1192 2432 quod
1204 2400 1250 2423 alia
1261 2399 1292 2423 est
1305 2399 1419 2421 librorum
1430 2393 1513 2426 Li·pai
1529 2393 1613 2430 fornha:

948 2435 970 2458 Ii
990 2435 1054 2457 enim
1070 2434 1165 2461 altiores
1174 2435 1229 2461 sunt
1241 2451 1246 2461 ‚
1264 2432 1336 2465 quim
1354 2431 1448 2454 latiores
1460 2445 1467 2456 .
1490 2429 1548 2453 ut&
1559 2426 1616 2457 libri

948 2469 1064 2494 stncnses.
1439 2495 1458 2502 η

1283 2497 1315 2536 C
1325 2509 1345 2534 c
1357 2509 1376 2534 c
1389 2508 1409 2534 c
1436 2507 1460 2544 ¹1
