2209 3047
480 297 593 311 Ξ

479 328 508 351 Α.
520 329 549 351 U.
561 329 589 352 C·

499 375 568 408 823.

499 429 571 453 J.C.

506 480 559 508 70.

835 189 883 230 C.
951 188 1389 231 CORNELII
1451 187 1767 234 TACITI

617 271 826 311 obtinuere
848 281 971 309 terras
987 298 1001 319 ‚
1026 269 1068 310 in
1093 269 1177 323 quis
1201 269 1291 310 urbs
1318 273 1358 310 ὃ(
1383 269 1579 326 templum
1602 271 1748 312 dicata·

676 333 754 374 IV.
788 333 986 382 Moses,
1013 335 1092 387 quo
1116 333 1186 373 sibi
1208 335 1249 372 in
1277 334 1472 388 posterum
1497 347 1658 388 gentem
1687 336 1885 386 firmaret,
1910 348 1983 381 noss

613 411 685 437 vos
712 398 808 436 ritus
842 400 851 416 ¹
870 424 885 445 ,
914 396 1211 450 contrariosque
1241 397 1383 436 ceteris
1411 396 1671 448 mortalibus,
1702 398 1857 439 indidit.
1887 401 1984 442 Pro-

610 459 700 500 fana
731 458 817 499 illic
849 459 1013 509 omnia,
1056 474 1138 512 quae
1176 458 1279 513 apud
1309 473 1381 499 nos
1408 459 1515 500 sacra
1541 463 1580 499 ²:
1619 460 1770 500 rursum
1801 464 1984 504 concessa

607 522 714 578 apud
740 521 858 573 illos,
886 537 968 575 qua:
1011 521 1125 562 nobis
1159 522 1305 561 incesta
1334 527 1360 561 ³.
1386 521 1573 576 Effigiem
1605 523 1793 564 animalis·
1815 529 1861 574 ⁴,
1903 542 1982 580 quo

606 586 849 626 monstrante
869 599 1041 625 errorem
1064 585 1241 637 sitimque
1260 583 1519 639 depulerant,
1540 586 1733 641 penetrali
1752 587 1982 636 sacravere3

607 649 707 690 caeso
731 649 850 689 ariete
879 653 891 678 5
909 677 922 697 ,
949 646 1060 687 velut
1085 649 1126 686 in
1154 646 1438 688 contumeliam
1462 649 1702 689 Hammonis
1730 648 1760 689 ⁶.
1781 649 1860 691 Bos
1882 666 1983 705 quo-

603 727 683 770 ·que
700 709 953 761 immolatur,
968 724 1085 764 quem
1100 711 1284 766 AEgyptii
1299 710 1409 766 Apin
1425 716 1439 738 ⁷
1461 709 1614 753 colunt.
1628 713 1708 753 Sue
1724 711 1921 755 *abstinent
1941 712 1957 735 ²³
1965 743 1981 767 ‚

620 196 709 242 296

603 844 645 864 mo
668 834 739 870 die,
775 833 861 872 quod
887 840 950 864 erat
983 833 1151 864 sabbatum.
1180 833 1270 864 Pulfis

602 873 761 904 Palaestinae
778 872 968 908 cultoribus,
988 882 1076 901 terras
1094 873 1162 902 illas
1185 872 1270 903 obti-

603 923 701 943 nuere
714 936 722 948 ‚
744 912 774 940 in
789 911 899 950 quibus
916 911 1014 949 postea
1027 922 1044 942 a
1056 912 1176 941 Davide
1188 912 1268 949 urbs,

603 962 622 982 a
639 952 743 981 Salon
733 961 808 981 one
836 950 959 986 templum
982 950 1075 979 [licam
1089 951 1166 994 sunt.
1189 951 1269 981 Vide

602 989 907 1027 Josuev1‚3&.20
923 989 1068 1026 Tacitus,
1088 989 1186 1018 nimia
1197 991 1269 1020 bre-

604 1030 720 1065 vitate,
739 1001 1100 1072 εκὲετοῑςιιαῑςτὶρτοτῶ
1124 1028 1268 1059 Judaica-

602 1079 670 1099 rum
693 1079 793 1098 rerum
815 1078 940 1106 ignaros
959 1068 1095 1102 secutus,
1117 1067 1180 1098 haec
1202 1078 1268 1098 om-

601 1109 653 1139 nia
670 1107 752 1137 foede
773 1116 922 1146 corrupit.

640 1148 792 1178 ²Novos
815 1156 903 1177 nri-us
928 1147 942 1182 ]
978 1146 1090 1176 Novos
1119 1145 1266 1189 quidem,

600 1186 651 1216 sed
668 1186 736 1216 Deo
757 1186 887 1230 dignos:
905 1196 981 1222 quos
996 1195 1013 1214 a
1026 1184 1127 1215 Taciti
1144 1185 1268 1215 censura

599 1235 727 1269 purgare
749 1228 879 1255 minime
905 1224 1022 1254 neccss'e
1042 1225 1099 1260 est,
1123 1226 1193 1253 c‘um
1219 1233 1268 1255 tot

598 1264 659 1294 viri
686 1264 798 1294 eruditi
827 1264 858 1293 id
877 1272 949 1294 ante
984 1273 1040 1294 nos
1064 1262 1267 1306 praestiterint‚

598 1304 676 1334 Satis
693 1303 728 1333 fit
741 1303 893 1333 monuisse
908 1302 1073 1346 Josephum
1088 1302 1173 1332 libris
1193 1313 1268 1332 con-

598 1351 644 1373 tra
655 1342 817 1386 Apionem
830 1344 842 1372 1
857 1343 890 1373 ὃς
902 1343 954 1378 ΙΙ,
977 1352 1085 1372 omnia
1101 1341 1164 1371 haec
1191 1352 1267 1372 con-

596 1381 704 1417 vicia,
723 1382 761 1411 ab
784 1381 935 1425 Apione,
958 1380 1155 1418 Apollonio,
1179 1380 1265 1419 Lyfi-

596 1420 709 1451 macho
739 1420 866 1460 aliisque
890 1420 1049 1450 maledicis
1074 1420 1136 1458 jam
1157 1419 1266 1450 decan-

596 1468 679 1493 tata,
699 1460 823 1491 abunde
842 1459 993 1490 refutasse.

637 1504 650 1518 ²
670 1480 759 1528 ἶΑΡυο
782 1510 838 1530 Nos
860 1500 987 1535 sacrm]
1019 1500 1099 1528 Vere
1125 1497 1265 1536 quidem.

595 1540 699 1569 Unum
721 1538 804 1568 enim
817 1539 918 1569 Deum
936 1536 1053 1573 Judaei‚
1068 1537 1203 1566 Romani
1222 1537 1267 1566 in-

595 1587 723 1608 numera
748 1577 879 1608 deorum
905 1577 1084 1613 simulacra,
1113 1577 1265 1613 morbos,

595 1617 710 1661 peltes,
736 1617 875 1656 vitiaque
907 1617 1065 1647 colebant.
1096 1614 1177 1646 Vide
1206 1615 1267 1645 Pli-

595 1666 684 1687 nium
701 1639 746 1689 ΙΙ,
762 1666 791 1695 7.

636 1701 645 1721 3
670 1696 770 1725 Noms
790 1696 949 1732 mensu]
980 1693 1128 1725 Romanis
1153 1693 1264 1724 incesta

595 1743 683 1765 erant
698 1734 875 1773 nuptiarum
896 1744 1029 1772 genera,
1037 1743 1109 1776 quae
1124 1734 1204 1777 apud
1216 1735 1264 1771 Ju-

595 1775 677 1804 daeos
697 1773 782 1804 fuere
803 1773 952 1804 concessa.
973 1774 1019 1802 De
1034 1772 1154 1802 incestis
1171 1773 1264 1802 Clau-

595 1813 639 1843 dii
657 1813 691 1844 8(
711 1812 887 1852 Agrippinae
900 1812 1015 1850 nuptiis
1035 1811 1150 1842 diemm
1165 1813 1203 1842 est
1219 1812 1264 1842 su-

594 1854 648 1891 pra
666 1853 777 1882 Annal.
802 1853 878 1888 XII,
904 1862 920 1890 5
940 1852 974 1882 &
997 1851 1080 1890 seqq.
1099 1851 1162 1880 111ae
1186 1853 1262 1882 vero

594 1891 708 1929 nuptiae
722 1892 820 1935 patrui
839 1901 909 1921 cum
921 1890 1020 1921 fratris
1039 1889 1103 1919 filia
1116 1900 1181 1920 non
1195 1891 1262 1921 sunt

593 1930 783 1966 prohibitae
776 1942 809 1960 1n
833 1930 968 1960 Levitic.
991 1931 1103 1959 XVIII.
1127 1929 1207 1959 Vide
1228 1931 1262 1961 ὃς

592 1969 817 2005 Menocffium,
841 1968 874 1998 de
895 1968 1044 2007 Republicd
1066 1967 1260 2007 Hebraeorum,

591 2009 726 2045 111,20.
744 2019 829 2039 num.
849 2020 878 2039 2.

632 2053 647 2072 4
668 2049 819 2078 Erriouzm
842 2059 990 2078 ammaus
1009 2052 1020 2083 ]
1045 2048 1126 2079 Huic
1150 2047 1261 2078 fabulae

593 2086 769 2117 adversatur
791 2087 851 2131 ipse
871 2087 1020 2124 Tacitus,
1036 2098 1106 2118 cum
1127 2098 1202 2118 mox
1215 2098 1261 2117 m

593 2126 641 2156 fra
668 2136 733 2164 cap.
758 2136 784 2165 5.
807 2126 865 2157 ait:
889 2126 1128 2165 nullafimulacra
1152 2126 1262 2156 urbibus

593 2165 789 2202 judaeorum,
813 2165 911 2194 nedum
930 2166 1036 2202 templis
1052 2167 1130 2196 sunt.
1147 2167 1206 2196 Sed
1224 2167 1261 2196 de

593 2204 651 2234 hac
667 2204 770 2235 fabula
780 2189 866 2243 plura
878 2205 992 2235 videm
1002 2206 1095 2236 Notis
1106 2206 1140 2237 &
1149 2207 1261 2236 Emen-

593 2244 774 2274 dationibus
793 2245 830 2273 ad
848 2244 921 2273 Hist.
933 2247 981 2280 V,
997 2256 1026 2282 4

634 2288 643 2310 5
668 2285 758 2314 Cffiso
781 2287 922 2317 ΑΜΕ-τε]
945 2284 1015 2313 Haec
1033 2283 1144 2317 meris,
1160 2291 1194 2314 ut
1210 2294 1260 2322 pa-

592 2329 655 2358 tet,
669 2322 871 2360 conjecluris,
885 2322 996 2361 quibus
1010 2322 1088 2352 nihil
1103 2322 1258 2359 fallacius,

592 2361 744 2391 nituntur.
769 2362 894 2405 Nempe
914 2361 998 2400 quod
1024 2361 1142 2399 Jupiter
1160 2362 1257 2390 Ham-

592 2409 670 2432 mon
689 2400 853 2430 arietinum
884 2410 981 2430 cornu
1008 2399 1156 2433 haberet,
1185 2400 1257 2429 inde

592 2437 627 2470 in
646 2440 709 2478 ejus
729 2439 953 2471 contumeliam
973 2439 1080 2470 caefum
1099 2449 1117 2470 a
1146 2439 1257 2470 Judaeis

1307 833 1436 864 arietem
1461 833 1590 865 finxere.
1610 834 1659 865 Sic
1686 834 1804 865 bovem
1826 835 1978 868 immola-‘

1308 882 1372 903 tum
1388 875 1494 913 ,quod
1509 874 1646 913 AEgyptii
1657 875 1774 904 bovem
1790 875 1872 913 Apin
1885 876 1976 906 cole-

1307 921 1385 949 rent,
1399 913 1615 952 prodiderunt.
1628 914 1730 951 Quam
1747 913 1810 942 haec
1827 924 1906 944 vana
1922 914 1976 945 fal-

1306 951 1398 990 saque
1432 951 1489 982 sint
1521 953 1620 990 liquet
1650 962 1687 982 ex
1713 952 1886 989 sacrificiis,
1910 963 1976 991 quae

1306 991 1397 1026 Abel,
1410 992 1482 1021 Noe
1497 991 1624 1029 aliique,
1640 990 1753 1020 Genes.
1768 992 1827 1027 1V,
1843 993 1976 1029 4.Vl11‚

1306 1040 1355 1059 20.
1377 1030 1545 1063 obtulere,
1567 1039 1637 1059 cum
1662 1039 1765 1068 neque
1793 1031 1975 1076 Hammon,

1306 1078 1407 1106 neque
1428 1069 1501 1106 Apis
1515 1068 1630 1098 essent
1624 1078 1655 1097 in
1668 1078 1768 1098 rerum
1786 1078 1904 1100 natura.

1344 1109 1356 1126 ⁶
1379 1108 1582 1151 Hammeum]
1598 1109 1774 1137 Cornutum
1786 1108 1872 1152 Jovis
1884 1110 1977 1139 Ham-

1306 1146 1408 1176 monis
1431 1155 1522 1185 caput
1537 1146 1638 1190 paffim
1666 1147 1822 1176 obvium
1813 1158 1847 1176 m
1872 1149 1919 1186 Cy
1924 1160 1976 1179 re..

1306 1196 1445 1216 naeorum
1458 1196 1604 1215 nummis.
1627 1187 1666 1215 At
1684 1185 1866 1232 fingularem
1885 1187 1978 1218 Faus-

1306 1224 1377 1254 tinae
1396 1225 1499 1255 matris
1513 1235 1693 1261 nummum,
1712 1235 1744 1254 111
1766 1226 1852 1263 cujus
1868 1235 1907 1255 av
1911 1237 1976 1258 ersa

1306 1272 1390 1302 parte
1414 1264 1454 1294 est
1482 1264 1560 1294 illud
1590 1264 1774 1294 Hammonis
1801 1273 1912 1303 caput,
1942 1268 1978 1299 ὃς

1305 1302 1385 1332 infra
1420 1314 1551 1338 Ammon,
1581 1303 1711 1342 protulit
1742 1303 1791 1333 Cl.
1823 1304 1976 1343 Pellerin‚

1304 1341 1436 1381 Melange
1458 1341 1490 1371 de
1516 1342 1631 1380 diverses·
1654 1341 1811 1371 Medailles.
1835 1344 1930 1374 Tom.
1948 1346 1976 1375 Ι.

1305 1391 1371 1424 pag.
1393 1391 1442 1424 ²5:
1462 1382 1508 1411 De
1524 1381 1710 1411 Hammonis
1732 1392 1830 1412 cornu
1848 1383 1975 1427 ejusque

1304 1430 1336 1449 Vl
1362 1419 1427 1449 Plu
1431 1430 1476 1450 ius
1489 1421 1605 1450 XXXV
1609 1421 1656 1457 11,
1680 1430 1725 1449 ιο.
1741 1420 1901 1450 Hammonis
1913 1431 1976 1451 cor-

1304 1469 1340 1487 nu
1365 1458 1646 1535 interssacratfflimas
1660 1458 1810 1496 AEthiopiae
1828 1470 1974 1499 gemmas,

1305 1508 1385 1527 aureo
1405 1508 1434 1527 co
1447 1509 1491 1527 ore
1534 1507 1645 1527 ατιετιηι
1667 1497 1764 1527 comas
1787 1499 1901 1537 effigiem
1913 1500 1976 1529 red·
1983 1526 1987 1527 ⁷

1304 1537 1391 1572 dens,
1409 1537 1577 1574 promittitur
1590 1535 1857 1577 praedivinasbmuia
1875 1549 1974 1576 reprae-

1297 1578 1345 1616 sen
1351 1586 1378 1605 τα
1382 1587 1420 1606 re.

1344 1622 1357 1641 7
1378 1618 1456 1646 Arm
1474 1618 1488 1654 ]
1514 1616 1703 1654 Praecipuum
1717 1615 1801 1646 urbis
1820 1616 1974 1661 Memphis

1306 1665 1442 1685 numen.
1459 1656 1545 1693 cujus
1558 1655 1803 1694 superstitionem
1817 1655 1914 1685 olim
1906 1657 1975 1686 imi-

1305 1694 1361 1725 tati
1379 1695 1474 1725 Judaei
1489 1695 1624 1725 vitulum
1641 1704 1766 1725 aureum
1783 1695 1974 1727 conflavere.

1303 1734 1403 1764 Exod.
1425 1735 1562 1770 XXXII,
1575 1745 1604 1771 4.
1617 1733 1689 1772 Apis
1702 1733 1846 1778 frequens
1860 1744 1974 1764 occur-

1303 1773 1343 1804 rit
1366 1773 1399 1803 in
1423 1773 1538 1804 Juliani
1554 1757 1753 1811 Imperatoris
1775 1773 1919 1803 nummis.
1939 1773 1972 1804 Si

1303 1813 1341 1843 de
1362 1813 1419 1851 Api
1438 1814 1523 1851 plura
1546 1812 1708 1848 volueris,
1728 1812 1800 1842 vide
1827 1813 1971 1843 Herodo-

1303 1861 1368 1883 tum
1387 1853 1451 1890 111,
1473 1855 1522 1883 28.
1543 1862 1613 1892 pag.
1635 1862 1704 1891 ¹70·
1727 1851 1861 1882 Plinium
1880 1853 1972 1890 VIII,

1302 1904 1321 1922 Δ

1312 1903 1355 1950 '7⁸
1374 1933 1434 1962 Sue
1457 1942 1624 1962 Asssrmssur
1638 1935 1649 1966 ]
1665 1932 1736 1961 Haec
1756 1938 1918 1969 ceteraque
1932 1940 1972 1960 ex

1303 1971 1479 2008 conjeetura
1495 1971 1592 2007 dina,
1611 1979 1702 2009 atque
1726 1969 1806 2000 falsa.
1825 1970 1901 1999 Non
1920 1969 1972 2000 sue

1302 2013 1442 2045 tantum,
1463 2011 1514 2040 sed
1532 2010 1624 2040 etiam
1649 2009 1812 2053 sanguine,
1832 2008 1972 2039 mortici-

1301 2049 1371 2085 nis,
1392 2049 1627 2089 quamplurimis
1647 2048 1742 2079 etiam
1762 2047 1892 2083 avibus,
1912 2047 1972 2091 pis-

1301 2073 1408 2124 cibus,
1433 2089 1638 2124 animalibus,
1662 2088 1747 2125 juxta
1769 2088 1849 2125 leges
1873 2086 1972 2116 Levi-

1302 2113 1413 2158 tic.X'1
1435 2128 1469 2158 &
1487 2129 1596 2163 XVII,
1622 2127 1774 2157 abstinent
1799 2125 1971 2155 Judaei.1d

1301 2175 1404 2197 autem
1420 2167 1554 2197 vetitum
1580 2151 1640 2196 bei
1666 2164 1890 2204 providentia,
1910 2165 1965 2204 qui

1302 2206 1410 2245 populi
1432 2206 1474 2236 sui
1498 2205 1584 2236 saluti
1611 2205 1801 2236 consulebat
1824 2205 1968 2240 Nempe,

1301 2253 1333 2275 ut
1351 2248 1429 2276 rec‘oe
1446 2245 1588 2276 observat
1611 2245 1747 2275 eruditus
1766 2243 1879 2278 Mead,
1902 2241 1970 2270 Με-

1300 2284 1362 2313 dica
1374 2285 1482 2323 sacra,
1506 2294 1571 2328 cap.
1594 2296 1623 2314 2.
1655 2294 1721 2322 pag.
1755 2293 1809 2320 17,
1843 2291 1912 2311 cum
1934 2280 1968 2310 in

1300 2323 1346 2353 his
1374 2323 1576 2354 calidioribus
1599 2322 1803 2361 regionibus,
1833 2319 1889 2350 nifi
1915 2329 1969 2349 ac-

1300 2371 1403 2392 curata
1422 2362 1457 2392 fit
1470 2362 1567 2391 vic‘tus
1587 2362 1684 2397 ratio,
1699 2369 1829 2398 corpora
1849 2358 1968 2396 leprosa.

1300 2402 1398 2430 scabie
1414 2400 1504 2430 facile
1518 2400 1716 2434 inficiantur,
1726 2398 1886 2428 ἰηῐεῐάἰὲὶ3
1899 2397 1968 2428 sunt

1297 2439 1407 2471 Judaeis
1430 2438 1620 2472 nutrimenta
1632 2438 1721 2470 craffa
1733 2461 1742 2476 ‚
1758 2447 1824 2476 quae
1842 2437 1872 2466 in
1885 2446 1968 2466 mor-

1776 2496 1815 2521 ΙΙΙ
1820 2495 1971 2521 emona
