2230 3047
831 172 879 212 C.
946 172 1371 215 CORNELII
1435 175 1738 217 TACITI

607 189 686 214 110

447 271 562 292 Ξὲ
588 256 699 308 Quas
721 253 825 292 inter
846 267 968 293 voces
980 283 994 303 ‚
1018 266 1063 294 ut
1083 253 1248 295 flexerat
1267 254 1423 295 vultum
1441 283 1454 304 ,
1479 268 1547 295 aut
1564 255 1817 297 induraverat
1833 257 1977 309 Otho,

451 306 480 329 A.
492 307 521 330 U.
532 307 560 330 C.

469 354 537 382 822.

474 405 495 427 J.
509 405 538 427 C.

482 453 532 485 69.

588 317 742 358 clamor
763 319 803 355 &
819 317 990 370 gemitus
1017 322 1043 357 ¹.
1069 319 1162 358 Nec
1178 319 1401 373 praetoriani
1423 320 1578 358 tantum
1595 349 1607 368 ,
1631 321 1814 375 proprius
1838 321 1975 361 Otho-

586 381 646 420 nis
667 378 782 419 miles
796 408 809 429 ,
829 379 896 419 sed
911 380 1087 435 praemissi
1109 395 1131 420 e
1151 381 1294 420 Moesta
1308 411 1321 430 ‚
1349 397 1370 416 ι(
1391 381 1571 421 eamdem
1590 381 1894 423 obstinationem
1913 383 1975 424 ad-

587 444 818 483 »ventantis
839 444 1035 484 exercitus
1052 473 1065 493 ,
1093 442 1273 497 legiones
1295 443 1522 497 Aquileiam
1544 445 1730 500 ingressas
1754 450 1767 466 ²
1782 476 1795 496 ‚
1820 463 1842 482 »
1870 461 1975 486 nun-

586 505 760 547 tiabant:
786 519 831 546 ut
852 521 972 546 nemo
1001 506 1157 546 dubitet
1176 506 1344 561 potuiffe
1366 510 1551 548 renovari
1571 507 1723 548 bellum
1743 522 1885 559 atrox,
1909 508 1973 549 lu-

587 568 712 625 gubre
726 598 738 619 ,
763 570 963 610 incertum
986 571 1096 609 vietis
1111 598 1123 619 ,
1150 573 1191 609 ὃς
1212 568 1438 610 victoribus.
1712 599 1716 602 -

651 631 848 674 XLVII.
883 633 959 671 IPs
972 645 992 671 Ε
1014 632 1169 672 aversus
1187 647 1207 672 a
1224 631 1397 673 consiliis
1414 631 1511 673 belli
1534 639 1574 684 ὅ,
1596 651 1618 670 «
1636 635 1761 675 Η11116
1776 652 1796 672 »
1818 636 1974 689 inquit,

597 712 618 733 t<
639 696 816 736 animum
830 725 843 745 ‚
870 696 975 735 hanc
1007 696 1196 734 virtutem
1229 696 1395 736 vestram
1417 694 1521 736 ultr&
1543 696 1731 752 periculis
1765 696 1941 750 objicere
1959 727 1974 749 ,

589 759 739 798 »nimis
772 757 920 812 grande
954 759 1043 797 vitae
1078 773 1173 798 meae
1211 760 1383 814 pretium
1419 773 1530 815 puto.
1567 762 1734 815 Quanto
1768 760 1857 817 plus
1891 762 1974 817 spei

589 838 611 859 >2
623 822 825 861 ostenditis
842 850 853 869 ‚
881 820 908 858 sl
931 822 1065 861 vivere
1089 819 1265 876 placeret
1278 852 1289 872 ‚
1311 825 1425 863 tanto
1441 821 1649 878 pulchrior
1667 839 1772 865 mors
1789 826 1875 864 erit.
1891 824 1974 863 Ex-

591 885 726 940 »perti
746 884 922 923 invicem
945 883 1102 934 sumus,
1127 899 1203 938 ego
1227 900 1272 925 ac
1291 885 1469 926 fortuna:
1492 901 1566 927 nec
1585 900 1742 942 tempus
1765 900 1975 942 computa-

590 964 612 984 »
624 948 783 988 veritis:
808 945 1011 987 difficilius
1032 947 1086 987 est
1114 960 1335 1003 temperare
1359 948 1570 999 felicitati,
1595 948 1671 1003 qu&
1692 962 1731 989 te
1755 965 1836 990 non
1861 962 1976 1004 putes

589 1010 690 1050 »diu
710 1009 884 1049 usurum.
909 1007 1042 1049 Civile
1070 1008 1221 1050 bellum
1246 1026 1267 1051 a
1286 1010 1458 1052 Vitellio
1482 1013 1631 1067 coepit:
1660 1015 1701 1052 ὃ(
1726 1026 1770 1052 ut
1793 1012 1842 1052 de
1865 1013 1975 1067 prin-

589 1074 758 1128 »cipatu
782 1085 1021 1113 certaremus
1043 1074 1186 1123 armis,
1213 1074 1373 1114 initium
1392 1072 1478 1114 illic
1499 1074 1596 1114 fuit:
1619 1089 1669 1114 ne
1692 1073 1899 1130 plusquam
1921 1075 1975 1116 se-

590 1134 703 1175 »11161
721 1149 917 1176 certemus
930 1165 943 1185 ‚
960 1150 1081 1191 penes
1101 1150 1164 1176 me
1181 1135 1410 1192 exemplum
1428 1137 1521 1176 erit:
1542 1138 1639 1178 hinc
1655 1138 1866 1179 Othonem
1884 1137 1976 1194 pos-

591 1199 756 1238 »teritas
774 1199 946 1238 aestimet.
962 1200 995 1239 F
997 1212 1132 1239 ruetur
1152 1198 1341 1241 Vitellius
1360 1200 1479 1240 fratre
1492 1229 1505 1250 ,
1521 1199 1718 1255 conjuge,
1736 1199 1884 1241 liberis:
1903 1203 1976 1240 mi-

592 1263 666 1301 »111
694 1276 775 1301 11011
797 1259 954 1301 11111οη6
976 1266 995 1290 4
1008 1291 1021 1312 ,
1047 1276 1176 1315 neque
1197 1261 1347 1303 solatiis
1371 1277 1470 1318 opus
1492 1264 1558 1303 est.
1581 1262 1665 1303 Alii
1683 1263 1831 1304 diutius
1853 1264 1976 1320 impe-

593 1341 615 1362 »
626 1325 729 1363 rium
745 1325 946 1365 tenuerint
960 1339 972 1371 ;
995 1339 1116 1365 nemo
1139 1338 1221 1365 tam
1237 1325 1393 1366 fortiter
1411 1324 1628 1380 reliquerit.
1645 1327 1711 1366 An
1727 1342 1805 1382 ego
1820 1341 1977 1367 tantum

593 1388 818 1428 »Romanae
841 1386 954 1443 pubis
968 1417 981 1437 ‚
1006 1400 1067 1428 tot
1084 1390 1266 1442 egregios
1287 1390 1485 1429 exercitus
1499 1419 1512 1439 ,
1533 1390 1649 1430 sterni
1663 1390 1793 1431 rursus
1810 1420 1822 1440 ,
1843 1393 1883 1430 ὃς
1900 1391 1976 1431 rei-

594 1442 793 1506 »publicae
809 1451 907 1506 eripi
923 1452 1075 1506 patiar?
1095 1451 1171 1492 Eat
1190 1453 1256 1492 1116
1278 1467 1436 1493 1116611111
1454 1453 1606 1493 animus
1628 1458 1668 1503 5,
1688 1466 1891 1507 tamquam
1907 1468 1976 1509 pe-

638 1563 645 1576 ¹
671 1558 814 1588 CLAMOR
838 1569 875 1589 ET
899 1563 1058 1593 ominus]
1075 1558 1266 1589 Clamorlae-

596 1597 748 1633 tantium,
769 1596 825 1626 ubi
845 1597 883 1627 ad
910 1598 1008 1628 vitam
1026 1598 1149 1628 vultum
1168 1598 1266 1629 flexe-

597 1645 663 1674 rat3
683 1636 813 1675 gemitus
833 1636 1029 1675 dolentium,
1046 1640 1117 1668 cum
1135 1637 1174 1667 ad
1184 1647 1267 1668 mor-

596 1684 660 1706 tem
680 1676 887 1706 induraverat.

636 1720 648 1733 ²
672 1716 831 1745 Lssoloxsss
860 1717 1046 1751 AQUILEIAM
1070 1718 1264 1754 INGRESSAS]

597 1753 754 1793 Legiones
774 1754 897 1784 tertiam
913 1778 922 1789 ‚
942 1754 1103 1792 septimam
1124 1756 1158 1785 ὃς
1181 1758 1266 1785 och—

598 1804 689 1828 vam,
706 1802 739 1823 ut
764 1793 884 1824 dicetur
902 1793 982 1822 infra
1005 1803 1068 1832 cap.
1093 1797 1142 1832 85.
1163 1795 1267 1824 Errare

598 1842 701 1862 autem
715 1832 838 1862 videtur
850 1832 1015 1863 Suetonius
1029 1833 1061 1862 in
1074 1833 1191 1871 Vespas.
1204 1835 1247 1864 Vl
1258 1856 1266 1868 ‚

599 1874 670 1902 c‘um
688 1872 792 1902 scribit
809 1871 935 1911 Moestaci
954 1871 1090 1900 exercitus
1109 1872 1174 1901 hina
1200 1881 1268 1902 tan-

599 1913 666 1941 tum
685 1921 699 1939 e
711 1910 798 1939 tribus
811 1910 962 1951 legionibus
981 1910 1066 1939 millia
1089 1911 1161 1949 miffiz
1181 1913 1267 1940 auxi-

597 1950 634 1979 lio
652 1949 763 1979 Othoni.
785 1950 947 1989 Aquileia,
966 1949 1086 1981 servato
1099 1951 1197 1981 adhuc
1210 1961 1263 1982 no·

598 1988 703 2025 1111116,
725 1989 837 2028 Aquile‘e
857 1989 928 2018 dans
944 1988 967 2017 le
990 1989 1094 2020 Frioul.

639 2034 648 2054 3
673 2030 819 2060 Avensus
849 2041 868 2060 A
897 2039 1049 2059 cousuns
1080 2034 1202 2064 Βειιῐ]
1232 2030 1267 2060 Id

598 2068 798 2106 supremaque.
813 2068 948 2099 Othonis
962 2068 1088 2100 illustrat
1099 2069 1267 2100 Suetonius

599 2107 634 2137 in
653 2106 782 2137 Othone
803 2109 841 2136 X.
865 2107 994 2144 Interfuit
1015 2108 1076 2137 huic
1097 2108 1162 2137 bello
1190 2119 1268 2145 pater

599 2156 674 2175 meus
689 2145 836 2176 Suetonius
855 2146 942 2176 Lenis
953 2170 961 2183 ‚
975 2147 1174 2177 rer-tiaedecimae
1185 2147 1269 2188 legio-

599 2185 645 2214 nis
659 2184 782 2214 tribunus
806 2185 1030 2225 angusticlavius.
1049 2186 1079 2215 Is
1103 2197 1164 2216 mox
1184 2188 1269 2224 refer-

600 2235 629 2253 re
638 2224 742 2262 solebat
755 2248 764 2260 ,
789 2224 923 2254 Othonem
943 2226 1026 2254 etiam
1040 2226 1178 2262 privatum
1192 2228 1268 2265 usque

600 2263 667 2292 adeo
687 2263 843 2302 detestatum
860 2265 952 2294 civilia
964 2274 1040 2293 arma
1051 2289 1060 2301 ,
1081 2275 1109 2294 uc
1122 2276 1268 2295 memoran-

600 2312 628 2332 te
644 2302 757 2341 quodam
774 2303 846 2333 inter
868 2303 961 2341 epulas
982 2303 1014 2332 de
1035 2304 1113 2343 Ctzffii
1139 2306 1268 2344 Brutique

602 2342 699 2375 exitu,
720 2342 904 2372 cohart-uerit.-
930 2353 980 2372 nec
1003 2344 1189 2382 concursurum
1209 2355 1267 2374 cum

604 2380 804 2426 Galb‘iffifflae
822 2382 875 2452 [Ffi
895 2381 1043 2427 confideret
1052 2382 1115 2427 fine
1133 2383 1268 2428 hello-rem

602 2420 716 2461 tranfigz
730 2421 806 2462 poffe.
847 2432 900 2452 unc
923 2421 959 2452 ad
973 2421 1169 2463 despiciendam
1182 2433 1267 2454 vitam

1305 1559 1422 1596 exemplo
1450 1559 1632 1596 manipularis
1655 1559 1751 1590 militis
1782 1560 1973 1590 concitatum.-

1305 1599 1349 1637 qui
1377 1600 1437 1627 cum
1461 1598 1563 1628 clarlem
1583 1599 1720 1628 exercitus
1745 1600 1887 1629 nuntiaret
1905 1624 1914 1637 ,
1940 1610 1975 1630 ac

1305 1647 1378 1666 nunc
1396 1638 1531 1667 mendacii
1542 1648 1633 1674 ,nunc
1643 1639 1766 1675 timoris,
1778 1639 1972 1679 quqfifugzffet

1305 1687 1339 1706 ex
1361 1677 1420 1706 acie
1438 1700 1448 1713 ,
1475 1688 1659 1717 argueretur,
1685 1677 1781 1718 gladio
1806 1688 1871 1708 unte
1892 1679 1974 1715 pedes

1305 1717 1363 1754 ejus
1383 1715 1552 1746 incubuerit:
1577 1717 1625 1746 hoc
1645 1718 1698 1755 visi)
1710 1742 1719 1754 ‚
1734 1717 1907 1758 proclamaffi»
1915 1729 1975 1748 eum

1306 1755 1416 1785 aiebat:
1433 1756 1499 1786 Non
1521 1756 1678 1795 ampliusje
1697 1758 1724 1786 in
1738 1757 1885 1794 periculum
1905 1758 1975 1787 tales

1306 1804 1412 1834 tamque
1436 1795 1613 1825 benemeritos
1634 1796 1821 1835 conjefiurum.
1847 1796 1973 1826 Fratrem

1305 1834 1665 1875 igiturfrarrisqnefilium
1687 1835 1855 1875 &singulos
1876 1836 1976 1866 amico-

1308 1884 1365 1902 rum
1385 1873 1559 1912 cohortatus,
1583 1884 1612 1903 ut
1624 1874 1680 1914 fibi
1700 1876 1804 1915 quisque
1821 1875 1976 1913 prosacul-

1305 1921 1363 1942 tare
1382 1913 1544 1952 confideret.-
1567 1914 1601 1942 ab
1627 1913 1752 1950 amplexu
1775 1915 1804 1944 Cr·
1827 1915 1911 1953 oftulo
1924 1916 1976 1953 fito

1305 1952 1405 1992 dimisti
1421 1963 1531 1989 omnes,
1555 1953 1710 1991 secretoque
1742 1963 1871 1991 captato,
1897 1953 1975 1984 binos

1306 1991 1443 2021 codicillos
1457 1992 1584 2021 exaravit
1596 1991 1632 2021 ad
1641 1993 1761 2031 fluorem
1774 1993 1975 2032 consolatorios.

1305 2030 1361 2060 Sed
1378 2031 1408 2060 Cr
1427 2031 1462 2060 ad
1475 2031 1651 2071 Meffalinam
1663 2033 1786 2062 Neronis
1798 2057 1807 2069 ‚
1836 2044 1898 2062 uam
1917 2043 1974 2062 tna-

1306 2071 1429 2100 trimonio
1457 2069 1638 2105 destinaverat
1657 2092 1666 2106 ‚
1696 2082 1810 2101 commen
1833 2082 1887 2101 ans
1905 2072 1974 2101 reli-

1305 2110 1383 2149 quias·
1394 2111 1461 2148 flias
1483 2106 1514 2139 'Cr
1531 2111 1695 2141 memoriam.
1715 2111 1856 2151 Quidquid
1877 2111 1975 2141 deinde

1305 2149 1473 2188 epistolarum
1486 2159 1565 2187 erat,
1584 2161 1618 2179 ne
1633 2151 1676 2179 cui
1695 2151 1812 2187 periculo
1829 2160 1877 2180 auc
1894 2160 1976 2181 noxoe

1306 2188 1376 2225 apud
1396 2188 1519 2218 viaorem
1527 2188 1638 2227 forent,
1653 2191 1846 2221 concremavit.
1867 2189 1974 2236 Divisit

1307 2227 1337 2258 Cr
1359 2229 1491 2265 pecunias
1511 2228 1658 2268 domesticis
1677 2240 1712 2258 ex·
1729 2231 1806 2266 copici
1815 2230 1954 2269 prasenti.

1344 2272 1359 2291 4
1380 2269 1453 2299 Nou
1475 2280 1611 2299 ursione
1626 2271 1639 2307 ]
1660 2269 1775 2300 Noluit
1791 2270 1874 2299 enim
1886 2268 1974 2299 Otho

1306 2307 1431 2338 fratrem
1446 2331 1454 2344 ‚
1484 2309 1652 2347 conjugem
1673 2329 1683 2343 ,
1708 2309 1824 2339 liberos
1850 2307 1973 2339 vitellii

1306 2346 1481 2377 interficere
1491 2371 1500 2384 ‚
1523 2358 1620 2387 esque
1633 2348 1786 2378 malorum
1803 2347 1912 2378 solatia
1923 2358 1975 2386 pe-

1306 2395 1382 2417 tere.

1346 2430 1354 2452 5
1378 2426 1503 2457 AMMUS
1524 2427 1539 2464 ]
1558 2426 1615 2457 Eat
1645 2435 1769 2457 mecum
1798 2424 1849 2457 hic
1880 2425 1976 2457 vester

2008 838 2058 865 10

2011 1143 2065 1188 ις’

2004 1465 2061 1492 20
