2230 3047
518 280 650 301 ,Ξ

535 318 649 343 A.U.C.

559 363 630 391 822.

558 412 580 434 J,
594 413 627 436 C.

561 458 614 492 69.

686 192 767 236 164
945 187 992 228 C.
1052 189 1454 231 CORNELII
1512 188 1792 230 TACITI

738 265 871 306 XIII.
906 267 979 307 AT
1012 269 1169 311 Caecina
1185 299 1198 320 ,
1235 270 1456 310 defeffione
1485 267 1608 309 claffis
1639 267 1799 322 vulgata
1813 297 1825 318 ,
1857 269 2046 324 primores

675 331 956 370 centurionum
972 360 986 380 ,
1011 336 1050 372 ὅ(
1071 347 1218 388 paucos
1235 332 1407 372 militum
1425 361 1438 381 ,
1467 332 1607 371 ceteris
1625 345 1693 386 per
1711 330 1860 370 militiae
1887 345 2050 371 munera

674 392 850 447 dispersis
864 421 876 442 ,
899 393 1048 435 secreta
1067 397 1280 435 castrorum
1297 394 1494 434 adfectans
1514 400 1523 415 ¹
1541 423 1555 444 ,
1575 395 1616 432 in
1633 394 1827 448 principia
1843 406 1974 434 vocat.
1986 392 2048 432 Ibi

681 471 703 491 «
718 455 945 510 Vespasiani
960 458 1148 498 virtutem
1164 486 1176 507 ‚
1205 457 1383 510 viresque
1403 458 1573 512 partium
1601 473 1622 493 2>
1638 454 1819 496 extollit:
1843 472 1864 492 (ε
1880 455 2050 496 transfu-

673 533 695 554 >›
706 517 801 571 gisse
817 517 973 560 classem
987 549 1000 569 ,
1021 522 1060 560 in
1083 521 1188 560 arelo
1205 533 1474 560 commeatum
1492 523 1524 559 ²:
1541 518 1719 560 adversas
1736 517 1887 559 Gallias
1903 518 2049 572 Hispa-

671 596 694 617 »
705 580 885 634 niasque:
905 581 1007 621 nihil
1026 584 1067 622 in
1082 583 1187 622 Urbe
1203 582 1324 622 fidum
1340 599 1379 622 »z
1400 595 1517 636 atque
1531 582 1665 622 onmia
1681 582 1730 622 de
1745 580 1915 622 Vitellio
1929 582 1969 620 in
1982 580 2050 620 de-

672 644 806 683 terius.
821 644 927 685 Mox
943 645 1227 700 incipientibus
1240 673 1252 694 ‚
1275 646 1341 698 qui
1358 645 1511 685 conscii
1531 645 1692 685 aderant
1706 674 1718 694 ‚
1746 658 1899 685 ceteros
1916 657 1956 683 re
1977 657 2050 683 no-

672 704 722 747 va
735 708 947 756 attonitos,
966 708 1007 746 in
1024 706 1144 747 verba
1157 707 1384 762 Vespasiani
1399 708 1538 761 adigit:
1557 707 1670 747 simul
1685 706 1843 749 Vitellii
1856 707 2048 760 imagines

672 769 841 824 dereptae
851 799 863 818 ‚
884 773 924 808 &
938 769 1034 808 missi
1048 771 1115 823 qui
1128 770 1311 810 Antonio
1327 772 1568 811 nuntiarent.
1582 770 1662 810 Sed
1673 770 1741 810 ubi
1754 771 1849 810 totis
1864 769 1994 810 castris
2008 769 2049 807 in

670 831 775 872 fama
791 832 963 887 proditio
976 860 990 881 ,
1013 847 1217 873 recurrens
1231 834 1272 872 in
1287 835 1481 889 principia
1502 832 1614 873 miles
1630 863 1643 883 ‚
1669 833 1936 889 praescriptum
1951 829 2052 872 Vesn

674 895 819 950 pasiani
835 909 983 934 nomen
999 924 1012 944 ,
1034 893 1224 950 projenstas
1238 895 1396 936 Vitellii
1420 895 1571 950 effigies
1593 896 1768 951 aspexit3
1794 896 1944 935 vastum
1972 894 2051 948 pri-

673 960 743 997 mo
761 955 957 996 silentium
971 986 983 1006 ‚
1008 973 1105 998 mox
1133 959 1274 998 cunEia
1299 958 1411 998 simul
1428 963 1438 987 ³
1458 972 1692 1014 erumpunt:
1717 976 1738 994 «
1755 959 1850 998 Huc
1865 955 2050 998 cecidisse

672 1036 695 1057 ³>
708 1021 940 1060 Germanici
956 1021 1153 1061 exercitiis
1173 1020 1341 1075 gloriam
1358 1051 1371 1071 ‚
1398 1035 1442 1061 ut
1456 1021 1533 1061 sine
1549 1020 1695 1076 proelio
1711 1050 1722 1070 ‚
1751 1021 1829 1060 sine
1856 1019 2021 1060 vulnere
2038 1027 2053 1067 ,⁴

672 1083 854 1122 »vincias
874 1097 1012 1123 manus
1028 1113 1040 1133 ,
1072 1088 1112 1124 ὅ(
1128 1097 1242 1139 capta
1271 1084 1471 1124 traderent
1501 1086 1633 1124 arma?
1658 1085 1770 1138 Quas
1797 1084 1904 1124 enim
1927 1096 1977 1122 ex
1993 1081 2053 1121 di-

672 1145 820 1185 »verso
837 1143 1045 1199 legiones?
1073 1149 1234 1202 Nempe
1250 1148 1393 1197 vicias,
1422 1151 1463 1187 ὃς
1478 1145 1605 1187 abess'e
1630 1148 1795 1187 unicum
1824 1144 2051 1186 Othoniani

673 1209 903 1248 »exercitiis
926 1208 1071 1259 robur,
1103 1211 1326 1265 primanos,
1351 1209 1798 1263 quartadecimanosque
1812 1215 1846 1249 4:
1872 1223 1971 1263 quos
1992 1220 2054 1247 ta·-

673 1286 696 1308 »
707 1285 799 1310 men
815 1271 954 1312 iisdem
975 1270 1053 1312 illis
1071 1274 1220 1328 campis
1235 1273 1411 1313 fuderint
1426 1274 1705 1326 straverintque
1718 1302 1731 1322 ,
1752 1285 1797 1312 ut
1811 1285 1874 1312 tot
1887 1284 2053 1312 armato-

673 1350 696 1371 »
707 1348 793 1373 rum
809 1333 936 1374 millia
948 1364 961 1384 ,
975 1334 1087 1375 velut
1100 1350 1197 1390 grex
1212 1335 1429 1386 venalium,
1445 1335 1572 1376 exsuli
1585 1337 1768 1376 Antonio
1785 1340 1797 1367 5
1814 1335 1965 1376 donum
1983 1333 2052 1374 da-

674 1412 697 1434 »
706 1409 855 1438 rentur.
865 1397 970 1438 Oeco
985 1399 1171 1438 nimirum
1180 1398 1360 1453 legiones
1373 1400 1489 1439 unius
1499 1397 1622 1439 claffis
1636 1398 1897 1439 acceffionem
1905 1395 2054 1438 fore.Id

673 1457 847 1509 »Baff0‚
869 1460 908 1501 id
937 1460 1103 1501 Caecinae
1129 1462 1284 1512 visum,
1310 1463 1514 1517 postquam
1540 1461 1708 1511 domos,
1735 1463 1898 1511 hortos,
1925 1474 2020 1516 opes
2040 1487 2053 1508 ‚

674 1523 884 1578 »Principi
902 1522 1154 1574 abstulerint,
1179 1526 1298 1565 etiam
1319 1523 1511 1565 militibus
1526 1525 1753 1580 Principem
1771 1525 1921 1565 auferre
1943 1522 1958 1544 ⁶
1972 1552 1986 1572 ,
2012 1520 2056 1561 li-

674 1584 774 1625 »cet
789 1586 965 1640 integros
990 1587 1299 1641 incruentosque
1312 1617 1324 1637 ,
1349 1586 1548 1629 Flavianis
1564 1602 1723 1641 quoque
1748 1586 1924 1643 partibus
1941 1583 2053 1625 viles.

676 1647 822 1702 »Quid
835 1647 1005 1689 dicturos
1023 1649 1322 1705 reposcentibus
1339 1664 1404 1690 aut
1422 1650 1606 1705 prospera
1621 1679 1634 1700 ‚
1663 1664 1730 1690 aut
1745 1649 1905 1690 adversa
1921 1651 1967 1688 »ἓ

739 1711 870 1753 XIV.
888 1712 1022 1753 .HAEC
1044 1712 1211 1767 singuli,
1237 1715 1320 1754 haec
1339 1713 1533 1763 universi,
1557 1726 1601 1752 ut
1617 1727 1812 1766 quemque
1836 1710 1952 1753 dolor
1979 1711 2055 1750 im-

675 1772 832 1829 pulerat
844 1803 858 1825 ,
885 1775 1150 1816 vociferantes
1163 1805 1176 1826 ,
1203 1777 1321 1816 initio
1337 1791 1358 1817 a
1374 1774 1510 1830 quinta
1526 1774 1688 1830 legione
1706 1781 1720 1803 ⁷
1739 1789 1828 1817 orto
1841 1805 1854 1826 ‚
1879 1773 2055 1830 repositis

721 1887 728 1899 ¹
753 1883 896 1912 Saenia-rii
924 1894 1111 1914 CASTRORUM
1138 1895 1315 1915 Amr-emus
1332 1886 1346 1922 ]
1386 1884 1465 1915 Vide
1484 1884 1557 1914 Hist.
1575 1885 1622 1920 ΙΙ,
1638 1895 1695 1922 43,
1717 1894 1751 1915 ac
1767 1884 1867 1914 Notas
1886 1884 1920 1914 ὃς
1940 1883 2055 1913 Emen-

679 1921 798 1951 Ceter'is
826 1932 879 1960 per
894 1921 1014 1953 militiae
1032 1933 1160 1954 munera
1180 1923 1317 1962 dispersis
1338 1947 1346 1960 ,
1387 1923 1530 1954 dationes
1562 1924 1600 1953 ad
1627 1924 1701 1954 Hist.
1729 1925 1779 1960 ΙΙ,
1802 1927 1831 1954 6.
1862 1922 1994 1953 Primani
2021 1922 2057 1952 Sc

679 1960 792 2003 secreta
820 1961 1010 1998 castrorum,
1043 1961 1094 1992 seu
1116 1970 1257 2002 tempus,
1283 1973 1347 2002 quo
1387 1962 1656 2002 quartadecimani
1680 1964 1829 1998 aberant,
1856 1962 1941 2001 quod
1970 1960 2053 1999 legio

679 2000 743 2028 iola
765 2008 850 2029 erant
881 2001 972 2044 castra
986 2024 995 2037 ‚
1026 2011 1179 2045 aucupans
1205 2002 1347 2040 Caecina,
1386 2002 1483 2041 prima
1501 2002 1645 2046 Adiutrix
1661 2003 1695 2032 in
1715 2001 1891 2046 Hispaniam
1904 2025 1912 2038 ‚
1932 2008 2054 2040 quarta-

679 2048 733 2068 eos
748 2047 843 2068 vocat
856 2038 889 2068 in
908 2039 1080 2078 principia,
1387 2041 1507 2071 decima
1534 2051 1568 2071 m
1589 2041 1780 2072 Britanniam
1811 2040 1933 2071 fuerant
1951 2039 2054 2068 miffae.

736 2078 994 2118 *Conciliipenetrqlffi
1011 2080 1144 2119 domumque
1159 2081 1281 2105 verendam
1428 2086 1435 2107 5
1459 2082 1577 2111 Exsuu
1600 2083 1769 2114 Aaromo]
1792 2082 1870 2110 Sane
1894 2082 1964 2109 chm
1988 2077 2053 2108 falfi

714 2111 848 2143 S1gn0rum.
894 2114 980 2136 summ
1000 2114 1035 2141 λ’
1052 2122 1104 2138 ¹²⁰·
1387 2120 1546 2149 damnatus
1562 2119 1611 2149 est.
1629 2120 1709 2151 Vide
1725 2120 1835 2149 Annal.
1859 2120 1950 2153 Xiv,
1967 2129 2018 2155 40·

680 2156 760 2186 Vide
779 2156 890 2186 Annal.
912 2158 1008 2193 I‚61.
1025 2166 1093 2188 not.
1119 2170 1147 2196 4.
1425 2161 1438 2178 ⁶
1459 2160 1634 2196 Aurmuzr]
1669 2159 1852 2189 Addendum
1882 2159 1917 2188 &
1950 2166 2054 2186 emen-

723 2198 731 2209 ²
757 2196 790 2224 ln
811 2206 911 2226 ARcTo
935 2207 1141 2228 COMMEATUM
1160 2199 1173 2235 ]
1199 2198 1348 2228 Cibario-
1387 2198 1523 2228 dandum
1536 2198 1679 2234 videtur,
1693 2198 1774 2226 etiam
1791 2197 1923 2227 militibus
1944 2195 2055 2224 Princi-

680 2243 748 2264 rum
775 2243 1012 2274 ceterorumque
1033 2246 1265 2268 commeatuum
1291 2247 1348 2267 an·
1383 2247 1442 2273 pem
1465 2237 1590 2273 auferre,
1615 2237 1740 2273 Principi
1763 2237 1873 2266 militem
1893 2249 1902 2264 :
1932 2235 2054 2274 integros

680 2272 801 2312 gustias-
1385 2277 1586 2315 incruento-silue
1602 2300 1611 2312 ‚
1639 2275 1785 2305 Flavianis
1807 2285 1904 2314 quoque
1928 2273 2054 2310 partibus

720 2318 731 2339 5
756 2314 883 2343 Conci-A
906 2318 1024 2347 SIMUL]
1038 2314 1143 2344 Potius
1154 2315 1347 2353 cunffiflmul3
1386 2315 1453 2344 viles
1464 2339 1472 2352 ‚
1489 2314 1551 2354 quid
1572 2314 1688 2344 diffuros
1706 2314 1902 2353 reposcentibus
1913 2322 1961 2342 aut
1976 2313 2054 2350 pros-

681 2352 715 2381 3<
727 2362 802 2381 mox
820 2351 946 2391 recidiffe.
965 2353 1046 2384 Vide
1064 2354 1162 2384 Notas
1182 2355 1217 2385 ὃ(
1234 2355 1349 2384 Emen-
1383 2365 1449 2391 pera
1459 2364 1523 2390 ‚aut
1534 2353 1647 2392 adverfiz
1659 2356 1669 2384 3
1682 2355 1763 2385 Vide
1782 2355 1880 2384 Notas
1894 2353 1927 2384 Sc
1939 2353 2054 2382 Emen-

679 2391 822 2420 dationes
842 2392 880 2421 ad
897 2392 970 2422 Hist.
983 2393 1042 2427 111,
1062 2403 1107 2429 13.
1388 2394 1530 2424 dationes
1545 2394 1583 2423 ad
1602 2394 1674 2423 Hist.
1697 2395 1760 2428 111,
1785 2403 1832 2430 13.

715 2435 730 2453 ⁴
751 2431 910 2462 Pmnmos
947 2435 1346 2471 QUARTADECIMANOSQUE]
1425 2439 1438 2459 7
1461 2435 1587 2470 Qumra
1607 2443 1742 2464 noiomi
1757 2434 1772 2471 ]
1788 2433 1835 2463 De
1852 2430 1908 2462 hac
1928 2429 2054 2470 legione

2083 849 2132 874 10

2086 1157 2131 1196 15

2081 1477 2136 1502 20

2083 1787 2136 1827 25
