2209 3047
627 177 712 213 5²30
1057 160 1564 204 APPENDIX

487 257 599 278 Ξ
623 241 815 281 obturatis
852 242 1098 298 corruptisve
1133 242 1310 284 fontibus
1340 270 1353 291 ‚
1405 238 1624 282 insanabile
1661 240 1811 281 malum
1844 244 1995 286 adfere-

487 291 518 315 A.
530 294 557 315 U.
569 293 596 316 Cn

508 339 577 374 823.

510 388 532 410 J.
544 389 574 412 C.

518 443 569 472 70.

624 303 730 344 bant.
758 304 884 344 Multi
919 307 959 346 in
993 304 1082 347 talis
1107 306 1275 362 perfidiae
1310 319 1476 361 poenas,
1516 301 1807 359 gentiliumque
1829 307 1996 347 terricu-

623 365 728 416 lum,
750 380 840 408 ante
862 367 968 409 urbis
988 368 1128 411 oculos
1147 368 1330 410 crucibus
1354 367 1472 408 adfixi
1495 372 1531 417 ¹,
1550 366 1753 407 truncisve
1775 367 1956 409 manibus
1980 373 1994 390 ²

626 430 675 470 ad
700 430 790 470 suos
814 431 968 472 remissi.
994 433 1069 474 His
1095 430 1298 487 suppliciis
1323 429 1559 472 exacerbata
1582 429 1713 470 adhuc
1733 430 1853 477 odi23
1880 429 1999 471 ultio-

622 507 794 547 nemque
819 494 923 535 nova
942 495 1054 535 ruinfi
1083 494 1244 549 parabat
1264 495 1452 538 Joannes.
1477 491 1631 534 Effossa
1651 494 1758 533 enini
1782 492 1852 533 sub
1877 507 1998 548 agge-
2052 505 2073 546 5

621 554 729 596 ribus
751 555 852 597 terra
879 562 888 585 ³
904 587 916 607 ‚
944 557 1187 611 incensisque
1211 558 1384 598 materiis
1403 562 1420 585 ⁴
1435 586 1449 607 ‚
1470 555 1610 611 quibus
1633 570 1732 611 opus
1752 555 1900 611 pensile
1920 555 1996 595 sus-

623 617 823 660 tinebatur
837 650 850 670 ,
877 619 1008 660 subito
1031 621 1141 661 hiatu
1170 619 1343 677 absorpti
1367 620 1457 661 sunt
1480 633 1666 674 aggeres:
1697 618 1890 659 dissiluere
1918 633 1996 659 ma-

622 682 774 728 chinae3
798 687 836 723 ὃ(
850 713 863 732 ,
888 697 1120 739 erumpente
1139 682 1299 724 flamma
1312 713 1324 733 ‚
1344 684 1471 724 statim
1493 683 1632 723 hausta:
1652 682 1755 722 sunt.
1776 680 1896 723 Nihil
1914 681 1998 722 tris-

620 745 698 784 tius
722 758 811 785 toto
833 744 942 785 bello
968 748 1193 800 contigerat
1219 751 1246 787 5.
1273 746 1319 787 Id
1344 759 1478 787 tamen
1502 745 1624 786 biduo
1647 746 1732 801 post
1752 743 1768 766 ⁶
1788 745 1913 785 ferme
1937 759 1997 785 re-

621 820 827 847 novatum.
846 809 1020 849 Simonis
1041 811 1146 849 enim
1164 811 1363 859 instinetu,
1380 822 1457 849 tres
1472 807 1656 861 juvenes,
1677 807 1872 864 praecipua
1892 807 1997 863 apud
2029 822 2077 848 10

621 883 689 910 eos
714 868 901 919 audacia,
929 871 1170 926 Tephthaeus
1187 901 1199 921 ,
1233 872 1503 926 Megaffirrus,
1537 876 1578 912 &
1607 870 1799 925 Chagiras
1824 875 1837 898 ⁷
1866 874 1877 921 (
1903 885 1995 910 nam

620 931 781 972 barbara
807 934 927 972 etiam
952 936 1117 974 nomina
1144 934 1196 974 ob
1223 934 1411 975 facinoris
1438 934 1588 989 insigne
1615 932 1873 974 memoranda
1896 936 1908 983 )
1932 947 1997 972 ur-

618 993 668 1035 be
683 1024 695 1044 ,
721 996 840 1050 raptis
864 995 1043 1045 facibus,
1072 997 1232 1051 egreffi,
1260 998 1465 1037 machinas
1489 996 1574 1037 aliis
1599 995 1808 1051 aggeribus
1831 993 1845 1017 ⁸
1866 996 1997 1051 impo-

618 1057 704 1097 sitas
719 1087 730 1106 ‚
756 1073 825 1112 per
845 1059 998 1100 medios
1020 1061 1176 1109 hostes,
1204 1075 1273 1115 per
1299 1058 1404 1110 tela,
1432 1074 1500 1115 per
1520 1059 1698 1113 gladios,
1726 1058 1995 1100 incendendas

616 1119 900 1174 susceperunt,
933 1126 972 1162 ὃ(
997 1123 1235 1163 incendere:
1263 1137 1391 1176 neque
1407 1123 1546 1176 ignes,
1572 1136 1732 1178 propter
1747 1122 1994 1171 Judaeorum,
2028 1135 2076 1174 15

617 1196 639 1222 e
664 1197 804 1232 muro,
828 1182 1005 1238 fachique
1029 1186 1865 1242 inruptione,pugnantium,pervicaciam
1881 1214 1895 1235 ‚
1921 1184 1994 1224 res-

614 1245 745 1298 tingui
768 1258 985 1300 potuerunt
1007 1253 1037 1288 9.

678 1307 856 1348 XXXI.
891 1311 1094 1351 ADVERSO
1113 1311 1203 1351 casu
1226 1311 1332 1352 haud
1346 1311 1464 1351 frafi’ta
1479 1311 1561 1351 Titi
1578 1311 1817 1352 constantia:
1833 1310 1899 1350 sed
1916 1308 1992 1351 cla-

612 1369 704 1410 dem
724 1370 765 1409 in
781 1370 886 1412 urbis
908 1374 1073 1414 exitium
1090 1375 1235 1421 vertit3
1253 1388 1421 1428 eamque
1439 1373 1666 1414 incredibili
1681 1374 1800 1414 tridui
1820 1388 1942 1429 opere
1960 1377 1995 1395 ¹⁹

654 1511 662 1525 ¹
688 1507 850 1537 Cnuciiws
873 1509 1144 1544 ADF1X1]JudaeOS
1158 1509 1286 1548 quidem
1364 1516 1377 1537 7
1400 1512 1596 1548 Ci-iAoiims]
1618 1508 1667 1539 Sic
1688 1509 1927 1549 cognominatus
1950 1519 1989 1540 ex

613 1546 698 1575 cruci
715 1546 835 1576 adfixos
859 1556 1013 1578 memorat
1025 1548 1190 1587 Josephus,
1206 1550 1283 1580 Bell.
1324 1549 1450 1580 fortuna
1465 1573 1474 1586 ‚
1505 1550 1548 1580 ait
1575 1547 1696 1586 Joseph.
1728 1549 1805 1579 ibid.
1831 1558 1898 1587 quae
1925 1559 1991 1579 vox

612 1585 683 1614 Jud.
702 1587 728 1615 V
741 1608 750 1622 ,
774 1596 821 1615 ii.
848 1596 933 1616 num.
955 1597 981 1615 1.
1005 1589 1045 1617 At
1062 1586 1128 1618 silet
1144 1587 1263 1618 causam
1276 1611 1285 1625 ,
1324 1589 1467 1619 claudum
1487 1588 1646 1627 fignificat.
1659 1593 1765 1620 ΝἾΠΠ
1783 1587 1867 1618 enim
1879 1587 1990 1618 Judaeis

612 1623 728 1662 eosque
763 1624 835 1654 ideo
868 1627 988 1655 tantum
1008 1636 1025 1656 a
1055 1626 1132 1657 Tito
1159 1627 1284 1665 punitos
1324 1627 1506 1658 estclaudus.
1519 1629 1704 1657 Tresautem
1715 1626 1760 1656 illi
1771 1626 1991 1665 viriepericu-

612 1664 726 1698 tradit‚
745 1672 778 1694 iit
802 1663 908 1693 obsessi
928 1665 1003 1703 quid
1023 1665 1104 1704 ipsos
1125 1675 1283 1703 maneret,
1323 1667 1355 1697 lo
1375 1677 1441 1697 non
1451 1667 1480 1697 se
1494 1667 1665 1697 subduxere
1684 1666 1784 1705 prius,
1805 1666 1898 1704 quam
1921 1668 1992 1696 cirm

612 1701 645 1731 ni
669 1702 697 1732 se
716 1702 868 1747 dederent
880 1725 888 1738 ‚
908 1703 1134 1744 intelligerent.
1157 1707 1253 1742 Quod
1268 1717 1284 1737 a
1322 1705 1402 1745 ignis
1421 1706 1579 1736 machinas
1597 1705 1756 1744 corripuit.
1773 1704 1897 1743 Joseph.
1910 1704 1991 1735 ibid.

612 1741 755 1771 Romana
776 1741 939 1781 disciplina
963 1744 1092 1783 Titique
1116 1745 1283 1777 clementia
1361 1745 1373 1764 ⁸
1396 1747 1483 1776 ALiis
1507 1754 1678 1776 meminus
1693 1749 1703 1778 ]
1720 1745 1743 1774 li
1758 1744 1827 1774 sunt
1849 1754 1991 1783 aggeres,

613 1780 747 1810 omnino
768 1780 918 1812 alienum.
1322 1794 1401 1823 quos
1419 1785 1559 1824 legiones
1574 1786 1602 1814 X
1618 1784 1652 1815 &
1667 1785 1724 1815 XV
1738 1784 1776 1814 ad
1792 1782 1987 1813 Orientalem

654 1821 663 1833 ²
687 1820 874 1853 Tiumcisviz
896 1826 1055 1856 inuisus]
1068 1822 1189 1862 Joseph.
1204 1823 1281 1855 ibid.
1321 1823 1406 1854 urbis
1419 1832 1538 1863 partem
1555 1823 1742 1860 struxerant,
1762 1830 1797 1853 ut
1808 1823 1870 1861 jam
1884 1821 1990 1852 obser-

611 1867 698 1888 nuni.
715 1870 744 1888 2.
1320 1863 1463 1893 vavimus
1483 1863 1570 1902 supra
1589 1870 1656 1892 not.
1668 1873 1698 1898 4.

612 1935 620 1941 ·
650 1903 662 1940 *3
694 1900 752 1928 Sus
782 1909 953 1930 meminus
985 1911 1090 1931 Trium
1111 1901 1126 1937 ]
1158 1901 1281 1941 Joseph.
1360 1907 1373 1926 ⁹
1405 1904 1577 1935 RESTINGUI
1607 1911 1795 1933 rotumum
1819 1901 1835 1938 ]
1865 1898 1990 1938 Joseph.

612 1937 689 1966 ibid.
715 1947 801 1968 num.
822 1950 851 1976 4.
881 1941 1014 1978 Aggeres
1040 1939 1088 1970 illi
1110 1950 1127 1970 a
1150 1940 1283 1979 legioni-
1320 1941 1400 1973 ibid.

611 1975 702 2006 busv
719 1977 753 2007 &
766 1978 822 2006 XII
839 1977 878 2007 ad
893 1979 1018 2009 Turrim
1030 1979 1202 2010 Antoniam
1214 1979 1282 2010 fue·
1361 1987 1388 2000 ¹0
1410 1982 1608 2011 hienimum
1624 1990 1733 2010 Tiunui
1749 1975 1988 2015 opi-:afflJoseph

610 2023 680 2045 xant
707 2016 866 2054 exstruam
896 2026 929 2048 ut
955 2018 1054 2050 modo
1082 2018 1281 2050 observatum
1319 2020 1395 2050 Bell.
1408 2020 1478 2049 Jud.
1492 2022 1534 2056 V,
1557 2030 1601 2049 η.
1623 2029 1709 2049 num.
1731 2029 1759 2048 2.
1783 2018 1861 2054 ‘rfflrl
1877 2016 1905 2046 θ’
1924 2019 1987 2053 ᾠκο-

610 2053 653 2084 est
672 2053 758 2092 supr}
771 2064 837 2085 Ποῖ·
851 2067 882 2093 4·
1319 2059 1415 2096 δομηᾊη
1433 2059 1461 2088 τὶ
1476 2062 1526 2088 πὲἱν
1539 2059 1640 2097 ἡμέρας
1652 2067 1658 2073 ·
1675 2060 1707 2089 ὦς
1726 2058 1754 2086 τὶ
1763 2057 1807 2094 μὶν
1827 2056 1895 2091 ’ἔργον
1908 2058 1987 2092 unffi!

637 2097 665 2136 '⁴
688 2094 888 2136 incessimur„
919 2107 1067 2127 MATiziiiis
1096 2100 1107 2131 ]
1141 2096 1212 2127 Pice
1243 2107 1278 2128 ac
1324 2098 1442 2134 ‘'Zion-r),
1459 2097 1561 2135 ·“·τίιχος
1583 2099 1692 2132 ἧ-Ξῆιθιη
1707 2087 1920 2128 πι’ςεως.Τοιιιιη
1934 2103 1989 2138 αα.-

609 2132 765 2162 bitumine
788 2133 883 2164 inlitae
904 2134 1025 2166 fuerant
1040 2136 1173 2166 materiae
1187 2148 1196 2175 3
1209 2136 1277 2167 suc-
1319 2146 1370 2166 tem
1389 2147 1454 2173 opus
1474 2137 1561 2166 triduo
1584 2136 1755 2175 construam
1766 2135 1814 2174 est,
1830 2143 1860 2163 ut
1879 2133 1908 2163 id
1929 2142 1987 2170 qui-

611 2170 766 2209 censisque
777 2172 911 2210 sudibus,
922 2174 1050 2212 pensiles
1059 2185 1182 2214 aggeres
1194 2186 1278 2215 mag·
1317 2175 1376 2205 dem
1402 2175 1513 2216 dignum
1533 2176 1664 2215 mensibus
1683 2174 1839 2210 videretur,
1860 2172 1986 2201 celeritas

610 2219 654 2240 no
677 2220 746 2240 cum
771 2210 872 2241 sonitu
889 2214 1040 2245 corruere.
1058 2214 1180 2252 Joseph.
1198 2215 1276 2245 ibid.
1317 2215 1442 2254 verdfide
1456 2225 1570 2245 careret.
1579 2215 1731 2245 Triduum
1747 2214 1824 2244 illud
1843 2211 1902 2256 fuit
1914 2210 1984 2240 sane

650 2254 658 2275 5
685 2250 919 2289 CONTIGERAT]
941 2253 976 2282 ld
1000 2254 1160 2293 contigisse
1183 2254 1276 2285 vide-
1317 2266 1334 2285 2
1348 2279 1356 2292 ‚
1382 2265 1394 2293 3
1414 2255 1447 2286 &
1466 2267 1486 2292 4
1505 2255 1598 2293 Junii.
1619 2257 1642 2284 A
1657 2254 1733 2284 Tito
1752 2261 1856 2283 autern
1876 2259 1917 2280 ita
1930 2249 1984 2278 de·

609 2295 657 2318 tur
671 2288 720 2318 die
731 2288 827 2327 primii
842 2290 950 2321 mensis
960 2292 1065 2329 Sivan,
1077 2293 1128 2323 seu
1139 2304 1177 2329 29
1190 2294 1274 2324 Maii.
1316 2303 1514 2333 properatum
1538 2305 1614 2332 opus
1633 2317 1642 2329 ,
1661 2293 1747 2332 quod
1767 2290 1862 2321 Judaei
1882 2288 1985 2318 sabba-

647 2329 660 2346 ⁶
682 2329 785 2358 Binuo
808 2339 882 2359 Posi*
903 2330 916 2366 ]
941 2331 1062 2369 Joseph.
1086 2332 1161 2362 ibid.
1188 2343 1274 2363 num.
1315 2341 1381 2363 tum
1398 2334 1518 2364 &duos
1538 2334 1600 2363 dies
1616 2332 1704 2362 festos
1722 2330 1984 2373 §emin-imarum,

609 2374 636 2403 ς.
659 2367 694 2395 Id
716 2377 788 2406 ergo
803 2368 916 2398 accidit
930 2369 980 2400 die
998 2370 1088 2402 tertii
1104 2371 1214 2403 mensis
1224 2373 1274 2403 Si·
1315 2372 1367 2402 seu
1376 2372 1566 2402 Pentecostes
1578 2371 1792 2407 ,celebravere
1805 2368 1912 2397 diebus
1928 2367 1984 2408 52¹6

606 2414 684 2443 Vim>
701 2405 752 2437 seu
769 2417 802 2444 3¹
823 2407 909 2437 Maii·
1315 2411 1348 2442 ὃ(
1364 2421 1383 2449 7
1395 2410 1504 2442 niensis
1518 2410 1630 2448 sivan,
1643 2409 1676 2440 id
1691 2408 1731 2440 est
1742 2418 1793 2445 2,3
1810 2408 1843 2439 ὅ(
1856 2406 1983 2445 4Jun11-
