2209 3047
605 221 689 269 568
851 209 1047 251 NOTAE
1084 206 1168 248 ET
1201 203 1727 250 EMENDATIONES

605 290 654 327 bil
671 316 681 331 ‚
707 287 824 322 dixere
848 285 883 321 se
908 297 927 321 e
953 283 1102 334 regione
1131 283 1223 332 Si-yu
1251 282 1404 326 venisse,
1434 282 1569 319 abhinc
1597 284 1698 320 annis
1737 284 1847 332 1650.
1876 287 1986 335 Apud

603 339 702 374 Sinas
735 348 821 385 ergo
851 334 1011 370 habitare
1044 345 1186 382 coepere
1221 344 1319 367 anno
1343 332 1422 368 Jesu
1448 332 1578 369 Christi
1607 347 1653 382 73
1677 362 1687 378 ‚
1719 334 1870 371 biennio
1901 347 1984 374 ante

605 398 757 424 mortem
785 386 945 432 Mirzg-ti
970 411 980 427 ‚
1019 383 1129 420 tribus
1158 381 1259 417 annis
1283 381 1363 431 post
1386 382 1566 419 excidium
1593 383 1982 433 Hierosolymitanum.

602 436 720 485 Regio
739 436 837 483 Si-yu
853 465 860 477 ‚
891 433 930 470 id
946 434 994 471 est
1009 431 1256 470 Occidentalis
1270 459 1280 475 ‚
1306 433 1480 480 quantum
1497 432 1650 483 intelligi
1670 434 1791 482 potuit
1806 462 1817 478 ,
1840 434 1888 471 est
1907 437 1986 471 Per-

605 487 645 523 sis
662 489 670 502 ¹
688 513 698 529 ,
728 487 761 520 la
774 485 864 531 Perse
880 512 890 527 ‚
909 487 943 520 δε
969 495 1097 520 venere
1122 494 1184 529 per
1210 483 1360 530 Coraſjc'zn
1384 485 1417 518 &
1441 483 1653 520 Samarkand.
1671 483 1780 520 Tunc
1797 495 1896 521 erant
1912 484 1986 520 sal-

603 547 675 572 tem
692 547 742 582 70
757 534 849 583 fings
875 535 888 549 ²
904 562 915 578 ,
943 533 1001 570 seu
1021 531 1163 567 familiae
1179 557 1188 574 ‚
1217 543 1236 566 e
1254 531 1414 568 tribubus
1431 532 1639 578 Beniamin,
1666 532 1780 577 Levi,
1806 534 1896 570 Juda
1914 533 1986 572 &c-v

600 586 795 634 Superiore
815 584 946 620 saeculo
968 581 1160 618 manebant
1181 580 1300 617 adhuc
1323 584 1405 618 οᾶο
1429 582 1595 618 familiae:
1622 596 1720 619 nunc
1744 595 1890 620 manent
1911 596 1988 621 tan-

601 636 680 671 thrn
703 635 863 682 septem3
892 645 1013 680 eaeque
1038 631 1286 667 sexcentorum
1309 631 1451 668 circiter
1472 632 1674 669 hominum.
1700 633 1736 669 Si
1763 633 1859 670 idern
1877 634 1987 671 fuerit

601 686 641 720 in
659 684 802 720 familiis
817 694 980 719 numerus
996 708 1004 724 ‚
1035 681 1118 716 curn
1134 693 1263 720 venere
1278 707 1287 724 ‚
1315 681 1428 718 Judaei
1448 683 1588 719 circiter
1609 683 1709 719 6000
1727 683 1827 718 Sinas
1844 684 1986 733 ingressi

602 735 696 770 sunt.
719 733 795 769 Diu
820 732 1025 768 societatem
1050 730 1206 767 habuere
1229 742 1309 765 cum
1332 731 1463 767 Judaeis
1492 736 1587 780 Si-yu
1604 748 1617 767 .·
1644 732 1705 768 sed
1728 732 1890 769 ducentis
1914 734 1987 770 fer-

602 785 661 820 me
684 782 816 818 abhinc
839 781 938 816 annis
961 780 1081 816 nullos
1106 792 1148 815 ex
1172 780 1240 815 hac
1263 781 1414 829 regione
1437 781 1580 818 Judaeos
1602 782 1724 818 videre
1749 782 1791 818 iis
1815 783 1985 833 contigit.

603 832 736 870 Nullos
757 832 847 867 alios
870 830 1012 867 Judaeos
1034 829 1074 866 in
1098 829 1234 874 Indiis,
1262 830 1300 865 in
1322 843 1435 881 regno
1462 832 1571 867 Thilaec
1586 861 1594 874 ,
1619 831 1658 867 in
1679 831 1844 869 Tartari&
1871 833 1986 869 Occi-

603 882 737 920 dentali
764 893 910 917 novere.

655 931 851 968 Sinensium
874 942 992 966 autem
1010 929 1215 967 Judceorum
1241 943 1292 968 res
1313 931 1375 967 diu
1396 931 1548 968 floruere
1565 944 1575 975 3
1600 942 1705 981 atque
1724 932 1831 969 etiarn
1851 931 1901 967 ita
1921 932 1988 968 ad·-

603 991 790 1019 creverunt
805 1009 814 1024 ,
844 990 882 1016 ut
906 980 1005 1016 viros
1028 980 1202 1028 plurimos
1225 980 1416 1018 habuerint
1438 981 1639 1018 Sinensibus
1665 982 1775 1018 literis
1801 981 1952 1031 insignes
1975 1007 1989 1024 ‚

603 1032 714 1081 vulgo
736 1031 788 1066 des
813 1031 920 1066 lettre's
935 1057 943 1072 ‚
974 1031 1106 1078 opibus
1127 1030 1358 1067 validissimos
1373 1059 1382 1075 ‚
1411 1031 1553 1079 imperii
1605 1044 1726 1081 uoque
1753 1031 1989 1081 dignitatibus

602 1092 750 1118 ornatos
764 1108 772 1123 ‚
797 1079 1066 1129 provinciarum
1089 1092 1217 1128 nempe
1237 1083 1388 1117 rectores
1403 1109 1412 1124 ,
1438 1085 1471 1118 ὃς
1488 1045 1724 1117 Μειηέειῑίηος
1742 1110 1751 1125 ,
1778 1093 1818 1117 ut
1834 1082 1988 1131 loquun-

601 1142 666 1167 tur.
679 1130 871 1179 Praecipuae
889 1142 1013 1166 eorum
1029 1129 1126 1166 sedes
1141 1141 1385 1166 memorantur
1399 1133 1516 1177 Nimpo
1529 1160 1536 1172 ‚
1550 1133 1719 1179 Ning-hia
1729 1158 1737 1173 ‚
1755 1133 1989 1175 Ham-tcheou,

602 1181 722 1228 Peking
735 1208 743 1223 ‚
768 1183 802 1216 ὃς
822 1180 1067 1227 Cui-fong-fou.
1090 1180 1140 1215 At
1158 1180 1330 1228 paulatim
1351 1180 1554 1216 labantibus
1574 1180 1781 1218 Judaeorum
1802 1181 1925 1224 rebus,
1952 1184 1988 1219 &

601 1229 721 1267 multis
745 1229 789 1265 ad
809 1229 1100 1266 Mahumetanam
1119 1229 1245 1266 serram
1266 1230 1552 1275 defleRentibus‚
1577 1231 1630 1266 uti
1653 1231 1782 1268 Judaeis
1810 1231 1988 1267 Pekinen-

600 1279 690 1314 sibus
717 1279 866 1329 aliisque
900 1280 1056 1328 contigit
1083 1307 1093 1322 ‚
1122 1279 1192 1315 soli
1213 1281 1283 1328 jarn
1307 1280 1576 1330 cognoscuntur
1601 1280 1715 1317 Judaei
1737 1281 1989 1330 Cai-fong—fou.

602 1327 696 1364 Urbs
720 1340 837 1366 autem
856 1329 917 1365 illa
935 1340 1044 1378 caput
1060 1328 1109 1364 est
1125 1330 1327 1377 provinciae
1346 1333 1462 1366 Honan
1476 1358 1487 1374 ‚
1518 1333 1551 1366 ὃς
1574 1330 1618 1366 ab
1644 1331 1744 1367 Urbe
1763 1330 1883 1379 Peking
1901 1344 1988 1367 cen-

601 1389 676 1414 tum
700 1379 961 1428 quinquaginta
983 1379 1095 1415 leucis
1119 1378 1233 1415 distat.
1260 1380 1375 1415 Variis
1400 1381 1451 1416 ibi
1473 1380 1687 1430 funestisque
1711 1380 1842 1416 casibus
1872 1380 1988 1417 Judaei

601 1428 798 1465 conflietati
816 1428 907 1466 sunt.
924 1428 1060 1464 Eorum
1070 1429 1262 1478 Synagoga
1278 1429 1516 1466 inundatione
1535 1430 1874 1477 fluminisHoang-ho
1887 1442 1986 1466 anno

607 1481 707 1525 1446
724 1479 732 1497 ³
750 1505 759 1520 ‚
778 1478 948 1514 incendio
963 1477 1026 1513 sub
1046 1477 1148 1512 initia
1165 1479 1396 1525 Imperatoris
1416 1481 1571 1523 Ouan-li,
1589 1479 1651 1527 qui
1667 1479 1856 1527 imperium
1870 1480 1988 1516 tenuit

601 1528 647 1563 ab
678 1540 775 1563 anno
806 1539 900 1577 1573
929 1527 973 1563 ad
999 1539 1133 1563 annum
1161 1528 1262 1564 1620
1291 1556 1300 1570 ‚
1340 1529 1469 1564 iterum
1492 1528 1731 1563 inundatione
1760 1541 1857 1563 anno
1885 1530 1987 1575 1642

604 1577 725 1613 hausta
741 1577 799 1614 est.
823 1578 917 1613 Tum
933 1577 1087 1614 restituta
1101 1602 1110 1618 ,
1125 1576 1234 1613 exstat
1248 1577 1366 1614 adhuc
1377 1605 1386 1621 ‚
1403 1577 1526 1626 paucis
1547 1577 1642 1613 fort‘e
1667 1577 1769 1612 annis
1795 1577 1960 1613 duratura
1974 1589 1989 1621 3

603 1627 693 1663 adeo
717 1627 754 1662 in
765 1627 918 1664 deterius
941 1640 994 1664 res
1018 1626 1226 1664 Judseorum
1249 1627 1345 1675 apud
1368 1629 1467 1664 Sinas
1492 1638 1656 1677 aguntur.
1683 1628 1871 1677 Permagni
1897 1640 1988 1677 ergo

604 1677 745 1713 interest
759 1690 820 1714 eos
844 1680 877 1713 ὃς
898 1690 977 1726 quae
1003 1677 1048 1712 ad
1073 1689 1198 1713 eorum
1222 1676 1319 1713 sacra
1343 1678 1525 1726 pertinent
1546 1676 1779 1727 cognoscere.

653 1727 765 1763 Judcei
784 1740 803 1762 a
826 1726 1026 1764 Sinensrbus
1044 1727 1271 1775 appellantur
1289 1730 1467 1764 Hoei-Hoei
1482 1743 1494 1762 .·
1521 1727 1622 1777 quod
1639 1740 1774 1764 nornen
1794 1738 1988 1764 commune

601 1776 735 1813 habent
772 1789 853 1813 cum
890 1777 1164 1813 Mahumetanis.
1194 1776 1262 1826 Ipsi
1284 1778 1371 1814 vero
1404 1778 1439 1814 se
1464 1777 1649 1827 appellant
1681 1779 1944 1813 Tiao-Kin-Kiao
1976 1803 1989 1820 ‚

604 1826 642 1861 id
660 1826 707 1863 est
724 1827 780 1862 lex
799 1827 1060 1874 amputantium
1078 1839 1209 1862 nervos
1227 1855 1236 1870 ,
1269 1828 1368 1877 quod
1386 1841 1517 1865 nervos
1540 1827 1719 1876 venasque
1737 1827 1894 1863 resecent
1907 1852 1917 1869 ‚
1950 1837 1989 1862 ut:

603 1876 773 1925 sanguine
792 1876 1001 1913 abstineant.
1035 1877 1161 1912 Altero
1181 1890 1326 1926 quoque
1342 1878 1491 1914 nomine
1514 1878 1547 1914 se
1566 1888 1776 1925 nuncupant
1795 1878 1988 1912 Lan-mao-

605 1927 756 1961 hoci-lzoei
782 1954 792 1970 ‚
829 1927 912 1976 quia
938 1927 1030 1963 inter
1058 1926 1235 1963 orandum
1260 1928 1297 1963 in
1316 1928 1510 1978 Synagogzi
1532 1927 1671 1976 pileolo
1697 1926 1858 1962 coeruleo
1880 1936 1989 1974 caput

604 1985 746 2024 tegant:
762 1977 889 2012 contra
910 1977 996 2014 vero
1010 1977 1307 2022 Mahumeranm,
1330 1979 1428 2028 quod
1448 1978 1548 2027 pileo
1570 1977 1654 2013 albo
1675 1987 1836 2017 utantur,
1852 1985 1989 2013 vocant

606 2028 925 2064 Pe-mao-lzoei-hoei.

656 2076 848 2126 Synagoga
864 2104 874 2120 ,
905 2077 942 2112 in
966 2077 1035 2126 qua
1057 2087 1136 2114 tota
1163 2078 1291 2127 religio
1319 2078 1526 2115 Judaeorum
1552 2077 1748 2114 Sinensiuin
1772 2076 1885 2125 posita
1909 2075 1987 2116 est,

605 2123 651 2158 ab
675 2124 717 2159 iis
745 2127 874 2161 dicitur
895 2127 1067 2174 Li-pai-se
1083 2155 1091 2169 ‚
1118 2128 1155 2162 id
1180 2127 1227 2164 est
1244 2128 1345 2163 locus
1367 2127 1663 2164 caerimoniarum.
1685 2127 1742 2162 Sic
1763 2138 1909 2175 quoque
1927 2125 1989 2160 sua

605 2173 740 2222 templa
775 2187 986 2225 nuncupant
1017 2176 1276 2214 Mahumetani.
1306 2177 1513 2215 Judaeorum
1543 2188 1662 2213 autem
1689 2177 1872 2223 Li-pai-Je
1897 2177 1914 2212 4.
1940 2174 1987 2211 ab

642 2280 650 2291 ¹
672 2273 770 2298 Persicas
790 2275 978 2308 quasdainvoces
989 2277 1066 2301 adhuc
1085 2281 1217 2303 norunt&
1238 2278 1277 2303 lo·
1318 2280 1405 2309 septem
1426 2277 1521 2301 familiae
1550 2285 1603 2310 quae
1620 2278 1759 2308 supersunt,
1781 2275 1887 2299 efficiunt
1901 2292 1907 2302 ,
1928 2283 1954 2299 ut
1972 2282 1986 2298 2

606 2314 713 2339 quuntur
725 2325 731 2334 ,
752 2308 808 2332 teste
820 2310 886 2332 Patre
900 2311 1037 2343 Domenge.
1318 2312 1401 2336 Judaeo
1414 2313 1504 2343 accepit
1515 2312 1581 2335 Pater
1594 2312 1735 2343 Domenge,
1752 2316 1780 2342 pe
1791 2310 1830 2334 che
1840 2310 1877 2334 bia
1887 2312 1930 2341 gin
1941 2325 1947 2335 ι
1961 2306 1984 2331 id

641 2345 650 2357 ²
671 2340 736 2364 Cum
757 2342 831 2374 Sings
849 2344 961 2366 vertimus
982 2345 1098 2372 familias,
1120 2345 1279 2377 intelligimus
1318 2347 1350 2370 est
1363 2354 1459 2370 centum
1472 2344 1722 2376 famili³s&ampliris.

604 2372 701 2398 familiae
715 2377 827 2403 nomine,
840 2385 923 2400 omncs
935 2378 975 2409 qui
988 2379 1091 2407 ejusdcm
1102 2379 1157 2402 sunt
1168 2381 1278 2410 originis.
1354 2387 1362 2404 3
1383 2380 1421 2402 De
1432 2381 1475 2403 hac
1487 2379 1648 2402 inundatione
1663 2378 1735 2401 fusius
1747 2377 1837 2400 dicetur
1847 2373 1985 2401 infra,cs1m

601 2407 633 2430 Id
653 2408 725 2439 vulgo
742 2408 842 2433 dicimus
861 2418 904 2434 une
916 2411 1013 2441 maison.
1035 2413 1071 2435 Sic
1084 2411 1174 2435 familia
1188 2421 1235 2435 una
1252 2414 1277 2435 in
1318 2413 1393 2445 prima
1404 2414 1531 2444 Inscriptio
1549 2412 1650 2436 Sinenfis
1662 2412 1826 2442 explicabitur.

602 2441 680 2471 plures
693 2442 794 2468 familias
813 2443 935 2469 dividitur.
947 2444 1008 2469 Inde
1020 2446 1108 2477 septem
1124 2445 1196 2478 Sings
1210 2463 1217 2473 ,
1238 2447 1278 2470 [cu
1351 2453 1364 2470 4
1383 2448 1516 2478 Synagogae
1532 2446 1672 2471 Judaeorum
1695 2447 1869 2476 Europ-'eorum
1892 2442 1986 2474 penitus

1812 2498 1988 2543 Oriente
