2230 3047
649 211 728 246 132
908 195 957 235 C.
1022 195 1415 238 CORNELII
1479 194 1747 236 TACITI

504 288 618 310 ΞΞ
642 275 699 313 dis
738 271 855 316 Juliis
885 280 895 296 ¹
934 274 1181 317 sacramento
1210 276 1293 330 ejus
1329 276 1511 330 legiones
1546 275 1693 330 adegit.
1724 274 1841 329 Isque
1868 277 2017 331 primus

504 323 534 348 A.
544 323 573 344 U.
587 323 616 345 C.

526 370 597 397 822.

527 421 551 444 J.
563 420 593 442 C.

534 467 586 502 69.

643 336 886 392 principatus
914 338 996 380 dies
1031 341 1071 379 in
1104 342 1301 395 posterum
1327 337 1577 388 celebratus,
1612 339 1791 391 quamvis
1829 339 2019 382 Judaicus

643 400 841 440 exercitus
864 402 1004 454 quinto
1032 405 1174 443 Nonas
1199 402 1324 446 Julias
1340 405 1354 421 ²
1383 401 1488 456 apud
1515 401 1643 456 ipsum
1669 399 1852 453 jurasset,
1877 416 1927 441 eo
1960 417 2019 442 ar-

643 462 741 502 dore
757 491 769 512 ,
796 476 840 503 ut
857 479 905 504 ne
924 465 1040 505 Titus
1057 465 1217 520 quidem
1230 463 1332 504 filius
1348 464 1636 519 exspefimretur
1649 493 1662 514 ,
1684 462 1797 517 Syria
1812 478 1990 505 remeans
2004 493 2018 514 ,

643 528 685 565 &
716 525 971 568 confiliorum
998 529 1100 567 inter
1139 528 1380 568 Mucianum
1407 542 1453 567 ac
1480 540 1632 583 patrem
1658 527 1842 567 nuntius:
1879 529 2019 568 cundsta

641 589 794 644 impetu
819 588 992 631 militum
1018 591 1120 631 aeta:
1142 605 1223 631 non
1241 587 1374 646 parata
1387 591 1588 631 concione
1601 604 1714 641 ,non
1728 587 1951 642 conjunffls
1965 588 2019 632 le-

642 651 844 706 gionibus.

703 715 898 755 LXXX.
933 716 1050 756 DUM
1080 716 1263 770 quaeritur
1295 729 1452 774 tempus
1488 715 1680 771 locusque
1703 745 1717 766 ,
1751 716 1937 770 quodque
1974 716 2017 756 in

640 791 682 816 re
698 777 768 817 tali
799 777 1083 818 difficillimum
1113 780 1190 830 est,
1216 781 1341 836 prima
1359 794 1460 827 vox;
1485 780 1579 820 dum
1599 781 1733 820 animo
1750 780 1835 834 spes
1850 780 2017 829 ,timor,

640 841 777 890 ratio,
810 841 920 881 casus
952 841 1236 889 obversantur3
1263 844 1457 898 egressum
1494 841 1684 884 cubiculo
1707 842 2017 898 Vespasianum,

639 904 757 958 pauci
773 903 918 944 milites
943 903 1063 945 solito
1087 905 1306 946 adsistentes
1332 907 1471 947 ordine
1487 935 1500 956 ,
1516 919 1560 946 ut
1586 905 1764 960 legatum
1785 904 2015 954 salutaturi,

638 967 914 1017 Imperatorem
947 966 1180 1009 salutavere.
1213 969 1320 1009 Tum
1349 970 1498 1019 ceteri,
1536 982 1768 1017 accurrere,
1807 965 2018 1021 Caesarem,

640 1032 681 1069 ὃς
702 1028 938 1082 Augaslnm,
961 1033 1000 1070 ὃς
1021 1032 1155 1071 onmia
1171 1033 1414 1087 principatus
1430 1030 1630 1072 vocabula
1657 1029 1883 1071 cumulare:
1904 1045 2017 1071 mens

640 1107 663 1131 a
686 1105 794 1131 metu
828 1092 876 1132 ad
908 1092 1110 1134 fortunam
1146 1095 1360 1136 transierat.
1385 1095 1434 1134 In
1457 1094 1544 1150 ipso
1571 1092 1672 1133 nihil
1697 1093 1923 1144 tumidum,
1959 1108 2019 1134 ar-

638 1168 782 1208 rogans
807 1184 820 1204 ,
857 1168 923 1195 aut
961 1157 1003 1196 in
1033 1156 1148 1198 rebus
1183 1159 1299 1198 novis
1333 1173 1484 1198 novum
1513 1157 1614 1203 fuit3
1637 1169 1682 1196 ut
1706 1158 1876 1212 primum
1901 1170 2018 1197 tantoe

640 1216 910 1258 multitudinis
932 1223 941 1246 ³
973 1219 1155 1261 obfusam
1189 1219 1317 1262 oculis
1339 1219 1554 1275 caliginem
1581 1218 1766 1272 disjecit,
1794 1218 2018 1260 militariter

638 1278 800 1321 locutus
816 1311 828 1331 ,
855 1280 943 1322 laeta
960 1285 1095 1324 omnia
1108 1314 1120 1334 ,
1150 1288 1189 1324 ὅ(
1213 1284 1428 1325 adfluentia
1441 1284 1624 1339 excepit:
1652 1281 1811 1337 jamque
1831 1283 1871 1323 id
1890 1283 2020 1339 ipsum

640 1345 851 1398 opperiens
881 1345 1097 1388 Mucianus
1116 1377 1129 1397 ,
1157 1346 1330 1388 alacrem
1366 1345 1538 1388 militem
1567 1348 1608 1386 in
1644 1346 1764 1387 verba
1791 1346 2020 1401 Vespasiani

641 1406 776 1461 adegit
807 1412 837 1447 4.
862 1408 970 1448 Tum
1001 1410 1336 1451 Antiochensium
1370 1412 1570 1451 theatrum
1594 1409 1784 1464 ingressus
1804 1439 1818 1459 ,
1845 1408 1913 1448 ubi
1938 1408 2020 1449 illis

642 1468 868 1511 consultare
895 1486 982 1512 mos
1017 1475 1095 1524 est,
1127 1486 1438 1524 concurrentes,
1467 1477 1507 1514 &
1537 1474 1578 1513 in
1617 1472 1888 1513 adulationem
1916 1473 2019 1512 effu-

642 1531 705 1572 sos
722 1532 950 1587 adloquitur
966 1552 973 1574 :
995 1536 1084 1577 satis
1103 1537 1271 1578 decorus
1287 1538 1407 1578 etiam
1429 1534 1569 1577 Graeca
1585 1533 1771 1576 facundia
1783 1565 1795 1586 ,
1823 1536 2020 1576 omnium-

642 1609 719 1649 que
745 1611 827 1649 quae
863 1597 1040 1649 diceret,
1078 1613 1196 1654 atque
1234 1614 1397 1655 ageret,
1432 1613 1514 1640 arte
1553 1597 1722 1653 quadam
1756 1599 1972 1639 ostentator
1990 1603 2019 1639 5.

640 1658 762 1699 Nihil
789 1661 897 1712 aeque
920 1664 1169 1716 provinciam
1194 1665 1496 1717 exercitumque
1527 1662 1738 1712 accendit,
1767 1661 1885 1715 quam
1912 1660 2022 1715 quod

642 1721 898 1763 adseverabat
912 1724 1128 1767 Mucianus
1144 1756 1157 1777 ,
1194 1744 1216 1762 «
1234 1726 1400 1767 statuisse
1414 1723 1629 1767 Vitellium
1644 1724 1677 1776 ⁶,
1692 1739 1736 1766 ut
1759 1726 2021 1766 Germanicas

642 1783 855 1841 »legiones
882 1787 925 1827 in
961 1789 1146 1843 Syriam,
1177 1789 1227 1830 ad
1254 1788 1439 1831 militiam
1475 1787 1708 1845 opulentam
1741 1789 2020 1844 quietamque,

643 1923 726 1954 fiacae
751 1924 902 1962 legiones.
931 1925 1012 1958 Vide
1038 1926 1223 1957 Suetonium
1241 1950 1251 1964 ,
1277 1927 1311 1957 in
1350 1928 1509 1968 josephus.
1523 1929 1565 1960 At
1582 1928 1690 1969 potior
1700 1928 2019 1961 videturTacitinat-

643 1963 762 2002 Vespas.
785 1965 836 1995 VI.
1350 1968 1441 1999 ratio.

685 2008 692 2021 ¹
719 2004 878 2034 Cauneis
900 2005 1022 2042 JULHS]
1037 2004 1097 2034 Die
1111 2004 1209 2043 prima
1225 2006 1310 2036 Julii.
1392 2013 1401 2035 5
1425 2009 1639 2038 Omurmou
1663 2011 1675 2041 ]
1701 2007 1760 2038 Hic
1783 2006 1865 2038 fott‘e
1890 2007 2017 2039 Tacitus

682 2046 694 2060 ²
718 2044 844 2079 Qum-To
868 2044 977 2073 Nonas
1001 2045 1106 2075 Jonas
1120 2045 1134 2081 ]
1150 2044 1209 2074 Die
1222 2045 1312 2076 tertia
1351 2046 1488 2077 imitatus
1508 2047 1548 2077 est
1563 2046 1713 2082 Livium,
1736 2047 1838 2077 XXVI
1853 2068 1862 2082 ,
1887 2057 1934 2084 ¹9·
1953 2046 2018 2076 Fuit

643 2080 728 2110 Julii.
753 2082 841 2111 Haud
865 2083 1069 2120 probabiliter
1096 2083 1261 2114 Suetonius
1279 2084 1312 2114 in
1351 2087 1422 2115 enim
1441 2085 1534 2122 Scipio
1548 2109 1555 2119 ‚
1577 2096 1631 2115 non
1649 2087 1723 2115 veris
1744 2087 1851 2114 rantum
1869 2086 2017 2116 virtutibus

642 2120 761 2158 Vespas.
776 2120 972 2151 VLJudaicus
984 2122 1080 2151 deinde
1091 2123 1227 2151 exercitus
1236 2123 1311 2162 quin-
1351 2124 1503 2162 mirabilis,
1516 2123 1565 2163 βά
1585 2134 1645 2154 arte
1666 2135 1764 2164 quoque
1779 2124 1893 2163 quddam
1916 2125 1949 2154 ab
1970 2127 2017 2164 ju-

643 2168 670 2187 ro
691 2158 757 2188 Idus
775 2158 845 2188 Julii
859 2184 867 2197 ,
891 2161 941 2191 die
954 2161 1120 2192 undecima
1135 2162 1227 2195 Julii,
1241 2163 1312 2200 apud
1350 2165 1432 2194 vermi
1451 2165 1480 2193 in
1499 2163 1699 2203 ostemationem
1720 2175 1812 2193 earum
1834 2164 1999 2204 compcfitus.

642 2198 725 2237 ipfitm
744 2199 852 2236 juravit
1390 2205 1403 2223 ⁶
1424 2205 1591 2235 Srmmssn
1613 2205 1795 2234 νιτειιιυΜ
1812 2208 1821 2238 ]
1840 2205 1952 2234 Eadem
1966 2204 2017 2235 ha<

684 2243 693 2263 3
718 2238 835 2267 TANTAE
870 2250 1096 2270 MULTITUDINIS
1129 2241 1144 2277 ]
1183 2241 1310 2278 Verius,
1350 2244 1405 2273 bet
1435 2243 1601 2273 Suetonius
1627 2242 1660 2272 in
1694 2243 1811 2282 Vespas.
1840 2244 1891 2273 VI.
1922 2243 2018 2274 Addit

642 2285 730 2305 mnrae
754 2278 923 2308 mumtif-nzs.
938 2280 1016 2309 Vide
1037 2280 1134 2309 Notas
1153 2280 1187 2310 &
1201 2281 1312 2311 Emen-
1351 2291 1511 2320 praeterea:
1536 2281 1687 2311 Plurimam
1706 2283 1801 2318 σαφής
1825 2281 2015 2317 contulerunt,

643 2316 786 2346 dationes
809 2318 846 2346 ad
864 2318 936 2347 Hist.
953 2320 978 2347 11
994 2342 1002 2354 ,
1025 2321 1075 2348 30.
1346 2321 1478 2360 jaflatum
1500 2321 1637 2358 exemplar
1654 2321 1783 2358 epistola»,
1806 2331 1877 2350 verce
1886 2320 1948 2360 five
1957 2320 2016 2358 fal-

680 2360 695 2378 4
719 2358 872 2393 Amci's]
895 2357 1036 2393 Acceptis
1060 2357 1141 2395 prius
1167 2368 1184 2388 a
1199 2358 1312 2397 Vespa-
1342 2362 1402 2399 ste,
1422 2360 1538 2397 defurzc‘li
1555 2360 1673 2389 Othonis
1690 2359 1726 2388 ad
1748 2360 2016 2399 Vefirastanmn‚ex-

640 2393 724 2425 liano
749 2395 844 2425 literis
857 2419 865 2431 ‚
887 2397 960 2426 teste
975 2397 1128 2435 josepho,
1145 2398 1221 2427 Bell.
1241 2399 1310 2428 Jud.
1350 2401 1435 2429 zremd
1452 2399 1623 2436 obtestatione
1640 2399 1765 2428 ultionem
1786 2398 1965 2439 mandantis,
1986 2399 2018 2434 &f

640 2434 683 2465 lv
691 2457 702 2473 ,
728 2445 776 2465 ιο.
791 2434 862 2466 Alia
873 2436 906 2469 ὃς
920 2446 937 2467 a
949 2435 1062 2467 Tacito
1083 2436 1202 2469 diversa
1217 2436 1312 2470 habet
1350 2448 1379 2469 ut
1400 2438 1721 2480 reipublicaeficbveniret
1730 2462 1741 2479 ‚
1756 2439 1887 2476 optantis.

2051 856 2100 883 10

2045 1485 2101 1513 20

2047 1799 2099 1840 ²5
