2209 3047
603 199 692 237 410
787 182 1009 223 NOTAE
1057 178 1144 220 ΕΤ
1187 177 1788 223 EMENDATIONES

604 263 665 305 85.
690 259 733 293 In
754 257 907 293 nummis
933 256 1093 293 Gallieni
1115 260 1149 294 &
1170 256 1322 293 Carausii
1338 284 1347 300 ,
1373 255 1471 292 LEG
1488 256 1560 293 VII
1580 255 1653 292 CL.
1670 255 1805 293 Dionis
1824 267 1986 309 tempore

601 308 668 344 fuit
692 308 730 342 in
755 307 883 343 Moefia
908 306 1100 355 superiore.
1125 307 1202 342 Dio
1219 335 1227 349 ,
1256 307 1329 342 loc.
1355 306 1415 342 cit.

654 356 810 393 LEGIO
841 356 1057 393 SEPTIMA
1089 355 1351 393 GALBIANA
1370 383 1379 399 ,
1402 356 1440 391 in
1465 355 1665 393 Pannonia.
1679 355 1799 392 Tacit.
1815 355 1908 395 Hist.
1923 359 1962 396 ΙΙ
1977 387 1987 404 ,

604 407 666 444 86.
688 406 821 442 Dionis
837 417 940 443 aetate
964 406 1032 443 fuit
1058 407 1094 442 in
1116 406 1304 454 Hispania.
1329 406 1404 443 Dio
1423 434 1432 449 ‚
1459 406 1533 443 loc.
1561 406 1622 442 cit.

654 456 811 493 LEGIO
841 457 1054 493 OCTAVA
1082 484 1091 499 ‚
1126 456 1164 491 in
1191 456 1328 492 Moesia.
1354 456 1474 492 Tacit.
1508 455 1601 493 Hist.
1624 456 1688 499 II,
1733 458 1794 504 85.
1833 456 1950 493 Dioni
1978 483 1988 500 ,

600 505 675 543 loc.
701 506 761 543 cit.
787 517 1004 543 memoratur
1031 509 1111 555 legio
1137 507 1249 541 offam
1281 507 1452 556 Augusta,
1482 509 1514 541 in
1545 506 1721 541 Germanici
1741 507 1915 553 superiore.
1944 507 1988 543 In

602 557 756 593 nummis
772 556 953 601 Gallieni,
971 556 1066 593 LEG
1093 556 1185 591 VIII
1211 556 1327 595 AVG.
1349 557 1391 594 In
1420 557 1574 593 nummis
1591 555 1749 593 Caraufii
1774 555 1872 592 LEG
1894 556 1987 593 VIII

603 606 706 643 INV.
734 606 771 642 id
796 606 844 643 est
866 609 947 653 legio
972 609 1084 642 offlam
1111 607 1242 642 ιἠνίἑῖα.

658 656 816 693 LEGIO
846 656 992 693 NONA
1011 683 1021 698 ‚
1048 656 1084 691 in
1105 656 1301 694 Britannia.
1319 656 1437 694 Tacit.
1454 656 1548 693 Hist.
1567 657 1650 699 ΙΙΙ,
1680 669 1742 694 22.
1762 655 1871 705 Apud
1891 655 1986 692 Dio-

605 719 689 743 nem
707 706 808 742 nulla
826 706 870 743 de
894 707 936 742 ea
953 705 1102 742 mentio.
1122 706 1171 741 At
1187 706 1225 741 in
1248 706 1401 742 nummis
1415 707 1592 750 Gallieni,
1608 707 1706 743 LEG
1733 707 1845 742 VIIII
1869 707 1984 742 AVG.

604 756 643 792 id
662 755 708 793 est
732 758 812 805 legio
839 769 922 791 nona
943 756 1122 803 Augusta3
1150 755 1195 792 Et
1222 756 1260 791 in
1284 769 1433 793 nummo
1457 756 1633 803 Carausii,
1656 756 1754 793 LEG
1772 757 1884 792 VIIII
1906 755 1986 793 GE.

601 806 642 841 id
668 805 716 842 est
740 808 819 853 legio
843 819 926 841 nona
953 806 1099 841 Gemina.
1126 805 1199 842 Cur
1227 806 1389 855 legiones
1415 806 1617 843 dicerentur
1642 807 1783 842 Geminae
1804 818 1890 842 mox
1920 819 1986 842 ex-

602 855 807 906 plicabitur.
833 854 927 891 Vide
950 857 1101 903 legionem
1126 860 1408 892 tertiamdecimam
1434 860 1606 904 geminam.

657 904 810 941 LEGIO
840 904 1062 949 DECIMA,
1094 906 1131 940 in
1163 905 1352 955 Hispania.
1384 906 1502 942 Tacit.
1527 906 1620 942 Hist.
1647 906 1710 949 ΙΙ,
1744 907 1802 954 ς8.
1832 908 1867 941 &
1902 905 1987 949 III,

602 968 666 1003 44.
694 956 783 991 Duce
805 954 903 991 fuere
924 955 1087 1004 legiones
1111 955 1271 992 decimae.
1296 955 1414 992 AEtate
1434 956 1569 993 Dionis
1591 968 1664 992 una
1686 967 1761 992 erat
1783 955 1821 990 in
1843 953 1988 991 Panno-

601 1006 665 1042 nia
684 1003 888 1053 superiore,
915 1004 1024 1041 altera
1049 1005 1087 1039 in
1116 1004 1249 1041 Judaea.
1274 1006 1364 1051 Quae
1397 1018 1472 1041 erat
1505 1006 1544 1041 in
1579 1005 1769 1041 Pannonia
1802 1004 1986 1041 dicebatur

602 1057 749 1090 Gemina.
775 1059 812 1090 Οἱ
834 1054 985 1104 &nol-refu
998 1083 1007 1096 ‚
1023 1059 1093 1091 οἵτε
1113 1061 1138 1091 ἓν
1157 1058 1195 1102 τῇ
1209 1060 1353 1099 Παιίὀνίᾳ
1366 1059 1404 1101 ’7-ξῖ
1414 1056 1472 1091 αἶνω
1487 1083 1496 1097 ,
1513 1061 1538 1092 οἱ
1553 1060 1682 1100 Alabum
1694 1083 1704 1097 ,
1730 1055 1757 1092 (ὲ
1773 1059 1798 1091 ω’
1810 1061 1835 1090 ἐν
1851 1058 1986 1099 sesain}-

602 1104 703 1147 Dio,
726 1104 798 1140 loc.
824 1103 884 1140 cit.
907 1104 1005 1140 Male
1028 1104 1136 1141 vertit
1159 1105 1308 1141 Latinus
1339 1105 1474 1141 Dionis
1502 1105 1699 1153 interpres,
1726 1104 1826 1154 legio
1864 1105 1985 1140 decima

600 1154 1147 1240 ..ffffifgfflffigffimgf
1856 1205 1890 1240 ἃ
1913 1203 1972 1253 A.

597 1253 789 1303 pendicem
813 1253 860 1288 ad
883 1253 1010 1289 librum
1035 1253 1079 1289 V.
1107 1254 1296 1290 Historias.
1321 1267 1399 1303 cap.
1422 1267 1486 1303 43.

646 1303 801 1339 LEGIO
830 1303 1106 1340 UNDECIMA
1129 1332 1138 1348 ,
1170 1304 1206 1340 in
1226 1305 1418 1341 Dalmatia.
1442 1305 1562 1341 Tacit.
1589 1303 1682 1341 Hist.
1706 1305 1768 1348 ΙΙ,
1793 1316 1835 1340 11
1859 1306 1894 1340 δε
1924 1303 1985 1341 86.

596 1352 656 1389 III
672 1381 680 1396 ,
714 1365 773 1402 50.
798 1353 913 1402 Legio
939 1353 1000 1388 illa
1027 1354 1287 1403 cognominata
1312 1354 1359 1391 est
1384 1356 1566 1390 Claudiana
1582 1382 1591 1397 ,
1614 1358 1648 1391 δε
1669 1354 1803 1391 Dionis
1821 1365 1985 1402 tempore

595 1402 665 1438 fuit
689 1402 726 1438 in
753 1402 877 1439 Moesia
904 1403 1085 1440 inferiore.
1112 1404 1307 1453 Septimam
1331 1415 1450 1440 autem
1474 1407 1507 1440 &
1529 1403 1757 1440 undecimam
1781 1403 1944 1452 legiones
1965 1415 1985 1438 a

598 1452 756 1488 Claudio
776 1465 999 1502 nuncupatas
1024 1453 1123 1490 fuisse
1144 1455 1360 1498 Claudianus,
1381 1454 1479 1503 quod
1498 1454 1536 1490 in
1559 1452 1703 1490 Camilli
1723 1453 1902 1490 seditione
1924 1451 1987 1487 ad-

597 1504 720 1538 versus
744 1503 937 1539 Claudium
961 1516 1038 1539 non
1056 1504 1303 1547 rebellassent,
1326 1504 1434 1540 docet
1453 1504 1530 1540 Dio
1547 1529 1557 1545 ,
1585 1503 1658 1539 loc.
1685 1503 1746 1539 cit.
1768 1503 1811 1538 In
1832 1501 1985 1537 nummis

598 1552 779 1596 Gallieni,
795 1553 892 1589 LEG
916 1553 965 1588 XI
993 1552 1066 1589 CL.
1083 1553 1122 1588 id
1145 1553 1193 1590 est
1218 1556 1298 1603 legio
1326 1555 1488 1589 undecima
1513 1554 1707 1589 Claudiana.

650 1601 803 1638 LEGIO
829 1602 1148 1639 DUODECIMA
1173 1632 1182 1648 ,
1212 1603 1250 1639 in
1276 1603 1387 1653 Syria.
1414 1603 1534 1640 Tacit.
1560 1601 1653 1639 Hist.
1681 1601 1739 1645 V,
1772 1611 1804 1637 1.
1832 1599 1950 1637 Dioni
1972 1626 1984 1644 ,

595 1651 670 1688 loc.
697 1651 756 1687 cit.
783 1654 864 1701 legio
898 1653 1101 1696 duodecima,
1131 1657 1164 1689 in
1191 1653 1639 1702 Cappadocid‚fulrnin1fera
1657 1680 1666 1695 ,
1692 1656 1726 1687 τὸ
1752 1655 1919 1686 δωδέκατον
1949 1654 1984 1686 τὸ

599 1709 624 1737 ἐν
646 1707 855 1747 Καππαδοκίᾳ
869 1731 878 1744 ,
902 1707 935 1738 τὸ
961 1708 1174 1752 Κεραυιιοῳέρον.
1198 1703 1371 1752 Legionis
1390 1703 1537 1752 hujusce
1559 1702 1786 1738 duodecimae
1803 1699 1985 1736 Fulmina-

596 1751 694 1786 tricis
714 1752 919 1800 percelebre
941 1751 1008 1788 fuit
1032 1765 1186 1795 nomen,
1211 1750 1379 1802 Principe
1400 1754 1452 1790 M.
1472 1753 1624 1790 Aurelio
1645 1749 1811 1787 adversus
1831 1749 1985 1795 Quados

598 1813 792 1850 pugnante.
820 1802 863 1838 Id
888 1813 1006 1838 tamen
1034 1802 1191 1839 nominis
1213 1805 1296 1840 ante
1321 1815 1395 1840 erat
1420 1806 1544 1847 nasta,
1571 1813 1612 1839 ut
1644 1812 1742 1850 patet
1757 1829 1767 1844 ,
1804 1813 1847 1836 ex
1870 1799 1984 1836 veteri

597 1852 838 1900 Inscriptione
854 1880 864 1895 ,
893 1851 1024 1889 Nervae
1049 1855 1083 1889 &
1109 1854 1255 1900 Traiani
1282 1854 1506 1903 temporibus
1530 1851 1698 1902 suppari,
1724 1849 1820 1900 apud
1849 1851 1983 1885 Grute-

598 1912 694 1942 rum,
724 1914 805 1951 pag.
833 1914 959 1938 cxcni.
984 1915 1090 1938 num.
1109 1917 1141 1952 3.
1166 1902 1272 1940 LEG.
1297 1904 1378 1939 XII.
1406 1904 1554 1940 FVLM.
1578 1901 1740 1938 Inditum
1770 1899 1913 1937 videtur
1935 1898 1983 1934 il-

596 1949 660 1985 lud
685 1963 816 1988 nomen
841 1965 883 1988 ex
917 1952 1125 1988 fulminibus
1149 1980 1159 1996 ,
1191 1966 1270 2003 quoe
1289 1953 1416 1990 habuit
1446 1953 1540 1990 inter
1568 1952 1730 2001 insignia.
1769 1950 1813 1986 In
1837 1948 1983 1986 Notitia

595 1999 742 2048 Imperii
776 2001 906 2037 dicitur
928 2015 1073 2052 quoque
1099 2004 1180 2049 legio
1206 2004 1389 2039 duodecima
1418 2005 1586 2038 Fulminea
1616 2003 1785 2037 Melitena.
1818 1999 1981 2045 Quando

596 2050 694 2086 miffa
715 2050 820 2087 fuerit
835 2052 1032 2090 Melitenen
1058 2052 1210 2089 diximus
1226 2053 1264 2090 in
1286 2052 1505 2102 Appendice
1539 2052 1585 2089 ad
1608 2051 1738 2089 librum
1765 2049 1810 2086 V.
1840 2047 1978 2086 Histor.

594 2112 637 2136 ca
667 2129 673 2136 .
701 2111 765 2146 43.

637 2113 796 2186 ΙΙᾸΞΟΙΟ
812 2151 1200 2189 TERTIADECIMA
1218 2152 1417 2190 GEMINA
1435 2181 1446 2197 ,
1475 2153 1512 2188 in
1530 2151 1730 2188 Pannonia.
1749 2148 1868 2185 Tacit.
1886 2147 1980 2186 Hist.

594 2197 659 2243 ΙΙ,
693 2200 752 2236 86.
778 2203 810 2236 ὃς
832 2201 910 2245 ΙΙΙ,
938 2215 974 2249 7.
999 2203 1053 2238 Ita
1075 2216 1221 2253 quoque
1243 2202 1342 2239 illam
1363 2202 1529 2240 nominat
1552 2202 1641 2238 Dio.
1666 2203 1719 2237 At
1741 2201 1815 2248 ejus
1837 2209 1978 2246 tempo-

592 2261 630 2285 re
654 2249 722 2286 fuit
740 2249 776 2284 in
804 2249 931 2286 Dacia.
960 2253 1095 2287 Gemina
1121 2253 1307 2289 dicebatur
1323 2281 1332 2296 ,
1363 2253 1446 2303 quia
1469 2266 1513 2289 ex
1531 2252 1668 2288 duabus
1686 2248 1889 2299 legionibus
1906 2258 1978 2283 una

590 2298 828 2337 fueratfaRa.
851 2299 903 2336 Ex
931 2300 1095 2338 admixtis
1118 2303 1213 2339 enim
1239 2303 1444 2352 legionibus
1471 2302 1635 2340 Geminae
1665 2297 1975 2347 nuncupabantur.

590 2350 638 2402 Τιιῖ
665 2355 696 2384 δέ
724 2354 748 2399 »ᾗ
782 2356 927 2398 ἑτέροις..
944 2378 972 2386 ..
1006 2356 1175 2397 αἰέμὶχθκ,
1205 2357 1258 2396 εἶφ’
1281 2354 1353 2402 ἕπερ
1387 2359 1411 2402 a)
1446 2358 1569 2396 Δίδυμσι
1592 2355 1788 2395 (ὄνομα-μένα
1814 2352 1977 2401 νενόμζςαιιι..

590 2397 666 2434 Dio
684 2427 694 2443 ,
718 2398 792 2437 loc.
817 2399 876 2437 cit.
905 2399 963 2437 Sic
992 2402 1210 2451 Pompeius,
1237 2401 1334 2452 apud
1365 2401 1498 2439 Julium
1530 2400 1730 2444 Caesarem,
1756 2397 1846 2436 Bell.
1875 2395 1974 2433 c1v1l-
